{"host":"djfsqftupta9xgss","time":1612951683,"event":{"mods":["ATMod(°¢èªMod)","Act Like it!","BaseMod","Gensokyo","Minty Spire (QoL Compilation)","MostiFishMod","Replay The Spire","Spicy Shops","StSLib","TestMod"],"gold_per_floor":[110,110,3,310,324,324,324,324,324,556,596,596,596,749,749,851,851,894,958,1235,1296,1296,1348,1348,1450,1450,1487,1646,1715,1045,1045,1045,1277,1277,1565,1565,266,653,1329,1329,1329,1421,1448,1848,1848,1250,1602,2126,2126,2586,2811,2811,2811,221,503,628],"floor_reached":57,"language":"ZHS","playtime":2790,"items_purged":["Strike_G","Strike_G","Defend_G"],"score":3314,"play_id":"88651916-cef6-4fae-954e-dcc7d7f06436","local_time":"20210210180803","is_ascension_mode":true,"campfire_choices":[{"floor":6.0,"key":"REST"},{"floor":8.0,"key":"REST"},{"floor":15.0,"key":"REST"},{"floor":32,"key":"RECALL"},{"data":"Strike_G","floor":40,"key":"PURGE"},{"data":"Defend_G","floor":45,"key":"PURGE"},{"data":"Defend_G","floor":49,"key":"PURGE"},{"data":"Defend_G","floor":53,"key":"PURGE"}],"circlet_count":0,"master_deck":["AscendersBane","Defend_G","Survivor","Neutralize+1","Eviscerate","Acrobatics","AT_KneejerkReflex","Acrobatics+1","Concentrate","Reflex","AT_ArcaneSupremacy","Gensokyo:MonkeysPaw","AT_KingSlayer+1","AT_FocusSwordFire","MostiFishMod:Confrontation+1","MostiFishMod:Dislodge+1","MostiFishMod:Opportunism+1"],"relics":["DaveBox","testmod-TestBox","testmod-FatalChain","The Courier","RhineCircuit","SynthV:TestCard","Gensokyo:OccultBall","AT_MibuBalloonWealth","testmod-Brilliant","Strawberry","Replay:Accelerometer","BloodWine","Mirror","Mummified Hand","Unceasing Top","AT_TheCollector","Blue Candle","Civilization","Ying","testmod-NegativeEmotionEnhancer","Gremlin Food","Ice Cream","Lee\u0027s Waffle","Shuriken","Medical Kit","Chameleon Ring","testmod-CrystalShield","AT_PhaseBoots","Peace Pipe","Whetstone","MetatronsCube","BrkXgEgg","SynthV","Iron Hammer","testmod-BouquetWithThorns","Sundial","ThornShield","AT_BladeRuinedKing","Torii","TheAbacus","testmod-RainbowHikingShoes","AT_SilvercatRing","testmod-RealStoneCalender","Replay:Ringing Soul","Gremlin Horn","Mercury Hourglass","AT_Kusabimaru"],"acts_visited":["Exordium","Gensokyo:Gensokyo","Gensokyo:Gensokyoer","TheEnding"],"potions_floor_usage":[23,28,33,50,50,56],"damage_taken":[{"damage":0.0,"enemies":"Gensokyo:3_Fairies","floor":1.0,"turns":3.0},{"damage":46.0,"enemies":"Gensokyo:2_Kodama","floor":4.0,"turns":5.0},{"damage":3.0,"enemies":"Gensokyo:Python","floor":5.0,"turns":5.0},{"damage":15.0,"enemies":"Gensokyo:Aya","floor":10.0,"turns":5.0},{"damage":0.0,"enemies":"Gensokyo:VengefulSpirit","floor":11.0,"turns":5.0},{"damage":0.0,"enemies":"Gensokyo:Cirno","floor":14.0,"turns":4.0},{"damage":25.0,"enemies":"Gensokyo:Yukari","floor":16.0,"turns":7.0},{"damage":7.0,"enemies":"Gensokyo:Chomper","floor":18.0,"turns":4.0},{"damage":0.0,"enemies":"Gensokyo:2_Gloops","floor":19.0,"turns":1.0},{"damage":37.0,"enemies":"Gensokyo:Wraith","floor":20.0,"turns":5.0},{"damage":0.0,"enemies":"Gensokyo:Slime_Group","floor":21.0,"turns":1.0},{"damage":0,"enemies":"Gensokyo:Koishi","floor":23,"turns":5},{"damage":0,"enemies":"Gensokyo:Reisen","floor":25,"turns":1},{"damage":0,"enemies":"Gensokyo:Swordslinger","floor":27,"turns":3},{"damage":4,"enemies":"Gensokyo:Koishi","floor":28,"turns":3},{"damage":0,"enemies":"Gensokyo:Monolith_and_Dog","floor":29,"turns":1},{"damage":13,"enemies":"Gensokyo:Kaguya","floor":33,"turns":10},{"damage":33,"enemies":"Gensokyo:AncientGuardian","floor":35,"turns":4},{"damage":3,"enemies":"Gensokyo:3_Bats","floor":38,"turns":1},{"damage":45,"enemies":"Gensokyo:Rafflesia","floor":39,"turns":2},{"damage":0,"enemies":"Gensokyo:3_Boulders","floor":42,"turns":1},{"damage":29,"enemies":"Gensokyo:Dusk_and_Dawn","floor":47,"turns":2},{"damage":18,"enemies":"Gensokyo:AtlasGolem","floor":48,"turns":4},{"damage":1,"enemies":"Gensokyo:Shinki","floor":50,"turns":3},{"damage":0,"enemies":"Gensokyo:Yuyuko","floor":51,"turns":1},{"damage":0,"enemies":"Shield and Spear","floor":55,"turns":1},{"damage":1,"enemies":"The Heart","floor":56,"turns":4}],"seed_played":"8507352347073690553","potions_obtained":[{"floor":10.0,"key":"CunningPotion"},{"floor":14.0,"key":"BlessingOfTheForge"},{"floor":18.0,"key":"LiquidMemories"},{"floor":21.0,"key":"CultistPotion"},{"floor":29,"key":"LifebloodPotion"},{"floor":38,"key":"FearPotion"},{"floor":42,"key":"SkillPotion"}],"is_trial":false,"path_per_floor":["M","?","COS","M","M","R","?","R","T","E","M","?","?","E","R","B",null,"M","M","M","M","?","E","T","E","T","M","E","M","COS","?","R","B",null,"M","?","$","M","M","R","?","M","T","?","R","COS","M","M","R","B","B",null,"R","$","E","B",null],"character_chosen":"THE_SILENT","items_purchased":["Ice Cream","Lee\u0027s Waffle","Shuriken","Medical Kit","Chameleon Ring","testmod-CrystalShield","AT_SpeedBoots","Iron Hammer","testmod-BouquetWithThorns","Sundial","ThornShield","AT_BladeRuinedKing","Torii","TheAbacus","testmod-RainbowHikingShoes","AT_SilvercatRing","testmod-RealStoneCalender","Replay:Ringing Soul","Gremlin Horn"],"campfire_rested":3,"item_purchase_floors":[37,37,37,37,37,37,37,54,54,54,54,54,54,54,54,54,54,54,54],"current_hp_per_floor":[59,59,59,13,10,29,13,32,32,17,17,17,10,10,31,6,56,49,49,26,26,26,26,26,26,26,26,22,22,22,22,22,18,59,29,29,82,87,49,49,49,58,58,58,58,58,37,26,26,33,33,101,101,101,112,118],"gold":628,"neow_bonus":"BOSS_RELIC","is_daily":false,"chose_seed":false,"campfire_upgraded":0,"win_rate":0.0,"timestamp":1612951683,"path_taken":["M","?","COS","M","?","R","?","R","T","E","?","?","?","E","R","BOSS","M","M","?","M","?","E","?","E","T","M","E","M","COS","?","R","BOSS","M","?","$","?","M","R","?","M","T","?","R","COS","M","M","R","BOSS","BOSS","R","$","E","BOSS"],"items_purchased_type":["Relic","Relic","Relic","Relic","Relic","Relic","Relic","Relic","Relic","Relic","Relic","Relic","Relic","Relic","Relic","Relic","Relic","Relic","Relic"],"build_version":"2020-12-22","purchased_purges":3,"victory":true,"max_hp_per_floor":[66,66,66,66,66,66,66,66,66,66,66,66,73,73,73,73,73,73,73,73,73,73,73,73,73,73,73,73,73,73,73,73,73,73,75,75,82,87,93,93,93,99,99,99,99,99,105,111,111,117,123,123,123,123,132,138],"card_choices":[{"not_picked":["MostiFishMod:PerfectParry","AT_WindFlip","Prepared"],"picked":"SKIP","floor":1.0},{"not_picked":["Dodge and Roll","Poisoned Stab","AT_WindRun","PiercingWail","AT_WindFlip"],"picked":"SKIP","floor":4.0},{"not_picked":["Prepared","AT_ShadowStep","Outmaneuver","Bane"],"picked":"Eviscerate","floor":5.0},{"not_picked":["MostiFishMod:PreservedThorns","MostiFishMod:ThornCasing","AT_WomanClash","Leg Sweep","Sucker Punch"],"picked":"SKIP","floor":10.0},{"not_picked":["MostiFishMod:WinterMarkForm","Dagger Spray","Bane","Expertise"],"picked":"Acrobatics","floor":11.0},{"not_picked":["Prepared","Crippling Poison","MostiFishMod:SpreadingSpore","Acrobatics"],"picked":"AT_KneejerkReflex","floor":14.0},{"not_picked":["After Image","Venomology","AT_EssenceShift","AT_MyraUnstableElement"],"picked":"MostiFishMod:FullyArmed","floor":16.0},{"not_picked":["Noxious Fumes","Dodge and Roll","Cloak And Dagger","Poisoned Stab","Quick Slash"],"picked":"SKIP","floor":18.0},{"not_picked":["Dodge and Roll","Flying Knee","Deadly Poison","Dagger Spray","Burst"],"picked":"SKIP","floor":19.0},{"not_picked":["Caltrops","AT_WindFlip","Outmaneuver","Infinite Blades","Masterful Stab"],"picked":"SKIP","floor":20.0},{"not_picked":["Dagger Spray","Caltrops","Bane","Quick Slash"],"picked":"Acrobatics","floor":21.0},{"not_picked":["Dagger Throw","Bane","Backflip","Dash","Finisher"],"picked":"SKIP","floor":23},{"not_picked":["MostiFishMod:VineMother","AT_WindFlip","Sucker Punch","Slice"],"picked":"Concentrate","floor":25},{"not_picked":["Caltrops","Deadly Poison+1","Corpse Explosion","Sucker Punch"],"picked":"Reflex","floor":27},{"not_picked":["Deflect","Bane","Acrobatics","AT_ThistleTea","MostiFishMod:Wind"],"picked":"SKIP","floor":28},{"not_picked":["Choke+1","AT_TinkerSharpsword","Terror","Dagger Throw"],"picked":"AT_ArcaneSupremacy","floor":29},{"not_picked":["MostiFishMod:HiddenBlade","Envenom","MostiFishMod:SpreadingSpore","MostiFishMod:WinterMarkForm"],"picked":"AT_KingSlayer","floor":33},{"not_picked":["MostiFishMod:VineMother+1","Deadly Poison+1","Deflect","Slice"],"picked":"AT_FocusSwordFire","floor":35},{"not_picked":["MostiFishMod:VineMother","PiercingWail+1","AT_ShadowStep","Quick Slash"],"picked":"MostiFishMod:Confrontation","floor":38},{"not_picked":["Flying Knee","Dagger Spray+1","PiercingWail+1","Riddle With Holes","Sucker Punch"],"picked":"SKIP","floor":39},{"not_picked":["Concentrate+1","AT_WomanClash","Prepared","Outmaneuver","Acrobatics+1"],"picked":"SKIP","floor":42},{"not_picked":["Backflip","Deflect","Acrobatics","Poisoned Stab+1"],"picked":"MostiFishMod:Dislodge+1","floor":47},{"not_picked":["Crippling Poison","Prepared","Slice","AT_ShadowStep","Deadly Poison+1"],"picked":"SKIP","floor":48},{"not_picked":["Predator+1","Underhanded Strike+1","Dagger Throw","Accuracy"],"picked":"MostiFishMod:Opportunism+1","floor":55}],"player_experience":387309,"relics_obtained":[{"floor":1.0,"key":"SynthV:TestCard"},{"floor":10.0,"key":"AT_MibuBalloonWealth"},{"floor":14.0,"key":"Replay:Accelerometer"},{"floor":16.0,"key":"Gensokyo:OccultBall"},{"floor":23,"key":"Mirror"},{"floor":24,"key":"Mummified Hand"},{"floor":25,"key":"Unceasing Top"},{"floor":26,"key":"AT_TheCollector"},{"floor":28,"key":"Blue Candle"},{"floor":33,"key":"Gensokyo:OccultBall"},{"floor":43,"key":"Whetstone"},{"floor":48,"key":"Gensokyo:OccultBall"},{"floor":55,"key":"AT_Kusabimaru"}],"event_choices":[{"damage_healed":0,"gold_gain":400,"player_choice":"Sell","damage_taken":0,"max_hp_gain":0,"max_hp_loss":0,"event_name":"¶÷ÂåË¹µÄÅÌ×Ó","floor":44,"relics_lost":["AT_ATBox"],"gold_loss":0}],"is_beta":false,"boss_relics":[{"not_picked":["Transparent","Snecko Scales"],"picked":"BloodWine"},{"not_picked":["Calling Bell","ReplayTheSpireMod:DimensionalGlitch"],"picked":"testmod-NegativeEmotionEnhancer"}],"items_purged_floors":[37,37,54],"is_endless":false,"potions_floor_spawned":[10,14,18,21,29,38,42,48],"ascension_level":20}}