{"host":"nn0usk9aafse27ii","time":1612918365,"event":{"mods":["BaseMod","Colored Map","Highlight Path","Minty Spire (QoL Compilation)","Shop Mod","StSLib"],"gold_per_floor":[111,111,121,133,144,144,157,183,257,291,43,43,71,71,71,171,171,188,203,219,229,229,259,259,287,287,287,305,305,26,52,52,153,153,173,173,173,173,184,210,7,7,7,7,34,34,53,83,83,83],"floor_reached":51,"language":"ENG","playtime":4121,"items_purged":["Strike_G+1"],"score":1111,"play_id":"c6738b4a-378e-41c2-85d5-21736fd524c7","local_time":"20210209165245","daily_mods":["Allstar","Red Cards","Elite Swarm"],"is_ascension_mode":false,"campfire_choices":[{"data":"Forethought","floor":6,"key":"SMITH"},{"data":"After Image","floor":12,"key":"SMITH"},{"data":"Strike_G","floor":15,"key":"PURGE"},{"data":"Envenom","floor":24,"key":"SMITH"},{"data":"Brutality","floor":29,"key":"SMITH"},{"data":"After Image","floor":32,"key":"SMITH"},{"data":"Strike_G+1","floor":42,"key":"PURGE"},{"data":"Strike_G+1","floor":44,"key":"PURGE"},{"data":"Bloodletting+1","floor":46,"key":"PURGE"},{"data":"Brutality+1","floor":49,"key":"PURGE"}],"circlet_count":0,"master_deck":["Defend_G+1","Defend_G+1","Defend_G+1","Defend_G+1","Defend_G+1","Survivor+1","Neutralize+1","Thinking Ahead+1","Panacea+1","Good Instincts+1","Forethought+1","Acrobatics+1","Poisoned Stab+1","Finisher+1","Battle Trance+1","Ghostly Armor+1","Juggernaut+1","After Image+1","Feed+1","Dagger Spray+1","Feel No Pain+1","Envenom+1","Feed+1","After Image+1","Adrenaline+1","Accuracy+1","Impervious+1","Juggernaut+1"],"relics":["Ring of the Snake","HornCleat","Peace Pipe","Meat on the Bone","Bag of Marbles","Mercury Hourglass","Lizard Tail","SlaversCollar","PreservedInsect","Toxic Egg 2","Blue Candle","Letter Opener","Medical Kit","Frozen Egg 2","Runic Pyramid","Mark of the Bloom","Singing Bowl","Ninja Scroll","Orichalcum","Tingsha"],"acts_visited":["Exordium","TheCity","TheBeyond"],"potions_floor_usage":[10,10,16,21,25,33,40,50,50,50],"damage_taken":[{"damage":0,"enemies":"Small Slimes","floor":1,"turns":4},{"damage":3,"enemies":"Jaw Worm","floor":3,"turns":7},{"damage":0,"enemies":"2 Louse","floor":4,"turns":3},{"damage":2,"enemies":"Large Slime","floor":5,"turns":10},{"damage":9,"enemies":"3 Louse","floor":7,"turns":3},{"damage":10,"enemies":"3 Sentries","floor":8,"turns":12},{"damage":9,"enemies":"Lagavulin","floor":10,"turns":7},{"damage":3,"enemies":"3 Sentries","floor":13,"turns":4},{"damage":0,"enemies":"The Guardian","floor":16,"turns":6},{"damage":1,"enemies":"Spheric Guardian","floor":18,"turns":3},{"damage":4,"enemies":"3 Byrds","floor":19,"turns":3},{"damage":4,"enemies":"Sentry and Sphere","floor":20,"turns":4},{"damage":7,"enemies":"Chosen and Byrds","floor":21,"turns":4},{"damage":5,"enemies":"Gremlin Leader","floor":23,"turns":6},{"damage":15,"enemies":"Book of Stabbing","floor":25,"turns":5},{"damage":3,"enemies":"Snecko","floor":28,"turns":4},{"damage":5,"enemies":"Gremlin Leader","floor":31,"turns":3},{"damage":15,"enemies":"Champ","floor":33,"turns":7},{"damage":2,"enemies":"Orb Walker","floor":35,"turns":3},{"damage":3,"enemies":"3 Shapes","floor":39,"turns":4},{"damage":6,"enemies":"Nemesis","floor":40,"turns":5},{"damage":0,"enemies":"Reptomancer","floor":45,"turns":3},{"damage":0,"enemies":"3 Darklings","floor":47,"turns":3},{"damage":0,"enemies":"Nemesis","floor":48,"turns":3},{"damage":0,"enemies":"Donu and Deca","floor":50,"turns":5}],"seed_played":"-2386263591789918715","potions_obtained":[{"floor":1,"key":"SkillPotion"},{"floor":4,"key":"Regen Potion"},{"floor":10,"key":"Energy Potion"},{"floor":13,"key":"SneckoOil"},{"floor":19,"key":"Fire Potion"},{"floor":20,"key":"DuplicationPotion"},{"floor":28,"key":"LiquidMemories"},{"floor":45,"key":"Swift Potion"}],"is_trial":true,"path_per_floor":["M","?","M","M","M","R","M","E","T","E","$","R","E","$","R","B",null,"M","M","M","M","?","E","R","E","T","T","M","R","$","E","R","B",null,"M","$","?","?","M","E","$","R","T","R","E","R","M","E","R","B",null],"character_chosen":"THE_SILENT","items_purchased":["Mercury Hourglass","After Image","Medical Kit","EssenceOfSteel","PowerPotion"],"campfire_rested":0,"item_purchase_floors":[11,30,30,41,41],"current_hp_per_floor":[70,70,67,67,65,65,56,46,46,52,52,52,49,49,49,52,73,72,68,64,57,57,55,55,43,43,43,40,40,40,47,47,47,82,80,80,80,80,77,71,71,71,71,71,71,71,71,71,71,71],"gold":83,"neow_bonus":"","is_daily":false,"chose_seed":false,"campfire_upgraded":5,"win_rate":0.0,"timestamp":1612918365,"path_taken":["M","?","?","M","M","R","?","E","T","E","?","R","E","$","R","BOSS","M","M","M","M","?","E","R","E","T","?","M","R","$","E","R","BOSS","M","?","?","?","M","E","$","R","T","R","E","R","M","E","R","BOSS"],"items_purchased_type":["Relic","Card","Relic","Potion","Potion"],"build_version":"2020-12-22","purchased_purges":1,"victory":true,"max_hp_per_floor":[70,70,70,70,70,70,70,70,70,70,70,70,70,70,70,73,73,73,73,73,73,73,76,76,79,79,79,79,79,79,79,79,82,82,82,82,82,82,90,94,94,94,94,94,96,96,102,102,102,102],"card_choices":[{"not_picked":["Twin Strike","Perfected Strike"],"picked":"Acrobatics","floor":1},{"not_picked":["Flying Knee","Sword Boomerang"],"picked":"Poisoned Stab","floor":3},{"not_picked":["Headbutt","Clash"],"picked":"Finisher","floor":4},{"not_picked":["Cloak And Dagger","Dodge and Roll"],"picked":"Battle Trance","floor":5},{"not_picked":["Predator","Burning Pact"],"picked":"Ghostly Armor","floor":7},{"not_picked":["Wraith Form v2","Glass Knife"],"picked":"Juggernaut","floor":8},{"not_picked":["Glass Knife","Offering"],"picked":"After Image","floor":10},{"not_picked":["Fiend Fire","Limit Break"],"picked":"Feed","floor":13},{"not_picked":["Storm of Steel","Exhume"],"picked":"Brutality","floor":16},{"not_picked":["Sword Boomerang","Sucker Punch","Perfected Strike+1"],"picked":"SKIP","floor":18},{"not_picked":["Blade Dance","Poisoned Stab+1"],"picked":"Dagger Spray+1","floor":19},{"not_picked":["Cloak And Dagger","Acrobatics+1"],"picked":"Feel No Pain","floor":20},{"not_picked":["Anger","Thunderclap","Bane"],"picked":"SKIP","floor":21},{"not_picked":["Fiend Fire","Barricade"],"picked":"Envenom","floor":23},{"not_picked":["A Thousand Cuts","Bullet Time+1"],"picked":"Feed","floor":25},{"not_picked":["True Grit+1","Clothesline+1"],"picked":"Bloodletting+1","floor":28},{"not_picked":["Reaper","Bullet Time+1"],"picked":"Adrenaline+1","floor":31},{"not_picked":["Sword Boomerang","Flame Barrier+1"],"picked":"Accuracy+1","floor":35},{"not_picked":["Acrobatics+1","Backflip+1","Reflex+1"],"picked":"SKIP","floor":39},{"not_picked":["Bullet Time+1","Corruption+1"],"picked":"Impervious+1","floor":40},{"not_picked":["Demon Form+1","Night Terror+1","Juggernaut+1"],"picked":"Singing Bowl","floor":45},{"not_picked":["Perfected Strike","Deadly Poison+1","Ghostly Armor+1"],"picked":"Singing Bowl","floor":47},{"not_picked":["Phantasmal Killer+1","Reaper"],"picked":"Juggernaut+1","floor":48}],"player_experience":494304,"relics_obtained":[{"floor":8,"key":"Peace Pipe"},{"floor":9,"key":"Meat on the Bone"},{"floor":10,"key":"Bag of Marbles"},{"floor":13,"key":"Lizard Tail"},{"floor":23,"key":"PreservedInsect"},{"floor":25,"key":"Toxic Egg 2"},{"floor":26,"key":"Blue Candle"},{"floor":27,"key":"Letter Opener"},{"floor":31,"key":"Frozen Egg 2"},{"floor":40,"key":"Singing Bowl"},{"floor":43,"key":"Ninja Scroll"},{"floor":45,"key":"Orichalcum"},{"floor":48,"key":"Tingsha"}],"event_choices":[{"cards_removed":["Forethought"],"damage_healed":0,"gold_gain":0,"player_choice":"Gave Card","damage_taken":0,"relics_obtained":["HornCleat"],"max_hp_gain":0,"max_hp_loss":0,"event_name":"WeMeetAgain","floor":2,"gold_loss":0},{"damage_healed":0,"gold_gain":0,"player_choice":"Ignored","damage_taken":0,"max_hp_gain":0,"max_hp_loss":0,"event_name":"Ghosts","floor":22,"gold_loss":0},{"damage_healed":0,"gold_gain":0,"player_choice":"Upgrade","damage_taken":0,"relics_obtained":["Mark of the Bloom"],"max_hp_gain":0,"max_hp_loss":0,"event_name":"MindBloom","floor":37,"gold_loss":0,"cards_upgraded":["Strike_G","Strike_G","Strike_G","Strike_G","Defend_G","Defend_G","Defend_G","Defend_G","Defend_G","Survivor","Neutralize","Thinking Ahead","Panacea","Good Instincts","Acrobatics","Poisoned Stab","Finisher","Battle Trance","Ghostly Armor","Juggernaut","Feed","Feel No Pain","Feed"]},{"cards_removed":["Strike_G"],"damage_healed":0,"gold_gain":0,"player_choice":"Removed Attack","damage_taken":0,"max_hp_gain":0,"max_hp_loss":0,"event_name":"Falling","floor":38,"gold_loss":0}],"is_beta":false,"boss_relics":[{"not_picked":["HoveringKite","Sozu"],"picked":"SlaversCollar"},{"not_picked":["Velvet Choker","Philosopher\u0027s Stone"],"picked":"Runic Pyramid"}],"items_purged_floors":[41],"is_endless":false,"potions_floor_spawned":[1,4,10,13,19,20,28,45],"ascension_level":0}}