{"host":"uv5ws9rdk87e8i5k","time":1612934595,"event":{"mods":["AchievementEnabler","BaseMod","Colored Map","Minty Spire (QoL Compilation)","Permanent Neow","Quick Restart","StSLib","SuperFastMode","The Necromancer"],"gold_per_floor":[110,110,125,138,152,186,199,232,232,263,280,296,296,307,307,407,407,427,83,182,182,197,227,227,227,277,303,319,229,246,281,281,380,380,397,35,48,99,99,99,127,127,127,162,162,73,73,102,102,102],"floor_reached":51,"language":"ENG","playtime":1361,"items_purged":["Strike_G","Strike_G","Defend_G"],"score":1007,"play_id":"a03f2ad0-3bd3-45cc-af0b-f29133f775b9","local_time":"20210209232315","is_ascension_mode":true,"campfire_choices":[{"data":"Wraith Form v2","floor":13.0,"key":"SMITH"},{"floor":15.0,"key":"REST"},{"data":"Corpse Explosion","floor":25.0,"key":"SMITH"},{"data":"Wraith Form v2","floor":32,"key":"SMITH"},{"data":"Catalyst","floor":40,"key":"SMITH"},{"data":"Catalyst","floor":45,"key":"SMITH"},{"data":"Defend_G","floor":47,"key":"PURGE"},{"floor":49,"key":"REST"}],"circlet_count":0,"master_deck":["Defend_G","Defend_G","Survivor","Neutralize","Corpse Explosion+1","Backflip","PiercingWail","Wraith Form v2+1","Prepared","Deadly Poison","Glass Knife","Bouncing Flask+1","Crippling Poison","Bane","Catalyst+1","Masterful Stab","Burst+1","Backflip+1","Crippling Poison+1","Well Laid Plans","Poisoned Stab","Distraction+1","Wraith Form v2+1","Prepared","Tools of the Trade","Backflip+1","Noxious Fumes","Backflip","Catalyst+1","Backflip+1","Deadly Poison"],"relics":["Ring of the Serpent","Tiny Chest","Centennial Puzzle","Bottled Flame","Happy Flower","Philosopher\u0027s Stone","Membership Card","Vajra","Molten Egg 2","HornCleat","Smiling Mask","Shuriken","War Paint","Ninja Scroll","Thread and Needle","Dead Branch","Peace Pipe","Art of War","Anchor","Letter Opener","Sundial"],"acts_visited":["Exordium","TheCity","TheBeyond"],"potions_floor_usage":[31,44,50],"damage_taken":[{"damage":0.0,"enemies":"Small Slimes","floor":1.0,"turns":5.0},{"damage":0.0,"enemies":"Cultist","floor":3.0,"turns":5.0},{"damage":0.0,"enemies":"2 Louse","floor":4.0,"turns":3.0},{"damage":12.0,"enemies":"Large Slime","floor":5.0,"turns":6.0},{"damage":3.0,"enemies":"Gremlin Nob","floor":6.0,"turns":6.0},{"damage":4.0,"enemies":"Gremlin Gang","floor":7.0,"turns":3.0},{"damage":3.0,"enemies":"3 Sentries","floor":8.0,"turns":4.0},{"damage":11.0,"enemies":"Gremlin Nob","floor":10.0,"turns":4.0},{"damage":1.0,"enemies":"Blue Slaver","floor":11.0,"turns":4.0},{"damage":3.0,"enemies":"Looter","floor":12.0,"turns":3.0},{"damage":3.0,"enemies":"Exordium Wildlife","floor":14.0,"turns":2.0},{"damage":3.0,"enemies":"Hexaghost","floor":16.0,"turns":6.0},{"damage":5.0,"enemies":"3 Byrds","floor":18.0,"turns":3.0},{"damage":5.0,"enemies":"Shell Parasite","floor":22.0,"turns":5.0},{"damage":3.0,"enemies":"Slavers","floor":23.0,"turns":3.0},{"damage":0.0,"enemies":"Gremlin Leader","floor":27.0,"turns":5.0},{"damage":6.0,"enemies":"Snecko","floor":28.0,"turns":6.0},{"damage":10.0,"enemies":"Chosen and Byrds","floor":30.0,"turns":4.0},{"damage":4,"enemies":"Book of Stabbing","floor":31,"turns":5},{"damage":2,"enemies":"Champ","floor":33,"turns":8},{"damage":0,"enemies":"Orb Walker","floor":35,"turns":3},{"damage":4,"enemies":"3 Darklings","floor":37,"turns":4},{"damage":11,"enemies":"2 Orb Walkers","floor":38,"turns":5},{"damage":0,"enemies":"Giant Head","floor":41,"turns":6},{"damage":0,"enemies":"Nemesis","floor":44,"turns":5},{"damage":0,"enemies":"Giant Head","floor":48,"turns":4},{"damage":4,"enemies":"Donu and Deca","floor":50,"turns":4}],"seed_played":"-5015225123990748092","potions_obtained":[{"floor":4.0,"key":"Swift Potion"},{"floor":5.0,"key":"SkillPotion"},{"floor":8.0,"key":"Weak Potion"},{"floor":10.0,"key":"Poison Potion"},{"floor":14.0,"key":"AttackPotion"},{"floor":16.0,"key":"Weak Potion"},{"floor":18.0,"key":"LiquidMemories"},{"floor":23.0,"key":"FearPotion"},{"floor":35,"key":"Swift Potion"},{"floor":41,"key":"ColorlessPotion"}],"is_trial":false,"path_per_floor":["M","?","M","M","M","E","M","E","T","E","M","M","R","M","R","B",null,"M","$","?","?","M","E","T","R","T","E","M","?","M","E","R","B",null,"M","$","M","?","T","R","E","?","T","E","R","$","R","E","R","B",null],"character_chosen":"THE_SILENT","items_purchased":["Membership Card","Crippling Poison","Vajra","Well Laid Plans","Noxious Fumes","Ninja Scroll","Thread and Needle","Backflip","CunningPotion"],"campfire_rested":2,"item_purchase_floors":[19,19,19,19,36,36,36,36,46],"current_hp_per_floor":[49,49,49,49,37,34,30,27,27,16,15,12,12,9,30,27,70,65,65,65,65,60,57,57,57,57,57,51,51,41,37,37,35,70,70,70,66,55,55,55,55,55,55,55,55,55,55,55,70,66],"gold":102,"neow_bonus":"TRANSFORM_TWO_CARDS","is_daily":false,"chose_seed":false,"campfire_upgraded":5,"win_rate":0.0,"timestamp":1612934595,"path_taken":["M","?","M","?","M","E","M","E","T","E","M","M","R","?","R","BOSS","M","$","?","?","M","E","?","R","T","E","M","?","M","E","R","BOSS","M","$","?","?","?","R","E","?","T","E","R","$","R","E","R","BOSS"],"items_purchased_type":["Relic","Card","Relic","Card","Card","Relic","Relic","Card","Potion"],"build_version":"2020-12-22","purchased_purges":3,"victory":true,"max_hp_per_floor":[70,70,70,70,70,70,70,70,70,70,70,70,70,70,70,70,70,70,70,70,70,70,70,70,70,70,70,70,70,70,70,70,70,70,70,70,70,70,70,70,70,70,70,70,70,70,70,70,70,70],"card_choices":[{"not_picked":["Underhanded Strike","Blade Dance"],"picked":"PiercingWail","floor":1.0},{"not_picked":["Blade Dance","Cloak And Dagger"],"picked":"Wraith Form v2","floor":3.0},{"not_picked":["Choke","Slice"],"picked":"Prepared","floor":4.0},{"not_picked":["Slice","Underhanded Strike"],"picked":"Deadly Poison","floor":5.0},{"not_picked":["Underhanded Strike","Distraction"],"picked":"Glass Knife","floor":6.0},{"not_picked":["Underhanded Strike","Tactician","All Out Attack"],"picked":"SKIP","floor":7.0},{"not_picked":["Blade Dance","Deadly Poison"],"picked":"Bouncing Flask","floor":8.0},{"not_picked":["Underhanded Strike","Deflect"],"picked":"Crippling Poison","floor":10.0},{"not_picked":["Deflect","Riddle With Holes"],"picked":"Bane","floor":11.0},{"not_picked":["Flying Knee","Noxious Fumes"],"picked":"Catalyst","floor":12.0},{"not_picked":["Grand Finale","Predator"],"picked":"Masterful Stab","floor":14.0},{"not_picked":["Unload","Bullet Time"],"picked":"Burst","floor":16.0},{"not_picked":["Blade Dance","Skewer"],"picked":"Backflip+1","floor":18.0},{"not_picked":["Predator","Dagger Spray","Concentrate+1"],"picked":"SKIP","floor":22.0},{"not_picked":["Prepared+1","Slice+1"],"picked":"Distraction+1","floor":23.0},{"not_picked":["Blur+1","Bane+1"],"picked":"Wraith Form v2","floor":27.0},{"not_picked":["Setup+1","Dodge and Roll"],"picked":"Prepared","floor":28.0},{"not_picked":["Blade Dance+1","Dodge and Roll","Choke+1"],"picked":"SKIP","floor":30.0},{"not_picked":["Slice+1","Phantasmal Killer","Backstab+1"],"picked":"SKIP","floor":31},{"not_picked":["Phantasmal Killer","Envenom"],"picked":"Tools of the Trade","floor":33},{"not_picked":["Setup","Deflect+1"],"picked":"Backflip+1","floor":35},{"not_picked":["PiercingWail","Poisoned Stab+1","Expertise"],"picked":"SKIP","floor":37},{"not_picked":["Setup+1","Distraction+1"],"picked":"Catalyst","floor":41},{"not_picked":["Leg Sweep","Dagger Throw+1"],"picked":"Backflip+1","floor":44},{"not_picked":["Backflip","Blade Dance"],"picked":"Deadly Poison","floor":48}],"player_experience":153551,"relics_obtained":[{"floor":6.0,"key":"Tiny Chest"},{"floor":8.0,"key":"Centennial Puzzle"},{"floor":9.0,"key":"Bottled Flame"},{"floor":10.0,"key":"Happy Flower"},{"floor":23.0,"key":"Molten Egg 2"},{"floor":24.0,"key":"HornCleat"},{"floor":26.0,"key":"Smiling Mask"},{"floor":27.0,"key":"Shuriken"},{"floor":31,"key":"War Paint"},{"floor":38,"key":"Dead Branch"},{"floor":39,"key":"Peace Pipe"},{"floor":41,"key":"Art of War"},{"floor":43,"key":"Anchor"},{"floor":44,"key":"Letter Opener"},{"floor":48,"key":"Sundial"}],"event_choices":[{"cards_removed":["Strike_G"],"damage_healed":0.0,"max_hp_gain":0.0,"max_hp_loss":0.0,"gold_gain":0.0,"event_name":"Bonfire Elementals","player_choice":"Offered Basic","floor":2.0,"gold_loss":0.0,"damage_taken":0.0},{"damage_healed":0.0,"max_hp_gain":0.0,"max_hp_loss":0.0,"gold_gain":99.0,"event_name":"Nest","player_choice":"Stole From Cult","floor":20.0,"gold_loss":0.0,"damage_taken":0.0},{"damage_healed":0.0,"max_hp_gain":0.0,"max_hp_loss":0.0,"gold_gain":0.0,"event_name":"The Library","player_choice":"Read","floor":21.0,"gold_loss":0.0,"damage_taken":0.0,"cards_obtained":["Poisoned Stab"]},{"cards_removed":["Strike_G"],"damage_healed":0.0,"max_hp_gain":0.0,"max_hp_loss":0.0,"gold_gain":0.0,"event_name":"Designer","player_choice":"Upgrade and Remove","floor":29.0,"gold_loss":90.0,"damage_taken":0.0,"cards_upgraded":["Bouncing Flask"]},{"damage_healed":0,"gold_gain":0,"player_choice":"Fight","damage_taken":0,"max_hp_gain":0,"max_hp_loss":0,"event_name":"Mysterious Sphere","floor":38,"gold_loss":0},{"damage_healed":0,"gold_gain":0,"player_choice":"Memory 1","damage_taken":0,"max_hp_gain":0,"max_hp_loss":0,"event_name":"SensoryStone","floor":42,"gold_loss":0}],"is_beta":false,"boss_relics":[{"not_picked":["Velvet Choker","Empty Cage"],"picked":"Philosopher\u0027s Stone"},{"not_picked":["Busted Crown","WristBlade"],"picked":"Ring of the Serpent"}],"items_purged_floors":[19,36,46],"is_endless":false,"potions_floor_spawned":[4,5,8,10,14,16,18,23,35,41,48],"ascension_level":1}}