{"host":"lly094a91h6n5nv5","time":1612938357,"event":{"mods":["AchievementEnabler","BaseMod","Block Reminder","Colored Map","Minty Spire (QoL Compilation)"],"gold_per_floor":[13,28,41,116,116,116,151,151,151,166,166,199,85,85,85,185,185,200,55,55,4,23,23,50,64,88,88,115,115,127,127,127,225,225,245,256,156,206,224,254,266,305,317,329,42,62,77,91,91,91],"floor_reached":51,"language":"ENG","playtime":4015,"items_purged":["Strike_B","Strike_B"],"score":1324,"play_id":"16801d47-e333-43ef-b9ec-20094f911268","local_time":"20210210002557","is_ascension_mode":true,"campfire_choices":[{"data":"Redo","floor":6.0,"key":"SMITH"},{"data":"Dualcast","floor":8.0,"key":"SMITH"},{"data":"Zap","floor":15.0,"key":"SMITH"},{"data":"Multi-Cast","floor":23.0,"key":"SMITH"},{"data":"Biased Cognition","floor":27.0,"key":"SMITH"},{"data":"Echo Form","floor":29,"key":"SMITH"},{"data":"Darkness","floor":32,"key":"SMITH"},{"data":"Chaos","floor":41,"key":"SMITH"},{"data":"Chill","floor":44,"key":"SMITH"},{"data":"Consume","floor":49,"key":"SMITH"}],"circlet_count":0,"master_deck":["Defend_B","Defend_B","Defend_B","Zap+1","Dualcast+1","Redo+1","Echo Form+1","Chaos+1","Genetic Algorithm","Genetic Algorithm","Reboot+1","Undo","Glacier","BootSequence","Multi-Cast+1","Biased Cognition+1","Darkness+1","Darkness+1","Core Surge","Undo","Chill+1","Tempest+1","Chaos+1","Tempest+1","Consume+1","Parasite"],"relics":["Cracked Core","Mango","InkBottle","Art of War","Inserter","Chemical X","Regal Pillow","Strawberry","TungstenRod","SlaversCollar","Prayer Wheel","MawBank","Bag of Marbles","Lantern","DataDisk","Orrery"],"acts_visited":["Exordium","TheCity","TheBeyond"],"potions_floor_usage":[50,50,50],"damage_taken":[{"damage":7.0,"enemies":"Jaw Worm","floor":1.0,"turns":3.0},{"damage":8.0,"enemies":"2 Louse","floor":2.0,"turns":2.0},{"damage":2.0,"enemies":"Cultist","floor":3.0,"turns":4.0},{"damage":0.0,"enemies":"Lagavulin","floor":7.0,"turns":7.0},{"damage":5.0,"enemies":"3 Louse","floor":10.0,"turns":2.0},{"damage":24.0,"enemies":"Gremlin Nob","floor":12.0,"turns":5.0},{"damage":0.0,"enemies":"Slime Boss","floor":16.0,"turns":11.0},{"damage":15.0,"enemies":"Chosen","floor":18.0,"turns":12.0},{"damage":0.0,"enemies":"2 Thieves","floor":22.0,"turns":5.0},{"damage":11.0,"enemies":"Book of Stabbing","floor":24.0,"turns":6.0},{"damage":0.0,"enemies":"Cultist and Chosen","floor":25.0,"turns":6.0},{"damage":0,"enemies":"Slavers","floor":28,"turns":4},{"damage":0,"enemies":"Snecko","floor":30,"turns":7},{"damage":4,"enemies":"Champ","floor":33,"turns":5},{"damage":17,"enemies":"3 Shapes","floor":35,"turns":5},{"damage":0,"enemies":"Orb Walker","floor":36,"turns":4},{"damage":0,"enemies":"Mind Bloom Boss Battle","floor":38,"turns":7},{"damage":0,"enemies":"Spire Growth","floor":39,"turns":4},{"damage":0,"enemies":"Nemesis","floor":40,"turns":7},{"damage":0,"enemies":"Reptomancer","floor":42,"turns":3},{"damage":0,"enemies":"Writhing Mass","floor":46,"turns":3},{"damage":8,"enemies":"3 Darklings","floor":47,"turns":4},{"damage":0,"enemies":"Spire Growth","floor":48,"turns":3},{"damage":0,"enemies":"Awakened One","floor":50,"turns":12}],"seed_played":"1409109661406077431","potions_obtained":[{"floor":1.0,"key":"CultistPotion"},{"floor":2.0,"key":"LiquidMemories"},{"floor":3.0,"key":"SkillPotion"},{"floor":22.0,"key":"FocusPotion"},{"floor":47,"key":"PowerPotion"}],"is_trial":false,"path_per_floor":["M","M","M","?","?","R","E","R","T","M","?","E","$","?","R","B",null,"M","$","?","$","M","R","E","M","T","R","E","R","M","?","R","B",null,"M","M","$","?","M","E","R","E","T","R","$","M","M","M","R","B",null],"character_chosen":"DEFECT","items_purchased":["BootSequence","Chemical X","FocusPotion","DataDisk","Orrery"],"campfire_rested":0,"item_purchase_floors":[13,19,21,45,45],"current_hp_per_floor":[61,53,51,40,40,40,54,54,54,49,49,25,25,25,25,25,73,58,58,58,58,58,58,47,47,54,54,54,54,54,54,54,50,85,68,68,68,68,68,68,68,68,68,68,68,68,60,60,60,60],"gold":91,"neow_bonus":"TRANSFORM_TWO_CARDS","is_daily":false,"chose_seed":false,"campfire_upgraded":10,"win_rate":0.0,"timestamp":1612938357,"path_taken":["M","M","M","?","?","R","E","R","T","?","?","E","$","?","R","BOSS","M","?","?","$","M","R","E","M","T","R","E","R","M","?","R","BOSS","M","M","$","?","M","E","R","E","T","R","$","M","M","M","R","BOSS"],"items_purchased_type":["Card","Relic","Potion","Relic","Relic"],"build_version":"2020-12-22","purchased_purges":2,"victory":true,"max_hp_per_floor":[75,75,75,75,75,75,89,89,89,89,89,89,89,89,89,89,89,89,89,89,89,89,89,89,89,96,96,96,96,96,96,96,96,96,96,96,96,96,96,96,96,96,96,96,96,96,96,96,96,96],"card_choices":[{"not_picked":["Compile Driver","Sweeping Beam"],"picked":"Chaos","floor":1.0},{"not_picked":["Stack","Scrape"],"picked":"Genetic Algorithm","floor":2.0},{"not_picked":["Steam","Ball Lightning"],"picked":"Genetic Algorithm","floor":3.0},{"not_picked":["Fusion","Recycle"],"picked":"Reboot","floor":7.0},{"not_picked":["Compile Driver","Ball Lightning"],"picked":"Undo","floor":10.0},{"not_picked":["Scrape","Buffer"],"picked":"Glacier","floor":12.0},{"not_picked":["Core Surge","Echo Form"],"picked":"Multi-Cast","floor":16.0},{"not_picked":["Barrage","Ball Lightning+1","Streamline"],"picked":"SKIP","floor":18.0},{"not_picked":["Reprogram+1","Doom and Gloom+1","Rebound"],"picked":"SKIP","floor":22.0},{"not_picked":["Turbo","Heatsinks"],"picked":"Biased Cognition","floor":24.0},{"not_picked":["Stack","Leap"],"picked":"Darkness+1","floor":25.0},{"not_picked":["Auto Shields","Redo","Turbo"],"picked":"SKIP","floor":28},{"not_picked":["Go for the Eyes+1","Hologram"],"picked":"Darkness","floor":30},{"not_picked":["Biased Cognition","Thunder Strike"],"picked":"Core Surge","floor":33},{"not_picked":["Redo","Cold Snap"],"picked":"Undo","floor":35},{"not_picked":["Redo","Leap"],"picked":"Chill","floor":36},{"not_picked":["Self Repair","Scrape+1"],"picked":"Tempest+1","floor":39},{"not_picked":["Rebound","Steam","Gash+1"],"picked":"SKIP","floor":39},{"not_picked":["All For One","Ball Lightning+1"],"picked":"Chaos","floor":40},{"not_picked":["Melter+1","Hologram"],"picked":"Tempest+1","floor":42},{"not_picked":["Multi-Cast","Self Repair+1"],"picked":"Consume","floor":45},{"not_picked":["Ball Lightning","Steam","Sunder"],"picked":"SKIP","floor":46},{"not_picked":["Coolheaded","Barrage","Streamline"],"picked":"SKIP","floor":46},{"not_picked":["Storm","Static Discharge+1","Chaos+1"],"picked":"SKIP","floor":47},{"not_picked":["Blizzard","Streamline+1","Coolheaded"],"picked":"SKIP","floor":47},{"not_picked":["Cold Snap","Go for the Eyes","White Noise"],"picked":"SKIP","floor":48},{"not_picked":["Go for the Eyes","Gash","Redo+1"],"picked":"SKIP","floor":48}],"player_experience":193984,"relics_obtained":[{"floor":7.0,"key":"Mango"},{"floor":9.0,"key":"InkBottle"},{"floor":12.0,"key":"Art of War"},{"floor":24.0,"key":"Regal Pillow"},{"floor":26.0,"key":"Strawberry"},{"floor":28,"key":"TungstenRod"},{"floor":38,"key":"Prayer Wheel"},{"floor":40,"key":"MawBank"},{"floor":42,"key":"Bag of Marbles"},{"floor":43,"key":"Lantern"}],"event_choices":[{"damage_healed":0.0,"max_hp_gain":0.0,"max_hp_loss":0.0,"gold_gain":75.0,"event_name":"World of Goop","player_choice":"Gather Gold","floor":4.0,"gold_loss":0.0,"damage_taken":11.0},{"damage_healed":0.0,"max_hp_gain":0.0,"max_hp_loss":0.0,"gold_gain":0.0,"event_name":"Upgrade Shrine","player_choice":"Upgraded","floor":5.0,"gold_loss":0.0,"damage_taken":0.0,"cards_upgraded":["Chaos"]},{"damage_healed":0.0,"max_hp_gain":0.0,"max_hp_loss":0.0,"gold_gain":0.0,"event_name":"Liars Game","player_choice":"Ignored","floor":11.0,"gold_loss":0.0,"damage_taken":0.0},{"damage_healed":0.0,"max_hp_gain":0.0,"max_hp_loss":0.0,"gold_gain":0.0,"event_name":"Accursed Blacksmith","player_choice":"Forge","floor":14.0,"gold_loss":0.0,"damage_taken":0.0,"cards_upgraded":["Reboot"]},{"damage_healed":0.0,"max_hp_gain":0.0,"max_hp_loss":0.0,"gold_gain":0.0,"event_name":"Ghosts","player_choice":"Ignored","floor":20.0,"gold_loss":0.0,"damage_taken":0.0},{"cards_removed":["Strike_B"],"damage_healed":0,"gold_gain":0,"player_choice":"Elegance","damage_taken":0,"max_hp_gain":0,"max_hp_loss":0,"event_name":"Back to Basics","floor":31,"gold_loss":0},{"damage_healed":0,"gold_gain":0,"player_choice":"Fight","damage_taken":0,"max_hp_gain":0,"max_hp_loss":0,"event_name":"MindBloom","floor":38,"gold_loss":0}],"is_beta":false,"boss_relics":[{"not_picked":["Velvet Choker","Coffee Dripper"],"picked":"Inserter"},{"not_picked":["Philosopher\u0027s Stone","Astrolabe"],"picked":"SlaversCollar"}],"items_purged_floors":[13,37],"is_endless":false,"potions_floor_spawned":[1,2,3,22,30,33,35,40,42,47],"ascension_level":8}}