{"host":"mhzgc0zma59jtmoj","time":1612992971,"event":{"mods":["BaseMod","BetterRewards","Custom Start","Glutton Mod","Ironclad Rager","Minty Spire (QoL Compilation)","Replay The Spire","Somnambulant","StSLib","The Cursed","The Hierophant","The Jungle","Treasure Hunter"],"gold_per_floor":[331,331,343,361,311,343,354,383,410,410,424,468,164,188,188,188,188],"floor_reached":16,"language":"ENG","playtime":1192,"items_purged":["TheCursedMod:Strike_TheCursed"],"score":147,"play_id":"0753096b-ec1f-4dc6-bdf1-12cd3d2eb5bf","local_time":"20210210163611","is_ascension_mode":false,"campfire_choices":[{"data":"TheCursedMod:CollectTribute","floor":15,"key":"SMITH"}],"circlet_count":0,"master_deck":["TheCursedMod:Strike_TheCursed","TheCursedMod:Strike_TheCursed","TheCursedMod:Defend_TheCursed","TheCursedMod:Defend_TheCursed","TheCursedMod:Defend_TheCursed","TheCursedMod:CursedWand","TheCursedMod:CleanUpWorkshop","TheCursedMod:Dregs","TheCursedMod:CircleOfCorruption","TheCursedMod:AntiAging+1","TheCursedMod:CircleOfFlame","TheCursedMod:CursedBlade","TH:Mimic","TheCursedMod:Obscuration","TheCursedMod:CollectTribute+1","Injury","TheCursedMod:DemonicPact","TheCursedMod:SpitefulPlan","TheCursedMod:CursedSpellbook"],"relics":["TheCursedMod:BlackMagic101","NeowsBlessing","Replay:Wax Seal","Boot","Oddly Smooth Stone","Golden Idol","Pet Ghost","Akabeko"],"acts_visited":["Exordium"],"potions_floor_usage":[8,12],"damage_taken":[{"damage":0.0,"enemies":"Small Slimes","floor":1.0,"turns":1.0},{"damage":0,"enemies":"2 Louse","floor":3,"turns":2},{"damage":0,"enemies":"Jaw Worm","floor":4,"turns":1},{"damage":21,"enemies":"3 Sentries","floor":6,"turns":8},{"damage":0,"enemies":"2 Fungi Beasts","floor":7,"turns":3},{"damage":10,"enemies":"Replay:BlueRogue","floor":8,"turns":6},{"damage":6,"enemies":"Blue Slaver","floor":11,"turns":5},{"damage":11,"enemies":"Gremlin Nob","floor":12,"turns":4},{"damage":0,"enemies":"Gremlin Gang","floor":14,"turns":3},{"damage":50,"enemies":"Hexaghost","floor":16,"turns":16}],"seed_played":"800296873087957844","potions_obtained":[{"floor":3,"key":"Block Potion"},{"floor":6,"key":"SpeedPotion"},{"floor":11,"key":"ColorlessPotion"}],"is_trial":false,"path_per_floor":["M","?","M","M","?","E","M","E","T","?","M","E","$","M","R","B"],"character_chosen":"THE_CURSED","items_purchased":["Akabeko","TheCursedMod:SpitefulPlan"],"campfire_rested":0,"item_purchase_floors":[13,13],"current_hp_per_floor":[75,75,75,78,78,60,60,53,53,53,50,42,42,45,45,0,0],"gold":188,"neow_bonus":"THREE_ENEMY_KILL","is_daily":false,"chose_seed":true,"campfire_upgraded":1,"win_rate":0.0,"timestamp":1612992971,"path_taken":["M","?","M","M","?","E","M","E","T","?","M","E","$","?","R","BOSS"],"items_purchased_type":["Relic","Card"],"build_version":"2020-12-22","purchased_purges":1,"victory":false,"max_hp_per_floor":[75,75,75,78,78,81,81,84,84,84,87,90,90,93,93,96,96],"card_choices":[{"not_picked":["TheCursedMod:CursedSpellbook","TheCursedMod:Stigma"],"picked":"TheCursedMod:CircleOfCorruption","floor":1.0},{"not_picked":["TheCursedMod:CircleOfAmplification","TheCursedMod:WearCloak"],"picked":"TheCursedMod:CircleOfFlame","floor":3},{"not_picked":["TheCursedMod:CursedMace","TheCursedMod:VitalStrike"],"picked":"TheCursedMod:CursedBlade","floor":4},{"not_picked":["TH:ArmorSpikes"],"picked":"TH:Mimic","floor":6},{"not_picked":["TheCursedMod:TroublousMinions","TheCursedMod:AbyssShockwave"],"picked":"TheCursedMod:Obscuration","floor":6},{"not_picked":["TheCursedMod:CircleOfCorruption","TheCursedMod:SpitefulStrike"],"picked":"TheCursedMod:CollectTribute","floor":7},{"not_picked":["TH:ArmorSpikes","TH:ElvenBoots"],"picked":"SKIP","floor":8},{"not_picked":["TheCursedMod:CircleOfFocus","TheCursedMod:VitalStrike","TheCursedMod:TacticalStrike"],"picked":"SKIP","floor":8},{"not_picked":["TH:ElvenBoots","TH:DeckOfManyThings"],"picked":"SKIP","floor":9},{"not_picked":["TheCursedMod:Stretching","TheCursedMod:SpitefulStrike","TheCursedMod:RavingStaff"],"picked":"SKIP","floor":11},{"not_picked":["TheCursedMod:CursedShiv","TheCursedMod:SpitefulStrike"],"picked":"TheCursedMod:DemonicPact","floor":12},{"not_picked":["TH:TreasureMap","TH:CursedSword"],"picked":"SKIP","floor":12},{"not_picked":["TheCursedMod:TroublousMinions","TheCursedMod:CursedBlade"],"picked":"TheCursedMod:CursedSpellbook","floor":14}],"player_experience":256173,"relics_obtained":[{"floor":6,"key":"Replay:Wax Seal"},{"floor":8,"key":"Boot"},{"floor":9,"key":"Oddly Smooth Stone"},{"floor":12,"key":"Pet Ghost"}],"event_choices":[{"cards_removed":["TheCursedMod:Strike_TheCursed"],"damage_healed":0,"gold_gain":0,"player_choice":"Card Removal","damage_taken":0,"max_hp_gain":0,"max_hp_loss":0,"event_name":"The Cleric","floor":5,"gold_loss":50},{"damage_healed":0,"gold_gain":0,"player_choice":"Take Wound","damage_taken":0,"relics_obtained":["Golden Idol"],"max_hp_gain":0,"max_hp_loss":0,"event_name":"Golden Idol","floor":10,"gold_loss":0,"cards_obtained":["Injury"]}],"is_beta":false,"boss_relics":[],"items_purged_floors":[13],"is_endless":false,"potions_floor_spawned":[3,6,11],"killed_by":"Hexaghost","ascension_level":0}}