{"host":"0jile2yd1dg679g0","time":1612998457,"event":{"mods":["AchievementEnabler","Act Like it!","BaseMod","Better Third Choice","Bossed Relics","Colored Map","Colored Powertips","Gensokyo","Hermit","Luminous","Marisa????????","Minty Spire (QoL Compilation)","Random Character Button","Reliquary","Spicy Shops","StSLib","The Marked","The Servant 0.9.4","Transform Curses","Waifu the Spire"],"gold_per_floor":[117,135,100,100,275,275,294,320,345,95,95,20,20,51,51,151,151,166,185,185,48,60,60,89,108,134,153,167,167,180,199,199,301,301,320,320,338,38,57,57,68,87,87,87,30,30,30,58,58,58,58],"floor_reached":50,"language":"ENG","playtime":3898,"items_purged":["Doubt","Strike_R"],"score":875,"play_id":"47b41da6-7c08-43b3-9743-7b9b84dc3f25","local_time":"20210210180737","is_ascension_mode":true,"campfire_choices":[{"data":"Fiend Fire","floor":6,"key":"SMITH"},{"data":"Heavy Blade","floor":11,"key":"SMITH"},{"floor":15,"key":"REST"},{"floor":23,"key":"REST"},{"floor":29,"key":"REST"},{"floor":32,"key":"REST"},{"data":"Exhume","floor":40,"key":"SMITH"},{"floor":44,"key":"REST"},{"floor":47,"key":"REST"},{"floor":49,"key":"REST"}],"circlet_count":0,"master_deck":["Strike_R","Strike_R","Strike_R","Defend_R","Defend_R","Defend_R","Defend_R","Bash","Fiend Fire+1","Searing Blow","Heavy Blade+1","Inflame","Seeing Red","Inflame","Ghostly Armor","Anger","Carnage","Exhume+1","Heavy Blade+1","Pummel","Pummel","True Grit+1","Heavy Blade+1","Flex","Flex","Disarm","Anger","Immolate","Exhume+1","Sentinel+1","Flame Barrier+1","Warcry+1","Armaments+1","Flex+1","Heavy Blade+1","Parasite","Metallicize","Flex"],"relics":["Burning Blood","reliquary:PartyBalloon","reliquary:Aerogel","Pen Nib","Orichalcum","Calipers","Velvet Choker","The Courier","Red Skull","Sozu","Orrery","DollysMirror","Bag of Preparation","Bottled Tornado","Ornamental Fan"],"acts_visited":["Exordium","TheCity","TheBeyond"],"potions_floor_usage":[14,22,33,33,35,37],"damage_taken":[{"damage":6,"enemies":"Cultist","floor":1,"turns":3},{"damage":12,"enemies":"Jaw Worm","floor":2,"turns":3},{"damage":0,"enemies":"Small Slimes","floor":7,"turns":2},{"damage":20,"enemies":"Gremlin Nob","floor":8,"turns":4},{"damage":24,"enemies":"3 Sentries","floor":14,"turns":7},{"damage":0,"enemies":"Slime Boss","floor":16,"turns":6},{"damage":41,"enemies":"2 Thieves","floor":18,"turns":4},{"damage":7,"enemies":"3 Byrds","floor":19,"turns":4},{"damage":12,"enemies":"Snake Plant","floor":22,"turns":2},{"damage":16,"enemies":"Slavers","floor":24,"turns":4},{"damage":19,"enemies":"Centurion and Healer","floor":25,"turns":5},{"damage":9,"enemies":"Snecko","floor":27,"turns":3},{"damage":10,"enemies":"Chosen and Byrds","floor":28,"turns":4},{"damage":18,"enemies":"Snake Plant","floor":30,"turns":2},{"damage":7,"enemies":"Shelled Parasite and Fungi","floor":31,"turns":3},{"damage":60,"enemies":"Champ","floor":33,"turns":8},{"damage":5,"enemies":"Orb Walker","floor":35,"turns":3},{"damage":23,"enemies":"3 Darklings","floor":37,"turns":4},{"damage":0,"enemies":"Transient","floor":39,"turns":5},{"damage":21,"enemies":"Writhing Mass","floor":41,"turns":4},{"damage":25,"enemies":"Maw","floor":42,"turns":5},{"damage":51,"enemies":"Nemesis","floor":48,"turns":5},{"damage":67,"enemies":"Awakened One","floor":50,"turns":4}],"seed_played":"7979228437014362272","potions_obtained":[{"floor":2,"key":"BloodPotion"},{"floor":14,"key":"Regen Potion"},{"floor":18,"key":"Weak Potion"},{"floor":24,"key":"LiquidBronze"},{"floor":27,"key":"Swift Potion"},{"floor":30,"key":"Weak Potion"},{"floor":33,"key":"Fire Potion"}],"is_trial":false,"path_per_floor":["M","M","?","?","?","R","M","E","T","$","R","$","?","E","R","B",null,"M","M","?","$","M","R","E","M","T","M","M","R","M","M","R","B",null,"M","?","M","$","M","R","M","M","T","R","$","?","R","E","R","B"],"character_chosen":"IRONCLAD","items_purchased":["Inflame","Ghostly Armor","Anger","Pen Nib","Pummel","Orrery","DollysMirror","Bag of Preparation","Metallicize"],"campfire_rested":7,"item_purchase_floors":[10,10,10,12,21,38,38,38,45],"current_hp_per_floor":[51,45,65,70,70,70,76,62,62,62,62,62,37,36,61,67,81,46,45,45,45,39,64,54,41,41,38,34,59,47,46,71,17,68,78,78,61,61,67,67,52,33,33,58,58,58,83,38,63,0,0],"gold":58,"neow_bonus":"THREE_RARE_CARDS","is_daily":false,"chose_seed":false,"campfire_upgraded":3,"win_rate":0.0,"timestamp":1612998457,"path_taken":["M","?","?","?","?","R","M","E","T","?","R","$","?","E","R","BOSS","M","M","?","$","?","R","E","M","T","M","M","R","?","M","R","BOSS","M","?","M","$","M","R","M","?","T","R","?","?","R","E","R","BOSS"],"items_purchased_type":["Card","Card","Card","Relic","Card","Relic","Relic","Relic","Card"],"build_version":"2020-12-22","purchased_purges":2,"victory":false,"max_hp_per_floor":[80,80,80,85,85,85,85,85,85,85,85,85,85,85,85,85,85,85,85,85,85,85,85,85,85,85,85,85,85,85,85,85,85,85,85,85,85,85,85,85,85,85,85,85,85,85,85,85,85,85,85],"card_choices":[{"not_picked":["Brutality","Offering"],"picked":"Fiend Fire","floor":0},{"not_picked":["Clothesline","Infernal Blade"],"picked":"Searing Blow","floor":1},{"not_picked":["Pommel Strike","Rage"],"picked":"Heavy Blade","floor":2},{"not_picked":["Battle Trance","Feel No Pain"],"picked":"Inflame","floor":7},{"not_picked":["Wild Strike","Sword Boomerang"],"picked":"Seeing Red","floor":8},{"not_picked":["Burning Pact","Perfected Strike"],"picked":"Carnage","floor":14},{"not_picked":["Impervious","Offering"],"picked":"Exhume","floor":16},{"not_picked":["Ghostly Armor","Entrench"],"picked":"Heavy Blade+1","floor":18},{"not_picked":["Headbutt","Feel No Pain"],"picked":"Pummel","floor":19},{"not_picked":["Feel No Pain","Iron Wave"],"picked":"True Grit+1","floor":22},{"not_picked":["Feel No Pain","Burning Pact"],"picked":"Heavy Blade+1","floor":24},{"not_picked":["Shrug It Off","Brutality"],"picked":"Flex","floor":25},{"not_picked":["Body Slam","Thunderclap+1"],"picked":"Flex","floor":27},{"not_picked":["Perfected Strike","Twin Strike"],"picked":"Disarm","floor":28},{"not_picked":["Infernal Blade","Feel No Pain"],"picked":"Anger","floor":30},{"not_picked":["Combust+1","Iron Wave+1"],"picked":"Immolate","floor":31},{"not_picked":["Reaper","Corruption"],"picked":"Exhume","floor":33},{"not_picked":["Metallicize","Twin Strike+1"],"picked":"Sentinel+1","floor":35},{"not_picked":["Clash+1","True Grit"],"picked":"Flame Barrier+1","floor":37},{"not_picked":["Pommel Strike","Headbutt+1"],"picked":"Warcry+1","floor":38},{"not_picked":["Bloodletting+1","Clash+1"],"picked":"Juggernaut","floor":38},{"not_picked":["Iron Wave","Clash"],"picked":"Armaments+1","floor":38},{"not_picked":["Pommel Strike","Fire Breathing+1"],"picked":"Flex+1","floor":38},{"not_picked":["Fire Breathing+1","Perfected Strike","Sword Boomerang"],"picked":"SKIP","floor":39},{"not_picked":["Thunderclap","Warcry+1","Sentinel+1"],"picked":"SKIP","floor":41},{"not_picked":["Headbutt","Pommel Strike","Burning Pact"],"picked":"SKIP","floor":42},{"not_picked":["Body Slam+1","Feel No Pain+1"],"picked":"Flex","floor":48}],"player_experience":331651,"relics_obtained":[{"floor":8,"key":"reliquary:PartyBalloon"},{"floor":9,"key":"reliquary:Aerogel"},{"floor":14,"key":"Calipers"},{"floor":24,"key":"The Courier"},{"floor":26,"key":"Red Skull"},{"floor":43,"key":"Bottled Tornado"},{"floor":48,"key":"Ornamental Fan"}],"event_choices":[{"damage_healed":20,"gold_gain":0,"player_choice":"Healed","damage_taken":0,"max_hp_gain":0,"max_hp_loss":0,"event_name":"The Cleric","floor":3,"gold_loss":35},{"damage_healed":0,"gold_gain":0,"player_choice":"Donut","damage_taken":0,"max_hp_gain":5,"max_hp_loss":0,"event_name":"Big Fish","floor":4,"gold_loss":0},{"damage_healed":0,"gold_gain":175,"player_choice":"AGREE","damage_taken":100,"max_hp_gain":0,"max_hp_loss":0,"event_name":"betterThird:BetterSerpent","floor":5,"gold_loss":0},{"damage_healed":0,"gold_gain":1,"player_choice":"Relic ","damage_taken":25,"max_hp_gain":0,"max_hp_loss":0,"event_name":"betterThird:BetterScrap","floor":13,"gold_loss":0,"cards_obtained":["Double Energy"]},{"damage_healed":0,"gold_gain":0,"player_choice":"Forge","damage_taken":0,"max_hp_gain":0,"max_hp_loss":0,"event_name":"Accursed Blacksmith","floor":20,"gold_loss":0,"cards_upgraded":["Exhume"]},{"cards_removed":["Strike_R"],"damage_healed":0,"gold_gain":0,"player_choice":"Offered Basic","damage_taken":0,"max_hp_gain":0,"max_hp_loss":0,"event_name":"Bonfire Elementals","floor":36,"gold_loss":0},{"cards_removed":["Juggernaut"],"damage_healed":0,"gold_gain":0,"player_choice":"Removed Power","damage_taken":0,"max_hp_gain":0,"max_hp_loss":0,"event_name":"Falling","floor":46,"gold_loss":0}],"is_beta":false,"boss_relics":[{"not_picked":["Black Blood","reliquary:Craggleroot"],"picked":"Velvet Choker"},{"not_picked":["Snecko Eye","Coffee Dripper"],"picked":"Sozu"}],"items_purged_floors":[10,21],"is_endless":false,"potions_floor_spawned":[2,14,18,24,27,30,33,35,41],"killed_by":"Awakened One","ascension_level":9}}