{"host":"2zu68f54ie7ltg2f","time":1612944566,"event":{"mods":["AchievementEnabler","BaseMod","Colored Map","Colored Powertips","Minty Spire (QoL Compilation)","StSLib","The Servant 0.9.4"],"gold_per_floor":[117,127,141,159,139,139,164,164,164,191,191,208,208,224,224,326,326,336,12,12,25,25,83,83,114,114,129,129,54,81,99,99,197,197,213,213,213,233,243,243,268,268,268,268,283,283,311,35,35,35],"floor_reached":51,"language":"ENG","playtime":2096,"items_purged":["Strike_S"],"score":912,"play_id":"17bb0e9c-06ee-4d45-9483-a626aa54c34e","local_time":"20210210000926","is_ascension_mode":true,"campfire_choices":[{"data":"BestPractice","floor":6.0,"key":"SMITH"},{"data":"Strike_S","floor":8.0,"key":"PURGE"},{"floor":11.0,"key":"DIG"},{"floor":15.0,"key":"DIG"},{"data":"DoubleEdge","floor":24.0,"key":"SMITH"},{"data":"Strike_S","floor":28.0,"key":"PURGE"},{"data":"Solidify","floor":32.0,"key":"SMITH"},{"floor":40,"key":"DIG"},{"data":"Writhe","floor":44,"key":"PURGE"},{"data":"TheWorld","floor":49,"key":"SMITH"}],"circlet_count":0,"master_deck":["Defend_S","Defend_S","Defend_S","Defend_S","KidneyShot+1","Exchange","Rewind","BestPractice+1","Manipulate","Moonlight","BottledTime","Snipe+1","FlawlessForm","Rearm+1","DoubleEdge+1","Potential","Solidify+1","SoulSculpture","Unruled+1","Misdirection+1","Foresight+1","Spin+1","TheWorld+1","Spin"],"relics":["Uniform","Toy Ornithopter","Peace Pipe","Shovel","Calipers","Pen Nib","Vajra","StoneMask","HornCleat","Lantern","The Courier","White Beast Statue","Lizard Tail","Whetstone","Coffee Dripper","MealTicket","Bird Faced Urn","Frozen Egg 2","Pocketwatch","Lee\u0027s Waffle"],"acts_visited":["Exordium","TheCity","TheBeyond"],"potions_floor_usage":[33,33,41,50,50],"damage_taken":[{"damage":5.0,"enemies":"2 Louse","floor":1.0,"turns":2.0},{"damage":0.0,"enemies":"Cultist","floor":2.0,"turns":4.0},{"damage":2.0,"enemies":"Small Slimes","floor":3.0,"turns":4.0},{"damage":13.0,"enemies":"3 Louse","floor":4.0,"turns":5.0},{"damage":2.0,"enemies":"3 Sentries","floor":7.0,"turns":10.0},{"damage":10.0,"enemies":"Gremlin Nob","floor":10.0,"turns":5.0},{"damage":2.0,"enemies":"Blue Slaver","floor":12.0,"turns":4.0},{"damage":0.0,"enemies":"Looter","floor":14.0,"turns":4.0},{"damage":15.0,"enemies":"Hexaghost","floor":16.0,"turns":9.0},{"damage":16.0,"enemies":"Shell Parasite","floor":18.0,"turns":9.0},{"damage":8.0,"enemies":"2 Thieves","floor":21.0,"turns":4.0},{"damage":13.0,"enemies":"Slavers","floor":23.0,"turns":8.0},{"damage":17.0,"enemies":"Book of Stabbing","floor":25.0,"turns":6.0},{"damage":0.0,"enemies":"Centurion and Healer","floor":27.0,"turns":5.0},{"damage":13.0,"enemies":"Gremlin Leader","floor":30.0,"turns":7.0},{"damage":11.0,"enemies":"Snake Plant","floor":31.0,"turns":4.0},{"damage":0,"enemies":"Champ","floor":33,"turns":9},{"damage":0,"enemies":"3 Shapes","floor":35,"turns":3},{"damage":0,"enemies":"Orb Walker","floor":38,"turns":2},{"damage":0,"enemies":"Writhing Mass","floor":39,"turns":3},{"damage":55,"enemies":"Nemesis","floor":41,"turns":9},{"damage":13,"enemies":"Sphere and 2 Shapes","floor":45,"turns":6},{"damage":19,"enemies":"Reptomancer","floor":47,"turns":8},{"damage":86,"enemies":"Awakened One","floor":50,"turns":10}],"seed_played":"-6768474591486039939","potions_obtained":[{"floor":1.0,"key":"Energy Potion"},{"floor":4.0,"key":"Energy Potion"},{"floor":5.0,"key":"EntropicBrew"},{"floor":7.0,"key":"Explosive Potion"},{"floor":16.0,"key":"Fire Potion"},{"floor":21.0,"key":"CultistPotion"},{"floor":23.0,"key":"EssenceOfSteel"},{"floor":27.0,"key":"Ancient Potion"},{"floor":30.0,"key":"SpeedPotion"},{"floor":31.0,"key":"Weak Potion"},{"floor":33,"key":"Swift Potion"},{"floor":35,"key":"Strength Potion"},{"floor":39,"key":"Strength Potion"},{"floor":41,"key":"DuplicationPotion"}],"is_trial":false,"path_per_floor":["M","M","M","M","?","R","E","R","T","E","R","M","?","M","R","B",null,"M","$","?","M","?","E","R","E","T","M","R","?","E","M","R","B",null,"M","?","?","M","M","R","E","?","T","R","M","?","E","$","R","B",null],"character_chosen":"THE_SERVANT","items_purchased":["HornCleat","TheWorld","Lee\u0027s Waffle","Spin"],"campfire_rested":0,"item_purchase_floors":[19,48,48,48],"current_hp_per_floor":[60,60,58,45,45,45,48,48,48,43,43,41,46,46,46,31,70,57,57,57,65,52,75,75,66,66,72,72,72,67,59,59,72,87,90,90,90,91,92,92,45,68,68,68,68,68,58,104,104,34],"gold":35,"neow_bonus":"RANDOM_COMMON_RELIC","is_daily":false,"chose_seed":false,"campfire_upgraded":4,"win_rate":0.0,"timestamp":1612944566,"path_taken":["M","M","M","M","?","R","E","R","T","E","R","?","?","M","R","BOSS","M","$","?","M","?","E","R","E","T","M","R","?","E","M","R","BOSS","M","?","?","?","M","R","E","?","T","R","M","?","E","$","R","BOSS"],"items_purchased_type":["Relic","Card","Relic","Card"],"build_version":"2020-12-22","purchased_purges":1,"victory":true,"max_hp_per_floor":[65,65,65,65,65,65,65,65,65,65,65,65,70,70,70,70,70,71,71,71,73,78,81,81,82,82,84,84,84,85,86,86,87,87,90,90,90,91,92,92,93,93,93,93,96,96,97,104,104,108],"card_choices":[{"not_picked":["SurpressingFire","Alleviate"],"picked":"Rewind","floor":1.0},{"not_picked":["FastForward","Revamp"],"picked":"BestPractice","floor":2.0},{"not_picked":["Reset","Potential"],"picked":"Manipulate","floor":3.0},{"not_picked":["BottledTime","TimeWarp"],"picked":"Moonlight","floor":4.0},{"not_picked":["Defy","Hightail"],"picked":"Barrier","floor":7.0},{"not_picked":["Solidify","Spin"],"picked":"BottledTime","floor":10.0},{"not_picked":["Contraction","Rewind"],"picked":"Snipe","floor":12.0},{"not_picked":["Alleviate","Replace","WasteNot"],"picked":"SKIP","floor":14.0},{"not_picked":["Dilation","ForgedInTime"],"picked":"FlawlessForm","floor":16.0},{"not_picked":["Potential","Sabotage"],"picked":"Rearm+1","floor":18.0},{"not_picked":["Revamp","Desolation+1","Reset"],"picked":"SKIP","floor":21.0},{"not_picked":["TimeTheft","Alleviate+1"],"picked":"DoubleEdge","floor":23.0},{"not_picked":["Starlight","WasteNot","Reset"],"picked":"SKIP","floor":25.0},{"not_picked":["GearUp","Manipulate"],"picked":"Potential","floor":27.0},{"not_picked":["Rearm","Unruled"],"picked":"Solidify","floor":30.0},{"not_picked":["TimeWarp","Defy"],"picked":"Luminosity","floor":31.0},{"not_picked":["ForgedInTime","FlawlessForm"],"picked":"SoulSculpture","floor":33},{"not_picked":["Moonlight","BestPractice+1"],"picked":"Unruled+1","floor":35},{"not_picked":["ShatteredReality","Rearm","Replace"],"picked":"SKIP","floor":38},{"not_picked":["Unruled","Foresight","Replace"],"picked":"SKIP","floor":39},{"not_picked":["Replace","Moondial"],"picked":"Misdirection+1","floor":41},{"not_picked":["Revamp","Reset"],"picked":"Foresight+1","floor":45},{"not_picked":["Starlight+1","Read"],"picked":"Spin+1","floor":47}],"player_experience":496462,"relics_obtained":[{"floor":7.0,"key":"Peace Pipe"},{"floor":9.0,"key":"Shovel"},{"floor":10.0,"key":"Calipers"},{"floor":11.0,"key":"Pen Nib"},{"floor":15.0,"key":"Vajra"},{"floor":23.0,"key":"The Courier"},{"floor":25.0,"key":"White Beast Statue"},{"floor":26.0,"key":"Lizard Tail"},{"floor":30.0,"key":"Whetstone"},{"floor":40,"key":"MealTicket"},{"floor":41,"key":"Bird Faced Urn"},{"floor":43,"key":"Frozen Egg 2"},{"floor":47,"key":"Pocketwatch"}],"event_choices":[{"damage_healed":0.0,"max_hp_gain":0.0,"max_hp_loss":0.0,"gold_gain":0.0,"event_name":"The Woman in Blue","player_choice":"Bought 1 Potion","floor":5.0,"gold_loss":0.0,"damage_taken":0.0},{"damage_healed":0.0,"max_hp_gain":5.0,"max_hp_loss":0.0,"gold_gain":0.0,"event_name":"Big Fish","player_choice":"Donut","floor":13.0,"gold_loss":0.0,"damage_taken":0.0},{"damage_healed":0.0,"max_hp_gain":0.0,"max_hp_loss":0.0,"gold_gain":0.0,"event_name":"The Mausoleum","player_choice":"Opened","floor":20.0,"gold_loss":0.0,"damage_taken":0.0,"relics_obtained":["Lantern"]},{"damage_healed":0.0,"max_hp_gain":5.0,"max_hp_loss":0.0,"gold_gain":0.0,"event_name":"Forgotten Altar","player_choice":"Shed Blood","floor":22.0,"gold_loss":0.0,"damage_taken":18.0},{"cards_removed":["Strike_S"],"damage_healed":0.0,"max_hp_gain":0.0,"max_hp_loss":0.0,"gold_gain":0.0,"event_name":"Beggar","player_choice":"Gave Gold","floor":29.0,"gold_loss":75.0,"damage_taken":0.0},{"cards_removed":["Luminosity"],"damage_healed":0,"gold_gain":0,"player_choice":"Removed Power","damage_taken":0,"max_hp_gain":0,"max_hp_loss":0,"event_name":"Falling","floor":36,"gold_loss":0},{"cards_removed":["Barrier"],"damage_healed":0,"gold_gain":0,"player_choice":"Purged","damage_taken":0,"max_hp_gain":0,"max_hp_loss":0,"event_name":"Purifier","floor":37,"gold_loss":0},{"damage_healed":23,"gold_gain":0,"player_choice":"Writhe","damage_taken":0,"max_hp_gain":0,"max_hp_loss":0,"event_name":"Winding Halls","floor":42,"gold_loss":0,"cards_obtained":["Writhe"]},{"damage_healed":0,"gold_gain":0,"player_choice":"Ignored","damage_taken":0,"max_hp_gain":0,"max_hp_loss":0,"event_name":"Tomb of Lord Red Mask","floor":46,"gold_loss":0}],"is_beta":false,"boss_relics":[{"not_picked":["Empty Cage","Tiny House"],"picked":"StoneMask"},{"not_picked":["Busted Crown","Astrolabe"],"picked":"Coffee Dripper"}],"items_purged_floors":[19],"is_endless":false,"potions_floor_spawned":[1,4,7,16,21,23,27,30,31,33,35,38,39,41,45,47],"ascension_level":1}}