{"host":"w05x4i13f2m9joq1","time":1612934065,"event":{"mods":["100% Spire Juice","Act Like it!","BaseMod","Better Altar","Better Match","Better Note","Better Sensory Stone","Better Skull","Better Third Choice","BetterRewards","CapriCore","Colored Map","Colored Powertips","Defective Defect","Downfall","Duelist Mod","Gensokyo","GifTheSpireLib","Googly Eyes","Infinite Spire","Ironclad Rager","Lobotomy","LobotomyExtend","Marisa????????","Melee Mod","Minty Spire (QoL Compilation)","Morshu Shopkeeper - ENHANCED","MostiFishMod","Quick Restart","Rare Cards Sparkle","Reliquary","Replay The Spire","Shop Mod","Spicy Shops","Spire Birthday Party","StSLib","The IronCluck","Uncapped","everything is the same but u backflip on backflip","slay the spire mod where everything is the same but ironclad has a cowboy hat"],"gold_per_floor":[12,22,36,47,57,88,88,105,105,136,136,154,154,154,154,252,252,270,195,210,210,228,263,263,291,343,343,343,343,370,386,386,489,489,508,508,558,558,48,80,103,103,156,184,184,214,229,260,260,260,260],"floor_reached":52,"language":"ENG","playtime":1665,"items_purged":[],"score":1398,"play_id":"14ab4f6f-5805-49ed-87a1-f224cb7b2864","local_time":"20210210001425","is_ascension_mode":true,"campfire_choices":[{"data":"ReplayTheSpireMod:Corrosion Curse","floor":7,"key":"SMITH"},{"data":"Bash","floor":13,"key":"SMITH"},{"data":"Perfected Strike","floor":15,"key":"SMITH"},{"data":"infinitespire:OneForAll","floor":24,"key":"SMITH"},{"data":"Perfected Strike","floor":27,"key":"SMITH"},{"data":"Pommel Strike","floor":29,"key":"SMITH"},{"data":"Pommel Strike","floor":32,"key":"SMITH"},{"data":"Thunderclap","floor":42,"key":"SMITH"},{"data":"Pot Of Greed","floor":45,"key":"SMITH"}],"circlet_count":0,"master_deck":["Bash+1","Twin Strike","Twin Strike","Twin Strike","Twin Strike","Twin Strike","Iron Wave","Iron Wave","Iron Wave","Iron Wave","Rage","Pommel Strike+1","Pommel Strike+1","Perfected Strike+1","Twin Strike","Twin Strike","Feed+1","Cleave","Barricade+1","Sword Boomerang+1","Replay:Undeath\u0027s Touch","Perfected Strike+1","infinitespire:OneForAll+1","Replay:Undeath\u0027s Touch","Feed+1","Inflame","Thunderclap+1","Bloodletting+1","Headbutt","ReplayTheSpireMod:Private Reserves+1","Pot Of Greed+1","Pot Of Greed","Pot Of Greed"],"relics":["Burning Blood","DaveBox","BionicSphere","SynthV:TestCard","LetterFromLob","Golden Egg","Replay:Accelerometer","Charon\u0027s Ashes","ExusiaiGun","Pet Ghost","sneckomod:BlankCard","Meat on the Bone","GreenFoldingFan","hexamod:Sixitude","reliquary:Sideboard","reliquary:Boomerang","Toolbox","reliquary:Stiletto","Grinning Jar","Singing Bowl","Smiling Mask","HornCleat"],"acts_visited":["Exordium","TheCity","TheBeyond"],"potions_floor_usage":[16,50,50,50],"damage_taken":[{"damage":0,"enemies":"2 Louse","floor":1,"turns":2},{"damage":6,"enemies":"Cultist","floor":2,"turns":3},{"damage":0,"enemies":"Small Slimes","floor":3,"turns":2},{"damage":0,"enemies":"2 Fungi Beasts","floor":4,"turns":2},{"damage":10,"enemies":"Exordium Thugs","floor":5,"turns":4},{"damage":4,"enemies":"Gremlin Nob","floor":6,"turns":3},{"damage":0,"enemies":"3 Louse","floor":8,"turns":3},{"damage":20,"enemies":"3 Sentries","floor":10,"turns":5},{"damage":0,"enemies":"Large Slime","floor":12,"turns":2},{"damage":0,"enemies":"Slime Boss","floor":16,"turns":4},{"damage":0,"enemies":"Spheric Guardian","floor":18,"turns":2},{"damage":0,"enemies":"Chosen","floor":20,"turns":1},{"damage":0,"enemies":"Snecko","floor":22,"turns":2},{"damage":0,"enemies":"Slavers","floor":23,"turns":2},{"damage":0,"enemies":"Book of Stabbing","floor":25,"turns":2},{"damage":0,"enemies":"Gremlin Leader","floor":30,"turns":1},{"damage":0,"enemies":"Snake Plant","floor":31,"turns":2},{"damage":10,"enemies":"Collector","floor":33,"turns":3},{"damage":2,"enemies":"3 Darklings","floor":35,"turns":1},{"damage":2,"enemies":"2 Orb Walkers","floor":37,"turns":1},{"damage":4,"enemies":"Giant Head","floor":40,"turns":2},{"damage":14,"enemies":"3 Shapes","floor":41,"turns":1},{"damage":2,"enemies":"Nemesis","floor":44,"turns":1},{"damage":7,"enemies":"R_Hoarder","floor":46,"turns":2},{"damage":2,"enemies":"Spire Growth","floor":47,"turns":1},{"damage":2,"enemies":"Nemesis","floor":48,"turns":1},{"damage":130,"enemies":"Awakened One","floor":50,"turns":7}],"seed_played":"6375363116238934872","potions_obtained":[{"floor":1,"key":"BloodPotion"},{"floor":4,"key":"DuplicationPotion"},{"floor":6,"key":"Venom Potion"},{"floor":18,"key":"DuplicationPotion"},{"floor":47,"key":"DuplicationPotion"}],"is_trial":false,"path_per_floor":["M","M","M","M","M","E","R","M","T","E","M","M","R","?","R","B",null,"M","?","M","?","M","E","R","E","T","R","?","R","E","M","R","B",null,"M","?","?","?","$","E","M","R","T","E","R","E","M","E","R_BF","B",null,null],"character_chosen":"IRONCLAD","items_purchased":["reliquary:Sideboard","reliquary:Boomerang","Toolbox","ReplayTheSpireMod:Private Reserves"],"campfire_rested":0,"item_purchase_floors":[39,39,39,39],"current_hp_per_floor":[57,57,63,69,65,67,67,72,72,58,58,64,64,64,64,70,72,76,76,76,76,76,76,76,76,76,76,76,76,76,76,76,76,79,80,80,88,88,88,88,92,92,92,94,94,96,98,104,104,32,32],"gold":260,"neow_bonus":"IRONCLAD_BERSERKER","is_daily":false,"chose_seed":false,"campfire_upgraded":9,"win_rate":0.0,"timestamp":1612934065,"path_taken":["M","M","M","M","M","E","R","M","T","E","M","M","R","?","R","BOSS","M","?","M","?","M","E","R","E","T","R","?","R","E","?","R","BOSS","M","?","?","?","$","E","?","R","T","E","R","E","M","E","R_BF","BOSS"],"items_purchased_type":["Relic","Relic","Relic","Card"],"build_version":"2020-12-22","purchased_purges":0,"victory":true,"max_hp_per_floor":[72,72,72,72,72,72,72,72,72,72,72,72,72,72,72,72,72,76,76,76,76,76,76,76,76,76,76,76,76,76,76,76,80,80,80,80,88,88,88,88,92,92,92,94,94,96,98,104,104,112,112],"card_choices":[{"not_picked":["Disarm","Pommel Strike"],"picked":"Rage","floor":1},{"not_picked":["Body Slam","Anger","Heavy Blade","Blood for Blood"],"picked":"Pommel Strike","floor":2},{"not_picked":["Juggernaut","Power Through","Flame Barrier","Burning Pact"],"picked":"Pommel Strike","floor":3},{"not_picked":["Headbutt","Entrench","Pommel Strike","Clash"],"picked":"Perfected Strike","floor":4},{"not_picked":["Cleave","Clash","Life Link","ReplayTheSpireMod:Strike From Hell"],"picked":"Twin Strike","floor":5},{"not_picked":["Spot Weakness","MostiFishMod:RainCloud","Seeing Red","Cleave"],"picked":"ReplayTheSpireMod:Corrosion Curse","floor":6},{"not_picked":["Armaments","Heavy Blade","Reckless Charge","Warcry"],"picked":"Twin Strike","floor":8},{"not_picked":["Flame Barrier","Dark Embrace","Heavy Blade","Anger"],"picked":"Feed","floor":10},{"not_picked":["Clash","Feel No Pain","Warcry","Heavy Blade"],"picked":"Cleave","floor":12},{"not_picked":["MostiFishMod:WingOfPhoenix","Hemogenesis","Berserk","MostiFishMod:DoubleSword"],"picked":"Barricade","floor":16},{"not_picked":["Power Through","Headbutt","Iron Wave","Replay:Undeath\u0027s Touch"],"picked":"Sword Boomerang+1","floor":18},{"not_picked":["Metallicize","Armaments","Pommel Strike","Blood for Blood"],"picked":"Replay:Undeath\u0027s Touch","floor":20},{"not_picked":["Hemokinesis","ReplayTheSpireMod:Corrosion Curse+1","Iron Wave","Sword Boomerang"],"picked":"Perfected Strike","floor":22},{"not_picked":["MostiFishMod:KnuckleDown","Flame Barrier+1","Shockwave","Body Slam"],"picked":"infinitespire:OneForAll","floor":23},{"not_picked":["Clash+1","MostiFishMod:DarkDeal","Wild Strike+1","Rage"],"picked":"Replay:Undeath\u0027s Touch","floor":25},{"not_picked":["MostiFishMod:DarkDeal","True Grit+1","ReplayTheSpireMod:Strike From Hell","Perfected Strike"],"picked":"Inflame","floor":30},{"not_picked":["Defy Death","Flex+1","Clothesline","Disarm"],"picked":"Thunderclap","floor":31},{"not_picked":["Heavy Blade","Dark Embrace","Anger","Clothesline+1"],"picked":"Bloodletting+1","floor":35},{"not_picked":["Armaments+1","Anger","Perfected Strike+1","Intimidate"],"picked":"Headbutt","floor":37},{"not_picked":["True Grit+1","ReplayTheSpireMod:Strike From Hell+1","Corruption","Fire Breathing"],"picked":"Thunderclap+1","floor":40},{"not_picked":["MostiFishMod:UltimateDefense","Cleave+1","Second Wind","Body Slam"],"picked":"Sword Boomerang+1","floor":41},{"not_picked":["Shrug It Off","Armaments","Pummel","Warcry+1","Havoc"],"picked":"Singing Bowl","floor":44},{"not_picked":["Pummel+1","Metallicize","Inflame+1","Battle Trance","Flex"],"picked":"Singing Bowl","floor":46},{"not_picked":["Run Through+1","Heavy Blade+1","Body Slam+1","Bloodletting+1","Clothesline+1"],"picked":"Singing Bowl","floor":47},{"not_picked":["Power Through+1","Body Slam","Dual Wield","Shockwave","Armaments+1"],"picked":"Singing Bowl","floor":48}],"player_experience":206058,"relics_obtained":[{"floor":1,"key":"SynthV:TestCard"},{"floor":1,"key":"LetterFromLob"},{"floor":6,"key":"Golden Egg"},{"floor":9,"key":"Replay:Accelerometer"},{"floor":10,"key":"Charon\u0027s Ashes"},{"floor":25,"key":"Pet Ghost"},{"floor":26,"key":"sneckomod:BlankCard"},{"floor":30,"key":"Meat on the Bone"},{"floor":37,"key":"hexamod:Sixitude"},{"floor":40,"key":"reliquary:Stiletto"},{"floor":43,"key":"Grinning Jar"},{"floor":44,"key":"Singing Bowl"},{"floor":46,"key":"Smiling Mask"},{"floor":48,"key":"HornCleat"}],"event_choices":[{"cards_removed":["theDuelist:SummoningCurse"],"damage_healed":0,"gold_gain":0,"player_choice":"Gave Gold","damage_taken":0,"max_hp_gain":0,"max_hp_loss":0,"event_name":"Beggar","floor":19,"gold_loss":75},{"damage_healed":0,"gold_gain":0,"player_choice":"Copied","damage_taken":0,"max_hp_gain":0,"max_hp_loss":0,"event_name":"Duplicator","floor":28,"gold_loss":0,"cards_obtained":["Feed"]},{"damage_healed":0,"gold_gain":3,"player_choice":"1","damage_taken":0,"max_hp_gain":0,"max_hp_loss":0,"event_name":"betterStone:BetterStone","floor":36,"gold_loss":0},{"damage_healed":0,"gold_gain":0,"player_choice":"Fight","damage_taken":0,"max_hp_gain":0,"max_hp_loss":0,"event_name":"Mysterious Sphere","floor":37,"gold_loss":0},{"cards_removed":["ReplayTheSpireMod:Corrosion Curse"],"damage_healed":0,"gold_gain":0,"player_choice":"Removed Skill","damage_taken":0,"max_hp_gain":0,"max_hp_loss":0,"event_name":"Falling","floor":38,"gold_loss":0},{"damage_healed":0,"gold_gain":0,"player_choice":"Ignored","damage_taken":0,"max_hp_gain":0,"max_hp_loss":0,"event_name":"Tomb of Lord Red Mask","floor":49,"gold_loss":0}],"is_beta":false,"boss_relics":[{"not_picked":["ChewingGum","RhineCircuit"],"picked":"ExusiaiGun"},{"not_picked":["SlaversCollar","reliquary:Ember"],"picked":"GreenFoldingFan"}],"items_purged_floors":[],"is_endless":false,"potions_floor_spawned":[1,4,6,10,12,18,20,30,37,41,47],"ascension_level":5}}