{"host":"cnq91ghfhf6lz0gv","time":1612917806,"event":{"mods":["BaseMod","Clockwork Mod","Colored Map","Colored Powertips","Conspire","Downfall","Googly Eyes","Highlight Path","Minty Spire (QoL Compilation)","Replay The Spire","StSLib","SuperFastMode","The IronCluck","The Showman","slay the spire mod where everything is the same but ironclad has a cowboy hat"],"gold_per_floor":[365,66,84,84,96,124,124,124,124],"floor_reached":8,"language":"ENG","playtime":292,"items_purged":["Strike_G"],"score":67,"play_id":"1c404a81-a99c-47f8-8481-c37a36059a3e","local_time":"20210209194326","is_ascension_mode":true,"campfire_choices":[{"data":"Burst","floor":7,"key":"SMITH"}],"circlet_count":0,"master_deck":["Strike_G","Strike_G","Strike_G","Strike_G","Defend_G","Defend_G","Defend_G","Defend_G","Defend_G","Survivor","Neutralize","Blade Dance+1","Accuracy","Quick Slash","ReplayTheSpireMod:Tripwire","Burst+1"],"relics":["Ring of the Snake","Nunchaku","Bag of Marbles","Replay:Bottled Eggs"],"acts_visited":["Exordium"],"potions_floor_usage":[],"damage_taken":[{"damage":20,"enemies":"Jaw Worm","floor":1,"turns":10},{"damage":0,"enemies":"2 Louse","floor":3,"turns":3},{"damage":0,"enemies":"Cultist","floor":5,"turns":1},{"damage":15,"enemies":"Lagavulin","floor":6,"turns":8},{"damage":17,"enemies":"Gremlin Nob","floor":8,"turns":4}],"seed_played":"1525420160237710827","potions_obtained":[],"is_trial":false,"path_per_floor":["M","$","M","?","M","E","R","E"],"character_chosen":"THE_SILENT","items_purchased":["Nunchaku","Accuracy"],"campfire_rested":0,"item_purchase_floors":[2,2],"current_hp_per_floor":[29,29,29,26,26,11,11,0,0],"gold":124,"neow_bonus":"TWO_FIFTY_GOLD","is_daily":false,"chose_seed":false,"campfire_upgraded":1,"win_rate":0.0,"timestamp":1612917806,"path_taken":["M","$","M","?","M","E","R","E"],"items_purchased_type":["Relic","Card"],"build_version":"2020-12-22","purchased_purges":1,"victory":false,"max_hp_per_floor":[70,70,70,70,70,70,70,70,70],"card_choices":[{"not_picked":["Cloak And Dagger","Quick Slash"],"picked":"Blade Dance","floor":1},{"not_picked":["Calculated Gamble","Prepared"],"picked":"Quick Slash","floor":3},{"not_picked":["Deflect","Dagger Throw"],"picked":"ReplayTheSpireMod:Tripwire","floor":5},{"not_picked":["Acrobatics","Outmaneuver"],"picked":"Burst","floor":6}],"player_experience":218806,"relics_obtained":[{"floor":6,"key":"Replay:Bottled Eggs"}],"event_choices":[{"damage_healed":0,"gold_gain":0,"player_choice":"Success","damage_taken":3,"relics_obtained":["Bag of Marbles"],"max_hp_gain":0,"max_hp_loss":0,"event_name":"Scrap Ooze","floor":4,"gold_loss":0}],"is_beta":false,"boss_relics":[],"items_purged_floors":[2],"is_endless":false,"potions_floor_spawned":[],"killed_by":"Gremlin Nob","ascension_level":4}}