{"host":"3twtdwjpiqhvvn5s","time":1612988378,"event":{"mods":["AchievementEnabler","Act Like it!","Aspiration","BaseMod","BetterRewards","Colored Map","Colored Powertips","Downfall","Duelist Mod","Friendly Minions","GifTheSpireLib","Hermit","Hubris","Infinite Spire","Jorbs\u0027s Wanderer Trilogy","Koishi","KomeijiMod","Marisa????????","Minty Spire (QoL Compilation)","Quick Restart","Rare Cards Sparkle","Replay The Spire","Shop Mod","StSLib","Td1madao Mod","The Administrix","The Animator","The Bug Knight","The Caster","The Cursed","The Disciple","The Hierophant","The Necromancer","The Poker Player","The Runesmith","The Servant 0.9.4"],"gold_per_floor":[118,131,146,160,0,0,0],"floor_reached":6,"language":"ENG","playtime":1058,"items_purged":[],"score":38,"play_id":"d392a120-953d-40d1-b22b-19fe325b0442","local_time":"20210210141938","daily_mods":["DeadlyEvents"],"is_ascension_mode":false,"campfire_choices":[],"circlet_count":0,"master_deck":["Strike_Br","Strike_Br","Strike_Br","Strike_Br","Defend_Br","Defend_Br","Defend_Br","Defend_Br","SecondHand","PatternShift","bronze:Allocate","VestedLegacy","bronze:BuggyMess","bronze:InfiniteBeams","Echonomics"],"relics":["Unceasing Top"],"acts_visited":["Exordium"],"potions_floor_usage":[6],"damage_taken":[{"damage":8,"enemies":"Cultist","floor":1,"turns":5},{"damage":12,"enemies":"Jaw Worm","floor":2,"turns":6},{"damage":1,"enemies":"2 Louse","floor":3,"turns":3},{"damage":0,"enemies":"2 Fungi Beasts","floor":4,"turns":6},{"damage":63,"enemies":"Gremlin Nob","floor":6,"turns":5}],"seed_played":"-4959890525659114031","potions_obtained":[{"floor":2,"key":"Reflective Coating"}],"is_trial":true,"path_per_floor":["M","M","M","M","$","E"],"character_chosen":"CHRONO_CLASS","items_purchased":["Echonomics"],"campfire_rested":0,"item_purchase_floors":[5],"current_hp_per_floor":[57,45,44,44,44,0,0],"gold":0,"neow_bonus":"","is_daily":false,"chose_seed":false,"campfire_upgraded":0,"win_rate":0.0,"timestamp":1612988378,"path_taken":["M","?","?","M","$","E"],"items_purchased_type":["Card"],"build_version":"2020-12-22","purchased_purges":0,"victory":false,"max_hp_per_floor":[65,65,65,65,65,65,65],"card_choices":[{"not_picked":["bronze:Overheat","LockedAnchor"],"picked":"bronze:Allocate","floor":1},{"not_picked":["Parity","SlimeSpray"],"picked":"VestedLegacy","floor":2},{"not_picked":["bronze:FineTuning","BlueShift"],"picked":"bronze:BuggyMess","floor":3},{"not_picked":["bronze:Frontload","CrunchTime"],"picked":"bronze:InfiniteBeams","floor":4}],"player_experience":2915431,"relics_obtained":[],"event_choices":[],"is_beta":false,"boss_relics":[],"items_purged_floors":[],"is_endless":false,"potions_floor_spawned":[2],"killed_by":"Gremlin Nob","ascension_level":0}}