{"host":"y0i0tbisecj7yjyn","time":1612939982,"event":{"mods":["AchievementEnabler","AlwaysNeverKeys","BaseMod","BetterRewards","Colored Map","Colored Powertips","Curses Come First","Disable Question Mark Monsters","Displayed Cursed Tome","Highlight Path","Keyboard Shortcuts","Minty Spire (QoL Compilation)","Quick Restart","Random Character Button","Rare Cards Sparkle","StSLib","SuperFastMode","Transform Curses","Weighted Paths"],"gold_per_floor":[119,46,46,46,46,77,152,152,152,171,171,205,229,248,248,351,351,363,363,373,384,403,428,448,448,471,471,471,471,471],"floor_reached":29,"language":"ENG","playtime":1426,"items_purged":[],"score":306,"play_id":"73488903-c6b4-475d-88bb-53bd872ee2bc","local_time":"20210210005302","is_ascension_mode":true,"campfire_choices":[{"data":"Inflame","floor":8,"key":"SMITH"},{"data":"Inflame","floor":11,"key":"SMITH"},{"floor":15,"key":"REST"}],"circlet_count":0,"master_deck":["Strike_R","Strike_R","Strike_R","Strike_R","Strike_R","Defend_R","Defend_R","Bash","Whirlwind","Inflame+1","Inflame+1","Rage","Reaper","Dark Embrace","Anger","Spot Weakness","Flex","Decay"],"relics":["Burning Blood","NeowsBlessing","Potion Belt","Sundial","Art of War","Odd Mushroom","Velvet Choker","Darkstone Periapt","Nunchaku","FossilizedHelix"],"acts_visited":["Exordium","TheCity"],"potions_floor_usage":[14,21,23,24,28],"damage_taken":[{"damage":0,"enemies":"2 Louse","floor":1,"turns":1},{"damage":0,"enemies":"3 Sentries","floor":6,"turns":1},{"damage":0,"enemies":"Cultist","floor":10,"turns":1},{"damage":36,"enemies":"Lagavulin","floor":12,"turns":7},{"damage":13,"enemies":"The Mushroom Lair","floor":13,"turns":3},{"damage":0,"enemies":"Jaw Worm","floor":14,"turns":2},{"damage":54,"enemies":"Hexaghost","floor":16,"turns":9},{"damage":35,"enemies":"Shell Parasite","floor":18,"turns":4},{"damage":4,"enemies":"3 Byrds","floor":20,"turns":4},{"damage":51,"enemies":"Centurion and Healer","floor":21,"turns":5},{"damage":22,"enemies":"3 Cultists","floor":22,"turns":4},{"damage":33,"enemies":"Gremlin Leader","floor":23,"turns":6},{"damage":16,"enemies":"Snake Plant","floor":24,"turns":3},{"damage":15,"enemies":"Centurion and Healer","floor":28,"turns":4},{"damage":51,"enemies":"Cultist and Chosen","floor":29,"turns":4}],"seed_played":"-7088073220397068595","potions_obtained":[{"floor":13,"key":"Block Potion"},{"floor":16,"key":"SmokeBomb"},{"floor":18,"key":"SkillPotion"},{"floor":20,"key":"GamblersBrew"},{"floor":23,"key":"BlessingOfTheForge"}],"is_trial":false,"path_per_floor":["M","$","?","?","?","E","?","R","T","M","R","E","?","M","R","B",null,"M","?","M","M","M","E","M","?","T","T","M","M"],"character_chosen":"IRONCLAD","items_purchased":["Inflame"],"campfire_rested":1,"item_purchase_floors":[2],"current_hp_per_floor":[80,80,72,65,65,71,60,60,60,66,66,36,29,35,59,11,80,51,51,59,34,27,21,19,25,25,25,30,0,0],"gold":471,"neow_bonus":"THREE_ENEMY_KILL","is_daily":false,"chose_seed":false,"campfire_upgraded":2,"win_rate":0.0,"timestamp":1612939982,"path_taken":["M","$","?","?","?","E","?","R","T","M","R","E","?","M","R","BOSS","M","?","?","M","?","E","M","?","T","?","M","M"],"items_purchased_type":["Card"],"build_version":"2020-12-22","purchased_purges":0,"victory":false,"max_hp_per_floor":[80,80,80,80,80,80,80,80,80,80,80,80,80,80,80,80,80,80,80,80,80,80,80,80,86,86,86,86,86,86],"card_choices":[{"not_picked":["Clash","Clothesline"],"picked":"Whirlwind","floor":1},{"not_picked":["Burning Pact","Ghostly Armor"],"picked":"Inflame","floor":6},{"not_picked":["Havoc","Rupture"],"picked":"Rage","floor":10},{"not_picked":["Twin Strike","Ghostly Armor","Searing Blow"],"picked":"SKIP","floor":12},{"not_picked":["Clash","Warcry","Burning Pact"],"picked":"SKIP","floor":14},{"not_picked":["Offering","Exhume"],"picked":"Reaper","floor":16},{"not_picked":["Clothesline","Cleave","Heavy Blade"],"picked":"SKIP","floor":18},{"not_picked":["Pommel Strike","Iron Wave","Shrug It Off"],"picked":"SKIP","floor":20},{"not_picked":["Wild Strike+1","Second Wind+1"],"picked":"Anger","floor":21},{"not_picked":["Fire Breathing","Wild Strike","Sword Boomerang"],"picked":"SKIP","floor":22},{"not_picked":["Offering","Heavy Blade"],"picked":"Spot Weakness","floor":23},{"not_picked":["True Grit","Shrug It Off+1"],"picked":"Flex","floor":24}],"player_experience":422883,"relics_obtained":[{"floor":6,"key":"Potion Belt"},{"floor":9,"key":"Sundial"},{"floor":12,"key":"Art of War"},{"floor":13,"key":"Odd Mushroom"},{"floor":23,"key":"Darkstone Periapt"},{"floor":26,"key":"Nunchaku"},{"floor":27,"key":"FossilizedHelix"}],"event_choices":[{"damage_healed":0,"gold_gain":0,"player_choice":"Damaged","damage_taken":8,"max_hp_gain":0,"max_hp_loss":0,"event_name":"Wheel of Change","floor":3,"gold_loss":0},{"cards_removed":["Defend_R"],"damage_healed":0,"gold_gain":0,"player_choice":"Card Removal","damage_taken":7,"max_hp_gain":0,"max_hp_loss":0,"event_name":"Golden Wing","floor":4,"gold_loss":0},{"damage_healed":0,"gold_gain":0,"cards_transformed":["Defend_R"],"player_choice":"Transformed","damage_taken":0,"max_hp_gain":0,"max_hp_loss":0,"event_name":"Transmorgrifier","floor":5,"gold_loss":0,"cards_obtained":["Power Through"]},{"damage_healed":0,"gold_gain":75,"player_choice":"Gather Gold","damage_taken":11,"max_hp_gain":0,"max_hp_loss":0,"event_name":"World of Goop","floor":7,"gold_loss":0},{"damage_healed":0,"gold_gain":0,"player_choice":"Fought Mushrooms","damage_taken":0,"max_hp_gain":0,"max_hp_loss":0,"event_name":"Mushrooms","floor":13,"gold_loss":0},{"damage_healed":0,"gold_gain":0,"cards_transformed":["Power Through"],"player_choice":"Transformed","damage_taken":0,"max_hp_gain":0,"max_hp_loss":0,"event_name":"Transmorgrifier","floor":19,"gold_loss":0,"cards_obtained":["Dark Embrace"]},{"damage_healed":0,"gold_gain":0,"player_choice":"Smashed Altar","damage_taken":0,"max_hp_gain":0,"max_hp_loss":0,"event_name":"Forgotten Altar","floor":25,"gold_loss":0,"cards_obtained":["Decay"]}],"is_beta":false,"boss_relics":[{"not_picked":["Ectoplasm","Philosopher\u0027s Stone"],"picked":"Velvet Choker"}],"items_purged_floors":[],"is_endless":false,"potions_floor_spawned":[13,16,18,20,23,28],"killed_by":"Cultist and Chosen","ascension_level":2}}