{"host":"5rycm1ajjg5acc5q","time":1612922021,"event":{"mods":["BaseMod","Better Third Choice","Downfall","Highlight Path","Minty Spire (QoL Compilation)","Replay The Spire","StSLib"],"gold_per_floor":[99,99,99,99,199,218,245,695,706,716,728,2,2,20,33,130,130,130,145,145,145,145],"floor_reached":20,"language":"ENG","playtime":4744,"items_purged":["downfall:Icky"],"score":214,"play_id":"103e5edb-d611-4373-8e17-505efbedd66f","local_time":"20210209195341","is_ascension_mode":false,"campfire_choices":[{"data":"bronze:Replicate","floor":1,"key":"SMITH"},{"data":"bronze:ItsAFeature","floor":13,"key":"SMITH"},{"data":"bronze:Return","floor":18,"key":"SMITH"}],"circlet_count":0,"master_deck":["bronze:Strike","bronze:Strike","bronze:Strike","bronze:Strike","bronze:Defend","bronze:Defend","bronze:Defend","bronze:Defend","bronze:Replicate+1","bronze:Goto","bronze:Overheat","bronze:Repair","bronze:Return+1","bronze:Separator","downfall:Icky","downfall:Icky","bronze:DelayedSlice","bronze:CutThrough","bronze:ClassDefault","bronze:BronzeOrb","bronze:ItsAFeature+1","ReplayUltimateDefense","Thinking Ahead","Specialist","bronze:BugBarrage","bronze:ShipIt","bronze:Break","bronze:BugBarrage+1"],"relics":["bronze:BronzeCore","downfall:HeartsMalice","Ring of Peace","White Beast Statue","Blue Doll","Matryoshka","ReplayTheSpireMod:ShopPack","Black Star"],"acts_visited":["Exordium","TheCity"],"potions_floor_usage":[9,10,11,12,12,15,16,19,20,20],"damage_taken":[{"damage":0,"enemies":"2 Louse","floor":2,"turns":1},{"damage":0,"enemies":"Jaw Worm","floor":3,"turns":1},{"damage":0,"enemies":"downfall:LadyInBlue","floor":5,"turns":1},{"damage":0,"enemies":"Cultist","floor":6,"turns":4},{"damage":0,"enemies":"2 Fungi Beasts","floor":9,"turns":3},{"damage":0,"enemies":"3 Louse","floor":10,"turns":4},{"damage":0,"enemies":"Large Slime","floor":11,"turns":3},{"damage":0,"enemies":"downfall:FleeingMerchant","floor":12,"turns":4},{"damage":0,"enemies":"Red Slaver","floor":14,"turns":5},{"damage":9,"enemies":"3 Louse","floor":15,"turns":5},{"damage":0,"enemies":"IC_STATUS_ARCHETYPE","floor":16,"turns":8},{"damage":0,"enemies":"Chosen","floor":19,"turns":4},{"damage":89,"enemies":"downfall:Augmenter","floor":20,"turns":8}],"seed_played":"1334901600715466908","potions_obtained":[{"floor":5,"key":"Milkshake"},{"floor":5,"key":"Guardian:BlockOnCardUsePotion"},{"floor":5,"key":"AttackPotion"},{"floor":5,"key":"bronze:FreeFunctionsPotion"},{"floor":6,"key":"Adrenaline Potion"},{"floor":9,"key":"Languid Potion"},{"floor":10,"key":"champ:CounterPotion"},{"floor":11,"key":"LiquidBronze"},{"floor":12,"key":"Regen Potion"},{"floor":14,"key":"FearPotion"},{"floor":15,"key":"bronze:BurnAndBuffPotion"},{"floor":16,"key":"CultistPotion"},{"floor":19,"key":"SkillPotion"}],"is_trial":false,"path_per_floor":["R","M","M","?","?","M","T","?","M","M","M","$","R","M","M","B",null,"R","M","?"],"character_chosen":"THE_AUTOMATON","items_purchased":["Blue Doll","Matryoshka","bronze:BronzeOrb","bronze:ItsAFeature","ReplayTheSpireMod:ShopPack"],"campfire_rested":0,"item_purchase_floors":[12,12,12,12,12],"current_hp_per_floor":[70,70,70,70,70,70,70,70,70,70,70,70,70,70,70,70,70,70,70,0,0,0],"gold":145,"neow_bonus":"THREE_ENEMY_KILL","is_daily":false,"chose_seed":false,"campfire_upgraded":3,"win_rate":0.0,"timestamp":1612922021,"path_taken":["R","M","M","?","?","?","T","?","M","M","M","$","R","M","M","BOSS","R","M","?"],"items_purchased_type":["Relic","Relic","Card","Card","Relic"],"build_version":"2020-12-22","purchased_purges":1,"victory":false,"max_hp_per_floor":[70,70,70,70,70,70,70,70,70,70,70,70,70,70,70,70,70,70,70,70,70,70],"card_choices":[{"not_picked":["bronze:WhirlingStrike","bronze:Deprecate"],"picked":"bronze:Overheat","floor":2},{"not_picked":["bronze:Turbo","bronze:ChosenStrike"],"picked":"bronze:Repair","floor":3},{"not_picked":["bronze:Overheat","bronze:FollowUp"],"picked":"bronze:Return","floor":5},{"not_picked":["bronze:Constructor","bronze:Iterate"],"picked":"bronze:Separator","floor":6},{"not_picked":["bronze:Iterate","bronze:Turbo"],"picked":"bronze:DelayedSlice","floor":9},{"not_picked":["bronze:Allocate","bronze:Iterate"],"picked":"bronze:CutThrough","floor":10},{"not_picked":["bronze:ItsAFeature","bronze:Overheat"],"picked":"bronze:ClassDefault","floor":11},{"not_picked":["bronze:WildBeam","bronze:Turbo","bronze:Frontload"],"picked":"SKIP","floor":12},{"not_picked":["Survey Options","Panacea"],"picked":"ReplayUltimateDefense","floor":12},{"not_picked":["Master of Strategy","Mayhem"],"picked":"Thinking Ahead","floor":12},{"not_picked":["Dramatic Entrance","Blind"],"picked":"Specialist","floor":12},{"not_picked":["bronze:Overheat","bronze:Deprecate"],"picked":"bronze:BugBarrage","floor":14},{"not_picked":["bronze:BuggyMess","bronze:Frontload"],"picked":"bronze:ShipIt","floor":15},{"not_picked":["bronze:HyperBeam","bronze:ShipIt"],"picked":"bronze:Break","floor":16},{"not_picked":["bronze:DelayedSlice","bronze:Backtrace+1"],"picked":"bronze:BugBarrage+1","floor":19}],"player_experience":380256,"relics_obtained":[{"floor":4,"key":"Ring of Peace"},{"floor":5,"key":"White Beast Statue"}],"event_choices":[],"is_beta":false,"boss_relics":[{"not_picked":["Empty Cage","Tiny House"],"picked":"Black Star"}],"items_purged_floors":[12],"is_endless":false,"potions_floor_spawned":[5,6,9,10,11,12,14,15,16,19],"killed_by":"downfall:Augmenter","ascension_level":0}}