{"host":"mydft8i2zzydgggw","time":1612947628,"event":{"mods":["AchievementEnabler","BaseMod","Colored Map","Colored Powertips","DeckTracker","Keyboard Shortcuts","Minty Spire (QoL Compilation)","Rare Cards Sparkle","StSLib","SuperFastMode","everything is the same but u backflip on backflip"],"gold_per_floor":[112,14,14,34,34,61,72,72,72,104,170,170,195,245,245,340,340,360,410,256,221,289,289,330,346,346,375,375,43,69,85,85,194,194,205,222,281,340,410,440,440,480,504,554,554,597,664,88,88,88,88,88,51,91,91],"floor_reached":56,"language":"KOR","playtime":2111,"items_purged":["Strike_R","Corruption","Wild Strike","Decay"],"score":2010,"play_id":"8be5289a-b6d0-4fdc-9d53-f13b7a4d6a6e","local_time":"20210210180028","is_ascension_mode":true,"campfire_choices":[{"floor":12.0,"key":"REST"},{"floor":15.0,"key":"REST"},{"floor":23.0,"key":"RECALL"},{"floor":28.0,"key":"REST"},{"floor":32.0,"key":"REST"},{"floor":41.0,"key":"DIG"},{"floor":45.0,"key":"DIG"},{"floor":49.0,"key":"REST"},{"floor":52.0,"key":"DIG"}],"circlet_count":0,"master_deck":["AscendersBane","Bash","Heavy Blade","Entrench","Shrug It Off","Offering+1","Armaments+1","True Grit+1","Barricade","Juggernaut","Rampage","Seeing Red+1","Demon Form","Seeing Red+1","Sentinel+1","Shrug It Off+1","Blood for Blood","Battle Trance+1","Burning Pact+1","Armaments+1","Reaper","Finesse+1","Dual Wield+1","Power Through+1","Shockwave+1","Master of Strategy+1","Body Slam","Dark Embrace+1"],"relics":["Fusion Hammer","Eternal Feather","SsserpentHead","Toxic Egg 2","FossilizedHelix","StrikeDummy","Pandora\u0027s Box","Enchiridion","Pantograph","CeramicFish","Mercury Hourglass","Orrery","Sozu","Shovel","Lizard Tail","Lantern","Dream Catcher","Mango","Boot","Question Card","Blue Candle","Turnip"],"acts_visited":["Exordium","TheCity","TheBeyond","TheEnding"],"potions_floor_usage":[],"damage_taken":[{"damage":4.0,"enemies":"2 Louse","floor":1.0,"turns":2.0},{"damage":1.0,"enemies":"Cultist","floor":4.0,"turns":3.0},{"damage":29.0,"enemies":"3 Sentries","floor":6.0,"turns":11.0},{"damage":2.0,"enemies":"Small Slimes","floor":7.0,"turns":3.0},{"damage":0.0,"enemies":"Gremlin Nob","floor":10.0,"turns":2.0},{"damage":3.0,"enemies":"Blue Slaver","floor":11.0,"turns":4.0},{"damage":9.0,"enemies":"Lagavulin","floor":13.0,"turns":4.0},{"damage":19.0,"enemies":"The Guardian","floor":16.0,"turns":18.0},{"damage":6.0,"enemies":"Shell Parasite","floor":18.0,"turns":6.0},{"damage":0.0,"enemies":"Chosen","floor":22.0,"turns":5.0},{"damage":44.0,"enemies":"Slavers","floor":24.0,"turns":6.0},{"damage":0.0,"enemies":"Snecko","floor":25.0,"turns":5.0},{"damage":8.0,"enemies":"3 Cultists","floor":27.0,"turns":4.0},{"damage":0.0,"enemies":"Snake Plant","floor":30.0,"turns":3.0},{"damage":4.0,"enemies":"Shelled Parasite and Fungi","floor":31.0,"turns":3.0},{"damage":0.0,"enemies":"Collector","floor":33.0,"turns":5.0},{"damage":26.0,"enemies":"3 Darklings","floor":35.0,"turns":6.0},{"damage":0.0,"enemies":"3 Shapes","floor":36.0,"turns":3.0},{"damage":6.0,"enemies":"Transient","floor":39.0,"turns":5.0},{"damage":4.0,"enemies":"Giant Head","floor":40.0,"turns":7.0},{"damage":6.0,"enemies":"Reptomancer","floor":42.0,"turns":6.0},{"damage":68.0,"enemies":"Nemesis","floor":46.0,"turns":8.0},{"damage":19.0,"enemies":"3 Darklings","floor":47.0,"turns":6.0},{"damage":0.0,"enemies":"Time Eater","floor":50.0,"turns":10.0},{"damage":137.0,"enemies":"Shield and Spear","floor":54.0,"turns":8.0},{"damage":13,"enemies":"The Heart","floor":55,"turns":6}],"seed_played":"-8837295859630819838","potions_obtained":[{"floor":7.0,"key":"AttackPotion"},{"floor":10.0,"key":"Block Potion"},{"floor":11.0,"key":"LiquidMemories"},{"floor":13.0,"key":"LiquidBronze"},{"floor":24.0,"key":"SkillPotion"},{"floor":31.0,"key":"AttackPotion"}],"is_trial":false,"path_per_floor":["M","$","?","M","$","E","M","?","T","E","M","R","E","?","R","B",null,"M","?","$","?","M","R","E","M","T","M","R","$","M","M","R","B",null,"M","M","?","?","M","E","R","E","T","?","R","E","M","$","R","B",null,"R","$","E","B",null],"character_chosen":"IRONCLAD","items_purchased":["Heavy Blade","Shrug It Off+1","Orrery","Swift Potion","Question Card","Master of Strategy+1","Body Slam"],"campfire_rested":5,"item_purchase_floors":[2,20,29,29,48,48,53],"current_hp_per_floor":[68,68,68,67,67,38,36,36,36,36,33,66,57,57,80,61,75,69,53,53,53,53,62,18,18,18,10,46,46,46,42,78,80,80,74,80,80,80,74,70,80,80,80,80,94,26,26,26,69,94,94,94,94,16,28],"gold":91,"neow_bonus":"BOSS_RELIC","is_daily":false,"chose_seed":false,"campfire_upgraded":0,"win_rate":0.0,"timestamp":1612947628,"path_taken":["M","$","?","M","$","E","?","?","T","E","?","R","E","?","R","BOSS","M","?","$","?","?","R","E","M","T","M","R","$","M","M","R","BOSS","M","M","?","?","?","E","R","E","T","?","R","E","?","$","R","BOSS","R","$","E","BOSS"],"items_purchased_type":["Card","Card","Relic","Potion","Relic","Card","Card"],"build_version":"2020-12-22","purchased_purges":4,"victory":true,"max_hp_per_floor":[80,80,80,80,80,80,80,80,80,80,80,80,80,80,80,80,80,80,80,80,80,80,80,80,80,80,80,80,80,80,80,80,80,80,80,80,80,80,80,80,80,80,80,80,94,94,94,94,94,94,94,94,94,94,94],"card_choices":[{"not_picked":["Havoc","Headbutt"],"picked":"Wild Strike","floor":1.0},{"not_picked":["Clothesline","Disarm"],"picked":"Shrug It Off","floor":4.0},{"not_picked":["Combust","Cleave","Thunderclap"],"picked":"SKIP","floor":6.0},{"not_picked":["Clothesline","Thunderclap","Rage"],"picked":"SKIP","floor":7.0},{"not_picked":["Berserk","Blood for Blood"],"picked":"Offering+1","floor":10.0},{"not_picked":["Clothesline","Second Wind+1"],"picked":"Armaments+1","floor":11.0},{"not_picked":["Anger","Cleave"],"picked":"True Grit+1","floor":13.0},{"not_picked":["Reaper","Corruption"],"picked":"Barricade","floor":16.0},{"not_picked":["Fire Breathing+1","Twin Strike+1"],"picked":"Sentinel+1","floor":18.0},{"not_picked":["Metallicize","Perfected Strike+1"],"picked":"Blood for Blood","floor":22.0},{"not_picked":["Anger","Heavy Blade+1"],"picked":"Battle Trance+1","floor":24.0},{"not_picked":["Infernal Blade+1","Heavy Blade","Shrug It Off+1"],"picked":"SKIP","floor":25.0},{"not_picked":["Pummel","Metallicize"],"picked":"Burning Pact+1","floor":27.0},{"not_picked":["Wild Strike","Clash+1"],"picked":"Armaments+1","floor":30.0},{"not_picked":["Rage+1","Infernal Blade+1","Perfected Strike+1"],"picked":"SKIP","floor":31.0},{"not_picked":["Bludgeon","Corruption"],"picked":"Reaper","floor":33.0},{"not_picked":["Seeing Red+1","Armaments+1","Dropkick"],"picked":"SKIP","floor":35.0},{"not_picked":["Rampage+1","True Grit+1","Disarm+1"],"picked":"SKIP","floor":36.0},{"not_picked":["Trip+1","Blind+1"],"picked":"Finesse+1","floor":37.0},{"not_picked":["Twin Strike+1","Iron Wave"],"picked":"Dual Wield+1","floor":39.0},{"not_picked":["Seeing Red+1","Warcry+1","Inflame"],"picked":"SKIP","floor":40.0},{"not_picked":["Perfected Strike","Rampage+1"],"picked":"Power Through+1","floor":42.0},{"not_picked":["Immolate","Blood for Blood+1"],"picked":"Shockwave+1","floor":46.0},{"not_picked":["Reckless Charge+1","Battle Trance+1","Sentinel+1"],"picked":"SKIP","floor":47.0},{"not_picked":["Metallicize","Havoc+1","Clothesline"],"picked":"Dark Embrace+1","floor":54.0}],"player_experience":262847,"relics_obtained":[{"floor":6.0,"key":"Eternal Feather"},{"floor":9.0,"key":"Toxic Egg 2"},{"floor":10.0,"key":"FossilizedHelix"},{"floor":13.0,"key":"StrikeDummy"},{"floor":19.0,"key":"Enchiridion"},{"floor":24.0,"key":"CeramicFish"},{"floor":26.0,"key":"Mercury Hourglass"},{"floor":40.0,"key":"Shovel"},{"floor":41.0,"key":"Lizard Tail"},{"floor":42.0,"key":"Lantern"},{"floor":45.0,"key":"Mango"},{"floor":46.0,"key":"Boot"},{"floor":52.0,"key":"Blue Candle"},{"floor":54.0,"key":"Turnip"}],"event_choices":[{"damage_healed":0.0,"max_hp_gain":0.0,"max_hp_loss":0.0,"gold_gain":0.0,"cards_transformed":["Strike_R"],"event_name":"Transmorgrifier","player_choice":"Transformed","floor":3.0,"gold_loss":0.0,"damage_taken":0.0,"cards_obtained":["Entrench"]},{"damage_healed":0.0,"max_hp_gain":0.0,"max_hp_loss":0.0,"gold_gain":0.0,"event_name":"FaceTrader","player_choice":"Trade","floor":8.0,"gold_loss":0.0,"damage_taken":0.0,"relics_obtained":["SsserpentHead"]},{"cards_removed":["Strike_R"],"damage_healed":0.0,"max_hp_gain":0.0,"max_hp_loss":0.0,"gold_gain":0.0,"event_name":"Living Wall","player_choice":"Forget","floor":14.0,"gold_loss":0.0,"damage_taken":0.0},{"damage_healed":0.0,"max_hp_gain":0.0,"max_hp_loss":0.0,"gold_gain":0.0,"event_name":"Cursed Tome","player_choice":"Obtained Book","floor":19.0,"gold_loss":0.0,"damage_taken":16.0},{"damage_healed":0.0,"max_hp_gain":0.0,"max_hp_loss":0.0,"gold_gain":0.0,"event_name":"Addict","player_choice":"Obtained Relic","floor":21.0,"gold_loss":85.0,"damage_taken":0.0,"relics_obtained":["Pantograph"]},{"damage_healed":0.0,"max_hp_gain":0.0,"max_hp_loss":0.0,"gold_gain":0.0,"event_name":"SensoryStone","player_choice":"Memory 1","floor":37.0,"gold_loss":0.0,"damage_taken":0.0},{"damage_healed":0.0,"max_hp_gain":0.0,"max_hp_loss":0.0,"gold_gain":0.0,"event_name":"Wheel of Change","player_choice":"Cursed","floor":38.0,"gold_loss":0.0,"damage_taken":0.0,"cards_obtained":["Decay"]},{"damage_healed":0.0,"max_hp_gain":0.0,"max_hp_loss":0.0,"gold_gain":0.0,"event_name":"WeMeetAgain","player_choice":"Gave Potion","floor":44.0,"gold_loss":0.0,"damage_taken":0.0,"relics_obtained":["Dream Catcher"]}],"is_beta":false,"boss_relics":[{"not_picked":["Runic Pyramid","Velvet Choker"],"picked":"Pandora\u0027s Box"},{"not_picked":["SlaversCollar","Empty Cage"],"picked":"Sozu"}],"items_purged_floors":[2,20,29,48],"is_endless":false,"potions_floor_spawned":[7,10,11,13,24,31,36,46,47],"ascension_level":10}}