{"host":"pletss163z7s8pvv","time":1612933048,"event":{"mods":["AchievementEnabler","BaseMod","Better Altar","Better Match","Better Note","Better Sensory Stone","Better Skull","Better Third Choice","BetterRewards","CapriCore","ChefMod","Colored Map","Colored Powertips","Conspire","Energized Spire","Evolution","GifTheSpireLib","Hermit","Ironclad Rager","Jedi Mod","Marked Mod","Minty Spire (QoL Compilation)","Retaliation","Spicy Shops","StS++","StSLib","The Alterego","The Blue Laboratory","The Cursed","The Disciple","The Forsaken"],"gold_per_floor":[111,386,401,418,16,16,34,47,47,59,77,110,128,0,0,102,102,121,121,141,5,17,17,17,30,54,67,67,67,19,33,33,33,33],"floor_reached":33,"language":"ENG","playtime":1214,"items_purged":["Regret"],"score":453,"play_id":"618d97dd-3aef-4d1c-af12-120a53fe993d","local_time":"20210209225728","is_ascension_mode":false,"campfire_choices":[{"floor":6,"key":"RECALL"},{"floor":15,"key":"REST"},{"floor":23,"key":"REST"},{"data":"A Thousand Cuts","floor":24,"key":"SMITH"},{"floor":32,"key":"REST"}],"circlet_count":0,"master_deck":["Quick Slash","Quick Slash","Quick Slash","Quick Slash","Quick Slash","Backflip","Backflip","Backflip","Backflip","Backflip","Survivor","Neutralize","Die Die Die","Deflect","Finisher","Underhanded Strike","A Thousand Cuts+1","jedi:poisonivy","Blade Dance","Noxious Fumes","StSpp:PoisonousPunch","Dagger Spray","Dash","Dash","jedi:poisonivy","StSpp:StrikeFirst","jedi:studypoison","All Out Attack+1","Prepared+1","StSpp:PoisonousPunch","Infinite Blades","StSpp:PoisonousPunch","Leg Sweep","Footwork","Quick Slash","Quick Slash","Quick Slash","Quick Slash","Quick Slash","Backflip","Backflip","Backflip","Backflip","Backflip","Survivor","Neutralize","Die Die Die","Deflect","Finisher","Underhanded Strike","A Thousand Cuts+1","jedi:poisonivy","Blade Dance","Noxious Fumes","StSpp:PoisonousPunch","Dagger Spray","Dash","Dash","jedi:poisonivy","StSpp:StrikeFirst","jedi:studypoison+1","All Out Attack+1","Prepared+1","StSpp:PoisonousPunch","Infinite Blades","StSpp:PoisonousPunch","Leg Sweep","Footwork","Flying Knee","Deflect+1"],"relics":["Ring of the Snake","EVO:Axolotl","conspire:GiftBox","Lee\u0027s Waffle","jedi:cryingmask","Philosopher\u0027s Stone","jedi:rubbersling"],"acts_visited":["Exordium","TheCity"],"potions_floor_usage":[16,33,33,33],"damage_taken":[{"damage":10,"enemies":"Small Slimes","floor":1,"turns":2},{"damage":0,"enemies":"Jaw Worm","floor":3,"turns":3},{"damage":0,"enemies":"2 Louse","floor":4,"turns":1},{"damage":16,"enemies":"Blue Slaver","floor":7,"turns":3},{"damage":2,"enemies":"Looter","floor":8,"turns":2},{"damage":0,"enemies":"2 Fungi Beasts","floor":10,"turns":2},{"damage":0,"enemies":"Red Slaver","floor":11,"turns":1},{"damage":14,"enemies":"Gremlin Nob","floor":12,"turns":3},{"damage":7,"enemies":"conspire:2 RoseBushes","floor":13,"turns":4},{"damage":51,"enemies":"The Guardian","floor":16,"turns":8},{"damage":19,"enemies":"Shell Parasite","floor":18,"turns":3},{"damage":9,"enemies":"2 Thieves","floor":20,"turns":3},{"damage":43,"enemies":"Centurion and Healer","floor":22,"turns":4},{"damage":4,"enemies":"Cultist and Chosen","floor":25,"turns":4},{"damage":1,"enemies":"Snecko","floor":27,"turns":3},{"damage":29,"enemies":"Snake Plant","floor":31,"turns":3},{"damage":56,"enemies":"Champ","floor":33,"turns":6}],"seed_played":"-69268236432425668","potions_obtained":[{"floor":3,"key":"blueLaboratory:FruitPunch"},{"floor":7,"key":"jedi:wingpotion"},{"floor":8,"key":"Explosive Potion"},{"floor":10,"key":"Poison Potion"},{"floor":18,"key":"blueLaboratory:NinjaPotion"},{"floor":20,"key":"blueLaboratory:SuffocatingSmog"},{"floor":25,"key":"blueLaboratory:NinjaPotion"}],"is_trial":false,"path_per_floor":["M","?","M","M","$","R","M","M","T","M","M","E","M","$","R","B",null,"M","?","M","$","M","R","R","M","T","M","?","?","$","M","R","B"],"character_chosen":"THE_SILENT","items_purchased":["conspire:GiftBox","Lee\u0027s Waffle","jedi:poisonivy","jedi:poisonivy","StSpp:StrikeFirst","StSpp:PoisonousPunch","Infinite Blades","Flying Knee"],"campfire_rested":3,"item_purchase_floors":[5,5,5,14,14,21,21,30],"current_hp_per_floor":[76,76,76,76,93,93,77,75,75,75,75,61,54,54,81,32,95,76,76,67,67,24,52,52,48,48,47,47,47,47,18,46,0,0],"gold":33,"neow_bonus":"ONE_RANDOM_RARE_CARD","is_daily":false,"chose_seed":false,"campfire_upgraded":1,"win_rate":0.0,"timestamp":1612933048,"path_taken":["M","?","?","M","$","R","M","M","T","M","M","E","M","$","R","BOSS","M","?","M","$","M","R","R","M","T","M","?","?","$","M","R","BOSS"],"items_purchased_type":["Relic","Relic","Card","Card","Card","Card","Card","Card"],"build_version":"2020-12-22","purchased_purges":1,"victory":false,"max_hp_per_floor":[86,86,86,86,93,93,93,93,93,93,93,93,93,93,93,95,95,95,95,95,95,95,95,95,95,95,95,95,95,95,95,95,95,95],"card_choices":[{"not_picked":["Outmaneuver","Dodge and Roll"],"picked":"Deflect","floor":1},{"not_picked":["Well Laid Plans","Setup"],"picked":"Finisher","floor":3},{"not_picked":["Masterful Stab","Expertise"],"picked":"Underhanded Strike","floor":4},{"not_picked":["Bullet Time","Tools of the Trade"],"picked":"A Thousand Cuts","floor":5},{"not_picked":["Escape Plan","Crippling Poison"],"picked":"Blade Dance","floor":7},{"not_picked":["Footwork","Quick Slash"],"picked":"Noxious Fumes","floor":8},{"not_picked":["Acrobatics","Bane"],"picked":"StSpp:PoisonousPunch","floor":10},{"not_picked":["StSpp:Dive","Quick Slash"],"picked":"Dagger Spray","floor":11},{"not_picked":["Flechettes","Masterful Stab"],"picked":"Dash","floor":12},{"not_picked":["Choke","Dodge and Roll"],"picked":"Dash","floor":13},{"not_picked":["A Thousand Cuts","StSpp:Landslide"],"picked":"jedi:studypoison","floor":16},{"not_picked":["Reflex","Deflect"],"picked":"All Out Attack+1","floor":18},{"not_picked":["Acrobatics","Underhanded Strike+1"],"picked":"Prepared+1","floor":20},{"not_picked":["conspire:DoublingDagger","jedi:poisonivy"],"picked":"StSpp:PoisonousPunch","floor":22},{"not_picked":["Dodge and Roll","Underhanded Strike"],"picked":"Leg Sweep","floor":25},{"not_picked":["Predator","Dagger Throw"],"picked":"Footwork","floor":27},{"not_picked":["Dodge and Roll","Setup"],"picked":"Deflect+1","floor":31}],"player_experience":514390,"relics_obtained":[{"floor":12,"key":"jedi:cryingmask"},{"floor":26,"key":"jedi:rubbersling"}],"event_choices":[{"damage_healed":0,"gold_gain":275,"player_choice":"Desecrate","damage_taken":0,"max_hp_gain":0,"max_hp_loss":0,"event_name":"Golden Shrine","floor":2,"gold_loss":0,"cards_obtained":["Regret"]},{"cards_removed":["Injury"],"damage_healed":0,"gold_gain":0,"player_choice":"Purged","damage_taken":0,"max_hp_gain":0,"max_hp_loss":0,"event_name":"Purifier","floor":19,"gold_loss":0},{"damage_healed":0,"gold_gain":0,"player_choice":"Upgraded","damage_taken":0,"max_hp_gain":0,"max_hp_loss":0,"event_name":"Upgrade Shrine","floor":29,"gold_loss":0,"cards_upgraded":["jedi:studypoison"]}],"is_beta":false,"boss_relics":[{"not_picked":["Pandora\u0027s Box","conspire:RunicOctahedron"],"picked":"Philosopher\u0027s Stone"}],"items_purged_floors":[5],"is_endless":false,"potions_floor_spawned":[3,7,8,10,13,18,20,25,31],"killed_by":"Champ","ascension_level":0}}