{"host":"kt2jzujlwvzydtbu","time":1612971375,"event":{"mods":["BaseMod","Bestiary","Minty Spire (QoL Compilation)","SacredBarkPlus","StSLib"],"gold_per_floor":[367,367,367,379,395,395,410,26,26,101,128,128,52,227,227,227,227],"floor_reached":16,"language":"ENG","playtime":503,"items_purged":["Strike_R"],"score":178,"play_id":"d009a276-061f-4458-9c1e-8e65f02d07c8","local_time":"20210210233615","is_ascension_mode":true,"campfire_choices":[{"data":"Barricade","floor":6.0,"key":"SMITH"},{"floor":15,"key":"REST"}],"circlet_count":0,"master_deck":["Strike_R","Strike_R","Strike_R","Defend_R","Defend_R","Defend_R+1","Defend_R","Bash","Cleave+1","Sword Boomerang","Barricade+1","Flex","Shockwave+1","Metallicize","Doubt"],"relics":["Burning Blood","Question Card","Toxic Egg 2","Prayer Wheel"],"acts_visited":["Exordium"],"potions_floor_usage":[11,11,11],"damage_taken":[{"damage":0.0,"enemies":"Small Slimes","floor":1.0,"turns":3.0},{"damage":1.0,"enemies":"Cultist","floor":4.0,"turns":3.0},{"damage":7.0,"enemies":"2 Louse","floor":5.0,"turns":2.0},{"damage":16.0,"enemies":"2 Fungi Beasts","floor":7.0,"turns":3.0},{"damage":0,"enemies":"3 Sentries","floor":11,"turns":5},{"damage":24,"enemies":"The Guardian","floor":16,"turns":7}],"seed_played":"9084070561720747012","potions_obtained":[{"floor":3.0,"key":"CultistPotion"},{"floor":3.0,"key":"Explosive Potion"},{"floor":3.0,"key":"DuplicationPotion"},{"floor":4.0,"key":"HeartOfIron"},{"floor":11,"key":"Fire Potion"}],"is_trial":false,"path_per_floor":["M","?","?","M","M","R","M","$","T","?","E","?","$","?","R","B"],"character_chosen":"IRONCLAD","items_purchased":["Question Card","Block Potion","Metallicize"],"campfire_rested":1,"item_purchase_floors":[8,8,13],"current_hp_per_floor":[57,50,50,55,54,54,44,44,44,33,39,23,23,23,47,23,23],"gold":227,"neow_bonus":"TWO_FIFTY_GOLD","is_daily":false,"chose_seed":false,"campfire_upgraded":1,"win_rate":0.0,"timestamp":1612971375,"path_taken":["M","?","?","M","?","R","M","$","T","?","E","?","$","?","R","BOSS"],"items_purchased_type":["Relic","Potion","Card"],"build_version":"2020-12-22","purchased_purges":1,"victory":false,"max_hp_per_floor":[80,80,80,80,80,80,80,80,80,80,80,80,80,80,80,80,80],"card_choices":[{"not_picked":["Clothesline","Dual Wield"],"picked":"Cleave","floor":1.0},{"not_picked":["True Grit","Anger"],"picked":"Sword Boomerang","floor":4.0},{"not_picked":["Body Slam","Bloodletting"],"picked":"Barricade","floor":5.0},{"not_picked":["Burning Pact","Havoc"],"picked":"Flex","floor":7.0},{"not_picked":["Shrug It Off+1","Heavy Blade","Wild Strike"],"picked":"Shockwave+1","floor":11}],"player_experience":514397,"relics_obtained":[{"floor":9.0,"key":"Toxic Egg 2"},{"floor":11,"key":"Prayer Wheel"}],"event_choices":[{"cards_removed":["Strike_R"],"damage_healed":0.0,"max_hp_gain":0.0,"max_hp_loss":0.0,"gold_gain":0.0,"event_name":"Golden Wing","player_choice":"Card Removal","floor":2.0,"gold_loss":0.0,"damage_taken":7.0},{"damage_healed":0.0,"max_hp_gain":0.0,"max_hp_loss":0.0,"gold_gain":0.0,"event_name":"Lab","player_choice":"Got Potions","floor":3.0,"gold_loss":0.0,"damage_taken":0.0},{"damage_healed":0.0,"max_hp_gain":0.0,"max_hp_loss":0.0,"gold_gain":75.0,"event_name":"World of Goop","player_choice":"Gather Gold","floor":10.0,"gold_loss":0.0,"damage_taken":11.0},{"damage_healed":0,"gold_gain":0,"player_choice":"Entered Light","damage_taken":16,"max_hp_gain":0,"max_hp_loss":0,"event_name":"Shining Light","floor":12,"gold_loss":0,"cards_upgraded":["Defend_R","Cleave"]},{"damage_healed":0,"gold_gain":175,"player_choice":"AGREE","damage_taken":0,"max_hp_gain":0,"max_hp_loss":0,"event_name":"Liars Game","floor":14,"gold_loss":0,"cards_obtained":["Doubt"]}],"is_beta":false,"boss_relics":[],"items_purged_floors":[8],"is_endless":false,"potions_floor_spawned":[4,11],"killed_by":"The Guardian","ascension_level":9}}