{"host":"epc8efk9vrywpcsw","time":1612971698,"event":{"mods":["BaseMod","Minty Spire (QoL Compilation)","Relic Stats","StSLib"],"gold_per_floor":[112,31,31,106,121,121,152,164,215,215,240,240,28,44,44,123,123,123,123,78,78,78,78],"floor_reached":22,"language":"ENG","playtime":493,"items_purged":[],"score":349,"play_id":"a873341b-ad61-40d0-b4a6-76aabea74e82","local_time":"20210210164138","is_ascension_mode":true,"campfire_choices":[{"data":"Zap","floor":6,"key":"SMITH"},{"data":"Defragment","floor":12,"key":"SMITH"},{"data":"Storm","floor":15,"key":"SMITH"}],"circlet_count":0,"master_deck":["AscendersBane","Strike_B","Strike_B","Strike_B","Strike_B","Defend_B","Defend_B","Defend_B","Defend_B","Zap+1","Dualcast","Storm+1","Sunder+1","Genetic Algorithm","Defragment+1","Rebound+1","Self Repair","BootSequence","Echo Form","Ball Lightning+1","Static Discharge"],"relics":["Cracked Core","Pen Nib","MealTicket","Regal Pillow","Molten Egg 2","Centennial Puzzle","Ectoplasm"],"acts_visited":["Exordium","TheCity"],"potions_floor_usage":[1,16],"damage_taken":[{"damage":4,"enemies":"Jaw Worm","floor":1,"turns":4},{"damage":0,"enemies":"2 Louse","floor":5,"turns":2},{"damage":18,"enemies":"Gremlin Nob","floor":7,"turns":3},{"damage":6,"enemies":"Cultist","floor":8,"turns":3},{"damage":30,"enemies":"Lagavulin","floor":11,"turns":7},{"damage":7,"enemies":"Looter","floor":14,"turns":3},{"damage":10,"enemies":"Hexaghost","floor":16,"turns":7},{"damage":11,"enemies":"Spheric Guardian","floor":18,"turns":3},{"damage":14,"enemies":"2 Thieves","floor":20,"turns":3},{"damage":27,"enemies":"3 Cultists","floor":21,"turns":4},{"damage":26,"enemies":"Snake Plant","floor":22,"turns":3}],"seed_played":"5775270681227677451","potions_obtained":[{"floor":1,"key":"Fruit Juice"},{"floor":7,"key":"SteroidPotion"},{"floor":8,"key":"DistilledChaos"},{"floor":20,"key":"LiquidBronze"}],"is_trial":false,"path_per_floor":["M","$","?","?","M","R","E","M","T","?","E","R","$","M","R","B",null,"M","?","M","M","M"],"character_chosen":"DEFECT","items_purchased":["Sunder","Self Repair","Centennial Puzzle"],"campfire_rested":0,"item_purchase_floors":[2,13,13],"current_hp_per_floor":[65,65,65,54,54,54,36,30,30,35,5,5,20,13,13,10,63,52,46,39,19,0,0],"gold":78,"neow_bonus":"RANDOM_COMMON_RELIC","is_daily":false,"chose_seed":false,"campfire_upgraded":3,"win_rate":0.0,"timestamp":1612971698,"path_taken":["M","$","?","?","M","R","E","M","T","?","E","R","?","M","R","BOSS","M","?","?","M","M"],"items_purchased_type":["Card","Card","Relic"],"build_version":"2020-12-22","purchased_purges":0,"victory":false,"max_hp_per_floor":[76,76,76,76,76,76,76,76,76,81,81,81,81,81,81,81,81,81,81,81,81,81,81],"relic_stats":{"Regal Pillow":0,"Centennial Puzzle":[18],"counters":[11,42],"MealTicket":15,"Pen Nib":[3],"Ectoplasm":92,"obtain_stats":[{"Regal Pillow":9,"Centennial Puzzle":13,"MealTicket":7,"Molten Egg 2":11,"Pen Nib":0,"Ectoplasm":17,"Cracked Core":0},{"Regal Pillow":4,"Centennial Puzzle":5,"MealTicket":3,"Molten Egg 2":5,"Pen Nib":0,"Ectoplasm":7,"Cracked Core":0},{"Regal Pillow":12,"Centennial Puzzle":19,"MealTicket":9,"Molten Egg 2":19,"Pen Nib":0,"Ectoplasm":29,"Cracked Core":0}]},"card_choices":[{"not_picked":["Turbo","Compile Driver"],"picked":"Storm","floor":1},{"not_picked":["Loop","Rebound"],"picked":"Genetic Algorithm","floor":5},{"not_picked":["FTL","Coolheaded"],"picked":"Defragment","floor":7},{"not_picked":["Redo","Rebound","Leap"],"picked":"SKIP","floor":8},{"not_picked":["Reprogram","Aggregate"],"picked":"Rebound+1","floor":11},{"not_picked":["Steam","Gash+1"],"picked":"BootSequence","floor":14},{"not_picked":["Seek","Rainbow"],"picked":"Echo Form","floor":16},{"not_picked":["Steam","Barrage+1"],"picked":"Ball Lightning+1","floor":18},{"not_picked":["Darkness","Fusion","Aggregate"],"picked":"SKIP","floor":20},{"not_picked":["Chaos","Coolheaded"],"picked":"Static Discharge","floor":21}],"player_experience":513556,"relics_obtained":[{"floor":7,"key":"MealTicket"},{"floor":9,"key":"Regal Pillow"},{"floor":11,"key":"Molten Egg 2"}],"event_choices":[{"damage_healed":0,"gold_gain":0,"player_choice":"Grow","damage_taken":0,"max_hp_gain":0,"max_hp_loss":0,"event_name":"Living Wall","floor":3,"gold_loss":0,"cards_upgraded":["Sunder"]},{"damage_healed":0,"gold_gain":75,"player_choice":"Gather Gold","damage_taken":11,"max_hp_gain":0,"max_hp_loss":0,"event_name":"World of Goop","floor":4,"gold_loss":0},{"damage_healed":0,"gold_gain":0,"player_choice":"Donut","damage_taken":0,"max_hp_gain":5,"max_hp_loss":0,"event_name":"Big Fish","floor":10,"gold_loss":0},{"damage_healed":0,"gold_gain":0,"player_choice":"","damage_taken":6,"max_hp_gain":0,"max_hp_loss":0,"event_name":"Knowing Skull","floor":19,"potions_obtained":[],"gold_loss":0,"cards_obtained":[]}],"is_beta":false,"boss_relics":[{"not_picked":["Black Star","Runic Dome"],"picked":"Ectoplasm"}],"items_purged_floors":[],"is_endless":false,"potions_floor_spawned":[1,7,8,11,20],"killed_by":"Snake Plant","ascension_level":16}}