{"host":"TheHustler","time":1612961159,"event":{"mods":["BaseMod","Block Reminder","Colored Map","Colored Powertips","Minty Spire (QoL Compilation)","Quick Restart","StSLib","SuperFastMode","Unceasing Turn Reminder"],"gold_per_floor":[144,144,189,234,9,99,99,189,189,154,199,274,364,409,409,709,709,754,799,844,925,925,1015,1015,1015,1065,1167,1224,1281,1293,1350,1362,1674,1686,1743,1755,1812,2046,1576,1666,1666,1711,1736,1736,1781,1781,1826,1826,1826,1826],"floor_reached":51,"language":"ENG","playtime":1646,"items_purged":["Backflip"],"score":837,"play_id":"09bacbd0-9adf-418c-acc3-e6bb4579a288","local_time":"20210210134559","daily_mods":["SealedDeck","Purple Cards","Midas"],"is_ascension_mode":false,"campfire_choices":[{"floor":7.0,"key":"REST"},{"floor":15,"key":"REST"},{"floor":24,"key":"REST"},{"floor":32,"key":"REST"},{"floor":41,"key":"REST"},{"floor":46,"key":"REST"},{"floor":49,"key":"REST"}],"circlet_count":0,"master_deck":["Slice","Prepared","Dagger Throw","Acrobatics","Backflip","Bouncing Flask","Evaluate","Blade Dance","FollowUp","Consecrate","Flechettes","Underhanded Strike","Wish","Reflex","Cloak And Dagger+1","Endless Agony+1","Noxious Fumes+1","WaveOfTheHand","Outmaneuver","Envenom","Study","Master of Strategy","Underhanded Strike+1","Good Instincts","Apotheosis","Trip","Tactician","Heel Hook"],"relics":["Ring of the Snake","ClockworkSouvenir","Snake Skull","Vajra","Centennial Puzzle","PreservedInsect","WristBlade","Red Mask","Nilry\u0027s Codex","Bottled Flame","MawBank","Prayer Wheel","Runic Dome","Membership Card","Question Card","Sundial","Eternal Feather","Bag of Preparation"],"acts_visited":["Exordium","TheCity","TheBeyond"],"potions_floor_usage":[50,50,50],"damage_taken":[{"damage":5.0,"enemies":"Jaw Worm","floor":1.0,"turns":3.0},{"damage":0.0,"enemies":"Small Slimes","floor":3.0,"turns":2.0},{"damage":0.0,"enemies":"Cultist","floor":4.0,"turns":2.0},{"damage":10.0,"enemies":"Gremlin Nob","floor":6.0,"turns":3.0},{"damage":19.0,"enemies":"Lagavulin","floor":8.0,"turns":5.0},{"damage":0.0,"enemies":"2 Fungi Beasts","floor":11.0,"turns":1.0},{"damage":3,"enemies":"3 Sentries","floor":13,"turns":3},{"damage":0,"enemies":"Large Slime","floor":14,"turns":3},{"damage":10,"enemies":"Slime Boss","floor":16,"turns":5},{"damage":0,"enemies":"3 Byrds","floor":18,"turns":2},{"damage":5,"enemies":"2 Thieves","floor":19,"turns":2},{"damage":18,"enemies":"Snake Plant","floor":20,"turns":3},{"damage":0,"enemies":"Masked Bandits","floor":21,"turns":2},{"damage":3,"enemies":"Slavers","floor":23,"turns":2},{"damage":0,"enemies":"Gremlin Leader","floor":27,"turns":3},{"damage":0,"enemies":"Chosen and Byrds","floor":28,"turns":2},{"damage":0,"enemies":"Shelled Parasite and Fungi","floor":29,"turns":3},{"damage":3,"enemies":"Centurion and Healer","floor":31,"turns":5},{"damage":53,"enemies":"Collector","floor":33,"turns":10},{"damage":12,"enemies":"3 Shapes","floor":35,"turns":3},{"damage":5,"enemies":"Orb Walker","floor":37,"turns":2},{"damage":42,"enemies":"Nemesis","floor":40,"turns":5},{"damage":25,"enemies":"Maw","floor":42,"turns":4},{"damage":4,"enemies":"Sphere and 2 Shapes","floor":45,"turns":2},{"damage":8,"enemies":"4 Shapes","floor":47,"turns":7},{"damage":42,"enemies":"Awakened One","floor":50,"turns":8}],"seed_played":"-5810517303651203205","potions_obtained":[{"floor":1.0,"key":"PowerPotion"},{"floor":3.0,"key":"Explosive Potion"},{"floor":6.0,"key":"Ancient Potion"},{"floor":27,"key":"Dexterity Potion"},{"floor":45,"key":"DistilledChaos"}],"is_trial":false,"path_per_floor":["M","?","M","M","$","E","R","E","T","?","M","?","E","M","R","B",null,"M","M","M","?","?","E","R","?","T","E","M","M","?","M","R","B",null,"M","?","M","?","$","E","R","M","T","?","M","R","M","?","R","B",null],"character_chosen":"THE_SILENT","items_purchased":["ClockworkSouvenir","Membership Card","Question Card","Sundial","Master of Strategy"],"campfire_rested":7,"item_purchase_floors":[5,39,39,39,39],"current_hp_per_floor":[65,65,65,65,65,55,70,51,51,68,68,61,58,58,70,60,70,70,65,47,47,31,28,49,49,49,49,49,49,80,77,80,27,80,68,68,63,63,63,21,57,32,32,22,18,57,49,49,80,38],"gold":1826,"neow_bonus":"","is_daily":true,"chose_seed":false,"campfire_upgraded":0,"win_rate":0.0,"timestamp":1612961159,"path_taken":["M","?","M","M","$","E","R","E","T","?","M","?","E","?","R","BOSS","M","M","M","?","?","E","R","?","T","E","?","M","?","M","R","BOSS","M","?","?","?","$","E","R","M","T","?","M","R","M","?","R","BOSS"],"items_purchased_type":["Relic","Relic","Relic","Relic","Card"],"build_version":"2020-12-18","purchased_purges":1,"victory":true,"max_hp_per_floor":[70,70,70,70,70,70,70,70,70,70,70,70,70,70,70,70,70,70,70,70,70,70,70,70,70,70,70,70,70,80,80,80,80,80,80,80,80,80,80,80,80,80,80,80,80,80,80,80,80,80],"card_choices":[{"not_picked":["EmptyBody","Dagger Throw"],"picked":"FollowUp","floor":1.0},{"not_picked":["Sanctity","Endless Agony"],"picked":"Consecrate","floor":3.0},{"not_picked":["Sucker Punch","Evaluate","Protect"],"picked":"SKIP","floor":4.0},{"not_picked":["Prepared","Blasphemy"],"picked":"Flechettes","floor":6.0},{"not_picked":["EmptyBody","LikeWater"],"picked":"Underhanded Strike","floor":8.0},{"not_picked":["Protect","Acrobatics","Backflip"],"picked":"SKIP","floor":11.0},{"not_picked":["WheelKick","Consecrate","Deadly Poison"],"picked":"SKIP","floor":13},{"not_picked":["Outmaneuver","Consecrate"],"picked":"Wish","floor":14},{"not_picked":["SpiritShield","Vault"],"picked":"Judgement","floor":16},{"not_picked":["EmptyMind","WindmillStrike","FlyingSleeves"],"picked":"SKIP","floor":18},{"not_picked":["FlurryOfBlows","Noxious Fumes+1"],"picked":"Reflex","floor":19},{"not_picked":["SandsOfTime+1","BowlingBash"],"picked":"Cloak And Dagger+1","floor":20},{"not_picked":["PiercingWail","Blade Dance"],"picked":"Endless Agony+1","floor":21},{"not_picked":["Prostrate","Deadly Poison","Poisoned Stab"],"picked":"SKIP","floor":23},{"not_picked":["Bane","Deflect+1"],"picked":"Noxious Fumes+1","floor":27},{"not_picked":["Flying Knee","CutThroughFate"],"picked":"WaveOfTheHand","floor":28},{"not_picked":["Consecrate","InnerPeace+1","Tantrum"],"picked":"SKIP","floor":28},{"not_picked":["Bane","Adaptation","FlyingSleeves+1"],"picked":"SKIP","floor":29},{"not_picked":["Outmaneuver","WindmillStrike","Protect"],"picked":"SKIP","floor":29},{"not_picked":["WindmillStrike","Protect"],"picked":"Outmaneuver","floor":29},{"not_picked":["Bane","Adaptation","FlyingSleeves+1"],"picked":"SKIP","floor":29},{"not_picked":["Evaluate","Dagger Spray+1","Bane"],"picked":"SKIP","floor":31},{"not_picked":["EmptyFist","Outmaneuver","Predator"],"picked":"SKIP","floor":31},{"not_picked":["Alpha","Doppelganger"],"picked":"Envenom","floor":33},{"not_picked":["FlyingSleeves","Protect+1","EmptyBody"],"picked":"SKIP","floor":35},{"not_picked":["Sucker Punch","Leg Sweep+1","SignatureMove"],"picked":"SKIP","floor":35},{"not_picked":["Noxious Fumes","Cloak And Dagger","Quick Slash"],"picked":"SKIP","floor":37},{"not_picked":["Crescendo","FlyingSleeves","Prostrate"],"picked":"SKIP","floor":37},{"not_picked":["JustLucky","EmptyFist+1","Well Laid Plans","InnerPeace"],"picked":"SKIP","floor":40},{"not_picked":["Protect+1","Cloak And Dagger+1","Eviscerate"],"picked":"Underhanded Strike+1","floor":42},{"not_picked":["Judgement","Pray+1","ThirdEye","Flying Knee+1"],"picked":"SKIP","floor":42},{"not_picked":["Panache","Trip","Jack Of All Trades"],"picked":"Good Instincts","floor":44},{"not_picked":["Blind","Enlightenment","Flash of Steel"],"picked":"Apotheosis","floor":44},{"not_picked":["Discovery","The Bomb","Purity"],"picked":"Trip","floor":44},{"not_picked":["Blade Dance+1","Prepared","BattleHymn+1","Bane"],"picked":"SKIP","floor":45},{"not_picked":["Blade Dance+1","Slice","Deflect","Vengeance+1"],"picked":"SKIP","floor":45},{"not_picked":["Swivel","EmptyFist+1","Slice"],"picked":"Tactician","floor":47},{"not_picked":["Prepared","Bullet Time","Quick Slash"],"picked":"Heel Hook","floor":47}],"player_experience":672774,"relics_obtained":[{"floor":6.0,"key":"Snake Skull"},{"floor":8.0,"key":"Vajra"},{"floor":9.0,"key":"Centennial Puzzle"},{"floor":13,"key":"PreservedInsect"},{"floor":21,"key":"Red Mask"},{"floor":22,"key":"Nilry\u0027s Codex"},{"floor":23,"key":"Bottled Flame"},{"floor":26,"key":"MawBank"},{"floor":27,"key":"Prayer Wheel"},{"floor":40,"key":"Eternal Feather"},{"floor":43,"key":"Bag of Preparation"}],"event_choices":[{"damage_healed":0.0,"max_hp_gain":0.0,"max_hp_loss":0.0,"gold_gain":0.0,"event_name":"Liars Game","player_choice":"Ignored","floor":2.0,"gold_loss":0.0,"damage_taken":0.0},{"damage_healed":17.0,"max_hp_gain":0.0,"max_hp_loss":0.0,"gold_gain":0.0,"event_name":"The Cleric","player_choice":"Healed","floor":10.0,"gold_loss":35.0,"damage_taken":0.0},{"damage_healed":0,"gold_gain":75,"player_choice":"Touch","damage_taken":7,"max_hp_gain":0,"max_hp_loss":0,"event_name":"FaceTrader","floor":12,"gold_loss":0},{"damage_healed":0,"gold_gain":0,"player_choice":"Fought Bandits","damage_taken":0,"max_hp_gain":0,"max_hp_loss":0,"event_name":"Masked Bandits","floor":21,"gold_loss":0},{"damage_healed":0,"gold_gain":0,"player_choice":"Obtained Book","damage_taken":16,"max_hp_gain":0,"max_hp_loss":0,"event_name":"Cursed Tome","floor":22,"gold_loss":0},{"damage_healed":0,"gold_gain":0,"cards_transformed":["Cloak And Dagger"],"player_choice":"Transformed","damage_taken":0,"max_hp_gain":0,"max_hp_loss":0,"event_name":"Transmorgrifier","floor":25,"gold_loss":0,"cards_obtained":["Dash"]},{"cards_removed":["Judgement"],"damage_healed":21,"gold_gain":0,"player_choice":"Offered Rare","damage_taken":0,"max_hp_gain":10,"max_hp_loss":0,"event_name":"Bonfire Elementals","floor":30,"gold_loss":0},{"damage_healed":0,"gold_gain":0,"cards_transformed":["Dash"],"player_choice":"Transformed","damage_taken":0,"max_hp_gain":0,"max_hp_loss":0,"event_name":"Transmorgrifier","floor":36,"gold_loss":0,"cards_obtained":["Study"]},{"damage_healed":0,"gold_gain":222,"player_choice":"Wore Mask","damage_taken":0,"max_hp_gain":0,"max_hp_loss":0,"event_name":"Tomb of Lord Red Mask","floor":38,"gold_loss":0},{"damage_healed":0,"gold_gain":0,"player_choice":"Memory 3","damage_taken":10,"max_hp_gain":0,"max_hp_loss":0,"event_name":"SensoryStone","floor":44,"gold_loss":0},{"damage_healed":0,"gold_gain":0,"player_choice":"Ignored","damage_taken":0,"max_hp_gain":0,"max_hp_loss":0,"event_name":"Mysterious Sphere","floor":48,"gold_loss":0}],"is_beta":true,"boss_relics":[{"not_picked":["Ring of the Serpent","Philosopher\u0027s Stone"],"picked":"WristBlade"},{"not_picked":["Runic Pyramid","Snecko Eye"],"picked":"Runic Dome"}],"items_purged_floors":[5],"is_endless":false,"potions_floor_spawned":[1,3,6,11,14,19,20,27,29,35,40,45,47],"ascension_level":0}}