{"host":"c8qonrr5ytpjhapa","time":1612986730,"event":{"mods":["2.2 Compatiblity","Act Like it!","BaseMod","Better Third Choice","BetterRewards","Colored Powertips","Downfall","GifTheSpireLib","Hermit","Infinite Spire","Minty Spire (QoL Compilation)","Quick Restart","Rare Cards Sparkle","Robot Space Explorer","Shop Mod","Spicy Shops","StSLib","The Alterego","The Hayseed","The Hierophant","The Necromancer","The Poker Player"],"gold_per_floor":[111,122,122,137,169,169,236,311,338,87,87,113,113,35,35,49,49],"floor_reached":16,"language":"ENG","playtime":2136,"items_purged":["hierophant:Defend_Hierophant","downfall:Haunted"],"score":150,"play_id":"76f913fd-0536-45c1-937b-07ee38efaf09","local_time":"20210210145210","is_ascension_mode":false,"campfire_choices":[{"data":"hierophant:Punish","floor":6,"key":"SMITH"},{"data":"1","floor":11,"key":"LIFT"},{"floor":13,"key":"REST"},{"data":"2","floor":15,"key":"LIFT"}],"circlet_count":0,"master_deck":["hierophant:Strike_Hierophant","hierophant:Strike_Hierophant","hierophant:Strike_Hierophant","hierophant:Strike_Hierophant","hierophant:Punish+1","hierophant:Defend_Hierophant","hierophant:Defend_Hierophant","hierophant:Defend_Hierophant","hierophant:ChurchCoffers","hierophant:Encroach","hierophant:HammerAndAnvil","hierophant:Zeal+1","hierophant:Doubloon","hierophant:CoinFling+1","downfall:Haunted","Regret","hierophant:Cornucopia","hierophant:RepressedViolence+1","hierophant:Doubloon","hierophant:Dazzle","Swivel","hierophant:RustyCrate","hierophant:Doubloon","hierophant:Doubloon"],"relics":["hierophant:PropheticMaskRelic","Molten Egg 2","Girya","Darkstone Periapt","Blood Vial","PrismaticShard"],"acts_visited":["Exordium"],"potions_floor_usage":[7,16],"damage_taken":[{"damage":0,"enemies":"Jaw Worm","floor":1,"turns":6},{"damage":3,"enemies":"2 Louse","floor":2,"turns":3},{"damage":5,"enemies":"Cultist","floor":4,"turns":4},{"damage":8,"enemies":"Looter","floor":5,"turns":3},{"damage":23,"enemies":"3 Sentries","floor":7,"turns":6},{"damage":0,"enemies":"3 Louse","floor":12,"turns":1},{"damage":62,"enemies":"Hexaghost","floor":16,"turns":11}],"seed_played":"9024868759546547464","potions_obtained":[{"floor":1,"key":"EntropicBrew"},{"floor":5,"key":"Fire Potion"},{"floor":7,"key":"Slimebound:ThreeZeroPotion"}],"is_trial":false,"path_per_floor":["M","M","?","M","M","R","E","?","T","$","R","M","R","$","R","B"],"character_chosen":"HIEROPHANT","items_purchased":["Molten Egg 2","hierophant:Encroach","hierophant:HammerAndAnvil","PrismaticShard","hierophant:RustyCrate"],"campfire_rested":1,"item_purchase_floors":[0,0,0,10,14],"current_hp_per_floor":[59,56,74,69,61,61,38,27,27,27,27,29,56,56,56,0,0],"gold":49,"neow_bonus":"","is_daily":false,"chose_seed":false,"campfire_upgraded":1,"win_rate":0.0,"timestamp":1612986730,"path_taken":["M","M","?","M","M","R","E","?","T","$","R","M","R","?","R","BOSS"],"items_purchased_type":["Relic","Card","Card","Relic","Card"],"build_version":"2020-12-22","purchased_purges":2,"victory":false,"max_hp_per_floor":[75,75,93,93,93,93,93,93,93,93,93,93,93,93,93,93,93],"card_choices":[{"not_picked":["hierophant:Encroach","hierophant:Embezzle"],"picked":"hierophant:Zeal+1","floor":1},{"not_picked":["hierophant:FaithHealing","hierophant:TollTheBells"],"picked":"hierophant:CoinFling+1","floor":2},{"not_picked":["hierophant:RecallFunds","hierophant:SealAway+1"],"picked":"hierophant:RepressedViolence+1","floor":4},{"not_picked":["hierophant:FlamingChariot+1","hierophant:MorningPrayer"],"picked":"hierophant:Dazzle","floor":5},{"not_picked":["hierophant:SealAway+1","hierophant:Dazzle","hierophant:Mercenaries+1"],"picked":"SKIP","floor":7},{"not_picked":["sneckomod:UnknownUncommonPower","Guardian:Gem_Purple"],"picked":"Swivel","floor":12}],"player_experience":96942,"relics_obtained":[{"floor":7,"key":"Blood Vial"}],"event_choices":[{"damage_healed":0,"gold_gain":75,"player_choice":"Gold","damage_taken":11,"max_hp_gain":0,"max_hp_loss":0,"event_name":"betterThird:BetterGoop","floor":8,"gold_loss":0}],"is_beta":false,"boss_relics":[],"items_purged_floors":[0,10],"is_endless":false,"potions_floor_spawned":[1,5,7],"killed_by":"Hexaghost","ascension_level":0}}