{"host":"og21o26alpnbwmz8","time":1612974625,"event":{"mods":["100% Spire Juice","Act Like it!","Aspiration","BaseMod","Conspire","Downfall","Gensokyo","Halation","Hubris","Jedi Mod","Mimic Mod","Minty Spire (QoL Compilation)","Pale of the Ancients","Reliquary","Replay The Spire","Robot Space Explorer","Shop Mod","Spikes Relics","StSLib","The Alterego","The Blue Laboratory","The Marked","Waifu the Spire"],"gold_per_floor":[109,121,121,16,33,33,33,33,33,33,33,46,57,67,67,162,42,61,77,77,77],"floor_reached":20,"language":"ENG","playtime":523,"items_purged":[],"score":218,"play_id":"cf8cd22b-2189-4e42-8cb0-2e86caf8d8e3","local_time":"20210210113025","is_ascension_mode":false,"campfire_choices":[{"data":"Moonworks:CloudOfSeagulls","floor":6,"key":"SMITH"},{"data":"Moonworks:JonathanRush","floor":11,"key":"SMITH"},{"floor":15,"key":"REST"}],"circlet_count":0,"master_deck":["conspire:GhostlyStrike","conspire:GhostlyStrike","conspire:GhostlyStrike","conspire:GhostlyStrike","conspire:GhostlyDefend","conspire:GhostlyDefend","conspire:GhostlyDefend","Moonworks:Ambush","Moonworks:LongDistanceShot","Moonworks:JonathanRush+1","Moonworks:ScrambledEve","Moonworks:CloudOfSeagulls+1","Reforge+1","Moonworks:CloudOfSeagulls","Moonworks:CloudOfSeagulls","Moonworks:Encore","Moonworks:CloudOfSeagulls+1","Moonworks:Dash"],"relics":["Moonworks:BrokenBomb","Moonworks:Homemark","NeowsBlessing","sneckomod:BlankCard","hubris:TerracottaHorce"],"acts_visited":["Exordium","TheCity"],"potions_floor_usage":[18],"damage_taken":[{"damage":0,"enemies":"conspire:RoseBush","floor":1,"turns":1},{"damage":0,"enemies":"Cultist","floor":2,"turns":1},{"damage":0,"enemies":"2 Louse","floor":4,"turns":1},{"damage":4,"enemies":"Looter","floor":5,"turns":3},{"damage":8,"enemies":"Large Slime","floor":12,"turns":4},{"damage":0,"enemies":"3 Louse","floor":13,"turns":2},{"damage":20,"enemies":"Blue Slaver","floor":14,"turns":3},{"damage":35,"enemies":"Hexaghost","floor":16,"turns":7},{"damage":31,"enemies":"2 Thieves","floor":18,"turns":4},{"damage":1,"enemies":"3 Byrds","floor":19,"turns":3},{"damage":16,"enemies":"Snake Plant","floor":20,"turns":1}],"seed_played":"-8092296416931880840","potions_obtained":[{"floor":3,"key":"Strength Potion"},{"floor":3,"key":"Swift Potion"},{"floor":3,"key":"Ancient Potion"},{"floor":19,"key":"Dexterity Potion"}],"is_trial":false,"path_per_floor":["M","M","?","M","M","R","?","?","T","?","R","M","M","M","R","B",null,"M","M","M"],"character_chosen":"THE_STARBREAKER","items_purchased":[],"campfire_rested":1,"item_purchase_floors":[],"current_hp_per_floor":[60,60,60,60,56,56,56,56,56,56,56,48,48,28,46,11,48,17,16,0,0],"gold":77,"neow_bonus":"THREE_ENEMY_KILL","is_daily":false,"chose_seed":false,"campfire_upgraded":2,"win_rate":0.0,"timestamp":1612974625,"path_taken":["M","M","?","M","?","R","?","?","T","?","R","M","M","M","R","BOSS","M","M","M"],"items_purchased_type":[],"build_version":"2020-12-22","purchased_purges":0,"victory":false,"max_hp_per_floor":[60,60,60,60,60,60,60,60,60,60,60,60,60,60,60,60,60,60,60,60,60],"card_choices":[{"not_picked":["Moonworks:IndiscriminateFireSupport","Moonworks:MiracleRedBeanIceCream"],"picked":"Moonworks:JonathanRush","floor":1},{"not_picked":["Moonworks:DevilHand","Moonworks:IndiscriminateFireSupport"],"picked":"Moonworks:ScrambledEve","floor":2},{"not_picked":["Moonworks:x16BigRocket","Moonworks:ScrambledEve"],"picked":"Moonworks:CloudOfSeagulls","floor":4},{"not_picked":["Moonworks:LulusLuckyEgg","Moonworks:Dash","Moonworks:MiracleRedBeanIceCream"],"picked":"SKIP","floor":5},{"not_picked":["Moonworks:Bloodlust","Moonworks:IndiscriminateFireSupport","Moonworks:AwakeningOfTalent"],"picked":"SKIP","floor":12},{"not_picked":["Moonworks:HolyNight","Moonworks:LulusLuckyEgg"],"picked":"Moonworks:CloudOfSeagulls","floor":13},{"not_picked":["Moonworks:SakisCookie","Moonworks:DeployBits"],"picked":"Moonworks:CloudOfSeagulls","floor":14},{"not_picked":["Moonworks:MeltingMemories","Moonworks:AccelHyper"],"picked":"Moonworks:Encore","floor":16},{"not_picked":["Moonworks:NicePresent","Moonworks:ImmovableObject"],"picked":"Moonworks:CloudOfSeagulls+1","floor":18},{"not_picked":["Moonworks:Flamethrower","Moonworks:ImOnFire"],"picked":"Moonworks:Dash","floor":19}],"player_experience":245995,"relics_obtained":[{"floor":9,"key":"sneckomod:BlankCard"}],"event_choices":[{"damage_healed":0,"gold_gain":0,"player_choice":"Got Potions","damage_taken":0,"max_hp_gain":0,"max_hp_loss":0,"event_name":"Lab","floor":3,"gold_loss":0},{"damage_healed":0,"gold_gain":0,"player_choice":"Agree","damage_taken":0,"max_hp_gain":0,"max_hp_loss":0,"event_name":"conspire:LoneGhost","floor":8,"gold_loss":0}],"is_beta":false,"boss_relics":[{"not_picked":["Snecko Heart","conspire:SeveredTorchhead"],"picked":"hubris:TerracottaHorce"}],"items_purged_floors":[],"is_endless":false,"potions_floor_spawned":[13,14,16,19],"killed_by":"Snake Plant","ascension_level":0}}