{"host":"yplejd20ey2t49en","time":1612983465,"event":{"mods":["BaseMod","Colored Powertips","Highlight Path","Minty Spire (QoL Compilation)","Relic Stats"],"gold_per_floor":[113,132,152,0,20,20,47,47,74,74,88,88,113,123,123,123,123],"floor_reached":16,"language":"ENG","playtime":623,"items_purged":["Strike_R"],"score":235,"play_id":"a1be838d-5c5f-41c6-8032-d2686c91352e","local_time":"20210210205745","is_ascension_mode":true,"campfire_choices":[{"data":"Immolate","floor":6.0,"key":"SMITH"},{"data":"Fiend Fire","floor":8.0,"key":"SMITH"},{"data":"Bash","floor":12.0,"key":"SMITH"},{"data":"Pommel Strike","floor":15.0,"key":"SMITH"}],"circlet_count":0,"master_deck":["Strike_R+1","Strike_R","Strike_R","Defend_R","Defend_R","Defend_R","Defend_R","Bash+1","Corruption+1","Pommel Strike+1","Sentinel","Whirlwind","Immolate+1","Flame Barrier","Fiend Fire+1","Ghostly Armor","Sentinel"],"relics":["Burning Blood","Bag of Preparation","PreservedInsect","Tiny Chest"],"acts_visited":["Exordium"],"potions_floor_usage":[16,16],"damage_taken":[{"damage":2.0,"enemies":"2 Louse","floor":1.0,"turns":3.0},{"damage":1.0,"enemies":"Cultist","floor":2.0,"turns":3.0},{"damage":0.0,"enemies":"Small Slimes","floor":3.0,"turns":4.0},{"damage":9.0,"enemies":"2 Fungi Beasts","floor":5.0,"turns":2.0},{"damage":36.0,"enemies":"Gremlin Nob","floor":7.0,"turns":5.0},{"damage":0.0,"enemies":"Blue Slaver","floor":11.0,"turns":1.0},{"damage":5.0,"enemies":"Lagavulin","floor":13.0,"turns":5.0},{"damage":0.0,"enemies":"Lots of Slimes","floor":14.0,"turns":1.0}],"seed_played":"1201618168881978371","potions_obtained":[{"floor":2.0,"key":"ColorlessPotion"},{"floor":3.0,"key":"DistilledChaos"},{"floor":7.0,"key":"ElixirPotion"},{"floor":14.0,"key":"AttackPotion"}],"is_trial":false,"path_per_floor":["M","M","M","$","M","R","E","R","T","?","M","R","E","M","R","B"],"character_chosen":"IRONCLAD","items_purchased":["Immolate"],"campfire_rested":0,"item_purchase_floors":[4],"current_hp_per_floor":[76,80,80,80,77,77,47,47,47,31,37,37,38,44,44,0,0],"gold":123,"neow_bonus":"TRANSFORM_CARD","is_daily":false,"chose_seed":false,"campfire_upgraded":4,"win_rate":0.0,"timestamp":1612983465,"path_taken":["M","M","M","$","M","R","E","R","T","?","M","R","E","M","R","BOSS"],"items_purchased_type":["Card"],"build_version":"2020-12-22","purchased_purges":1,"victory":false,"max_hp_per_floor":[80,80,80,80,80,80,80,80,80,80,80,80,80,80,80,80,80],"relic_stats":{"counters":[9,32],"Tiny Chest":0,"PreservedInsect":28,"Bag of Preparation":[8],"obtain_stats":[{"Tiny Chest":13,"PreservedInsect":9,"Bag of Preparation":7,"Burning Blood":0},{"Tiny Chest":7,"PreservedInsect":5,"Bag of Preparation":5,"Burning Blood":0},{"Tiny Chest":23,"PreservedInsect":17,"Bag of Preparation":17,"Burning Blood":0}],"Burning Blood":41},"card_choices":[{"not_picked":["Clash","Body Slam"],"picked":"Pommel Strike","floor":1.0},{"not_picked":["Second Wind","Sword Boomerang"],"picked":"Sentinel","floor":2.0},{"not_picked":["Rupture","Entrench"],"picked":"Whirlwind","floor":3.0},{"not_picked":["Whirlwind","Armaments"],"picked":"Flame Barrier","floor":5.0},{"not_picked":["Dark Embrace","Heavy Blade"],"picked":"Fiend Fire","floor":7.0},{"not_picked":["Evolve","Wild Strike"],"picked":"Ghostly Armor","floor":11.0},{"not_picked":["Flex","Pommel Strike","Dual Wield"],"picked":"SKIP","floor":13.0},{"not_picked":["Clothesline","Dropkick"],"picked":"Sentinel","floor":14.0}],"player_experience":707788,"relics_obtained":[{"floor":7.0,"key":"Bag of Preparation"},{"floor":9.0,"key":"PreservedInsect"},{"floor":13.0,"key":"Tiny Chest"}],"event_choices":[{"damage_healed":0.0,"max_hp_gain":0.0,"max_hp_loss":0.0,"gold_gain":0.0,"event_name":"Shining Light","player_choice":"Entered Light","floor":10.0,"gold_loss":0.0,"damage_taken":16.0,"cards_upgraded":["Strike_R","Corruption"]}],"is_beta":false,"boss_relics":[],"items_purged_floors":[4],"is_endless":false,"potions_floor_spawned":[2,3,7,14],"killed_by":"The Guardian","ascension_level":9}}