{"host":"skr63qsdfgeey3it","time":1612931248,"event":{"mods":["BaseMod","Colored Map","Hubris","Minty Spire (QoL Compilation)","Monster B Gone","Reliquary","Replay The Spire","Spicy Shops","StSLib"],"gold_per_floor":[112,130,33,33,33,71,71,110,110,143,143,156,156,192,192,192,192],"floor_reached":16,"language":"ENG","playtime":28508,"items_purged":[],"score":257,"play_id":"01393f97-439e-496e-b85e-48f46db08b5c","local_time":"20210209222728","is_ascension_mode":true,"campfire_choices":[{"data":"Eviscerate","floor":7,"key":"SMITH"},{"floor":13,"key":"REST"},{"floor":15,"key":"REST"}],"circlet_count":0,"master_deck":["AscendersBane","Strike_G","Strike_G","Strike_G","Strike_G+1","Defend_G","Defend_G","Defend_G","Defend_G","Defend_G","Survivor","Neutralize","Dagger Throw","Eviscerate+1","Flying Knee","Accuracy","Blur","Setup","Heel Hook"],"relics":["Ring of the Snake","NeowsBlessing","Lantern","Golden Idol","Iron Hammer","reliquary:PrincelyHelmet","reliquary:Aerogel","hubris:ToyBattleship","Replay:Kaleidoscope"],"acts_visited":["Exordium"],"potions_floor_usage":[10,10,14],"damage_taken":[{"damage":0,"enemies":"2 Louse","floor":1,"turns":1},{"damage":0,"enemies":"Jaw Worm","floor":2,"turns":1},{"damage":0,"enemies":"Replay:BlueRogue","floor":6,"turns":1},{"damage":6,"enemies":"Gremlin Nob","floor":8,"turns":3},{"damage":15,"enemies":"Lagavulin","floor":10,"turns":5},{"damage":0,"enemies":"Small Slimes","floor":12,"turns":2},{"damage":21,"enemies":"Replay:BlueRogue","floor":14,"turns":6},{"damage":43,"enemies":"Slime Boss","floor":16,"turns":5}],"seed_played":"8394732304599219114","potions_obtained":[{"floor":6,"key":"LiquidBronze"},{"floor":8,"key":"Poison Potion"},{"floor":12,"key":"SkillPotion"}],"is_trial":false,"path_per_floor":["M","M","$","?","?","E","R","E","T","E","?","M","R","E","R","B"],"character_chosen":"THE_SILENT","items_purchased":["Lantern","Flying Knee"],"campfire_rested":2,"item_purchase_floors":[3,3],"current_hp_per_floor":[59,59,59,59,43,43,43,37,37,22,22,22,41,20,39,0,0],"gold":192,"neow_bonus":"THREE_ENEMY_KILL","is_daily":false,"chose_seed":false,"campfire_upgraded":1,"win_rate":0.0,"timestamp":1612931248,"path_taken":["M","M","$","?","?","E","R","E","T","E","?","M","R","E","R","BOSS"],"items_purchased_type":["Relic","Card"],"build_version":"2020-12-22","purchased_purges":0,"victory":false,"max_hp_per_floor":[66,66,66,66,66,66,66,66,66,66,66,66,66,66,66,66,66],"card_choices":[{"not_picked":["Acrobatics","Dodge and Roll"],"picked":"Dagger Throw","floor":1},{"not_picked":["Acrobatics","Blade Dance"],"picked":"Eviscerate","floor":2},{"not_picked":["Acrobatics","Slice"],"picked":"Accuracy","floor":6},{"not_picked":["Crippling Poison","Reflex","ReplayTheSpireMod:Shiv Toss"],"picked":"SKIP","floor":8},{"not_picked":["Sucker Punch","ReplayTheSpireMod:Shiv Toss"],"picked":"Blur","floor":10},{"not_picked":["Deflect","ReplayTheSpireMod:Shiv Toss"],"picked":"Heel Hook","floor":12},{"not_picked":["Sneak Up","Dodge and Roll","Deadly Poison"],"picked":"SKIP","floor":14}],"player_experience":920805,"relics_obtained":[{"floor":6,"key":"Iron Hammer"},{"floor":8,"key":"reliquary:PrincelyHelmet"},{"floor":9,"key":"reliquary:Aerogel"},{"floor":10,"key":"hubris:ToyBattleship"},{"floor":14,"key":"Replay:Kaleidoscope"}],"event_choices":[{"damage_healed":0,"gold_gain":0,"player_choice":"Take Damage","damage_taken":16,"relics_obtained":["Golden Idol"],"max_hp_gain":0,"max_hp_loss":0,"event_name":"Golden Idol","floor":5,"gold_loss":0},{"damage_healed":0,"gold_gain":0,"cards_transformed":["Strike_G"],"player_choice":"Transformed","damage_taken":0,"max_hp_gain":0,"max_hp_loss":0,"event_name":"Transmorgrifier","floor":11,"gold_loss":0,"cards_obtained":["Setup"]}],"is_beta":false,"boss_relics":[],"items_purged_floors":[],"is_endless":false,"potions_floor_spawned":[6,8,12],"killed_by":"Slime Boss","ascension_level":14}}