{"host":"2l3i55whvwk76mom","time":1612999396,"event":{"mods":["BaseMod","Googly Eyes","Hermit","Hubris","Minty Spire (QoL Compilation)","Replay The Spire","StSLib","The Cursed","The Disciple","The Hierophant","The Jungle"],"gold_per_floor":[119,119,119,138,138,164,177,208,231,256,256,338,338,380,380,505,505,525,557,472,502,142,178,138,138,206,231,43,43,71,97,97,211,211,230,245,267,246,246,246],"floor_reached":39,"language":"ENG","playtime":1717,"items_purged":["hubris:Greed"],"score":699,"play_id":"1ef3a4e7-b185-49be-9773-06df580174ee","local_time":"20210210152316","is_ascension_mode":true,"campfire_choices":[{"data":"Disarm","floor":11,"key":"SMITH"},{"data":"Impervious","floor":15,"key":"SMITH"},{"data":"hubris:StunningStrike","floor":25,"key":"SMITH"},{"floor":29,"key":"REST"},{"floor":32,"key":"REST"}],"circlet_count":0,"master_deck":["Strike_R+1","Strike_R","Strike_R","Defend_R","Defend_R","Defend_R","Defend_R","Bash+1","Iron Wave","Rampage+1","Power Through","Headbutt","Disarm+1","Impervious+1","Impervious","Twin Strike+1","Headbutt+1","hubris:StunningStrike+1","Pot Of Greed","Pot Of Greed","Shrug It Off","Run Through+1","Juggernaut","True Grit","Flex+1","Whirlwind","Pot Of Greed"],"relics":["Burning Blood","NeowsBlessing","Replay:WaspNest","Juzu Bracelet","CeramicFish","Pear","ReplayTheSpireMod:Spearhead","Painkiller Herb","PreservedInsect","Lizard Tail","ReplayFunnel","Grinning Jar","Replay:Rubber Ducky","Whetstone","Pet Ghost","Fusion Hammer"],"acts_visited":["Exordium","TheCity","TheBeyond"],"potions_floor_usage":[8,8,8,16,16,16,21,33,33],"damage_taken":[{"damage":0,"enemies":"Cultist","floor":1,"turns":1},{"damage":0,"enemies":"Jaw Worm","floor":4,"turns":1},{"damage":0,"enemies":"Gremlin Nob","floor":6,"turns":1},{"damage":0,"enemies":"2 Louse","floor":7,"turns":2},{"damage":30,"enemies":"3 Sentries","floor":8,"turns":7},{"damage":20,"enemies":"Gremlin Gang","floor":10,"turns":4},{"damage":10,"enemies":"Gremlin Nob","floor":14,"turns":5},{"damage":14,"enemies":"Hexaghost","floor":16,"turns":10},{"damage":17,"enemies":"Spheric Guardian","floor":18,"turns":6},{"damage":19,"enemies":"2 Thieves","floor":19,"turns":4},{"damage":12,"enemies":"Snecko","floor":21,"turns":7},{"damage":34,"enemies":"Slavers","floor":23,"turns":5},{"damage":1,"enemies":"Replay:Snechameleon","floor":27,"turns":5},{"damage":24,"enemies":"Gremlin Leader","floor":30,"turns":8},{"damage":11,"enemies":"Snake Plant","floor":31,"turns":3},{"damage":47,"enemies":"hubris:MusketHawk","floor":33,"turns":9},{"damage":0,"enemies":"3 Shapes","floor":35,"turns":5},{"damage":8,"enemies":"Orb Walker","floor":36,"turns":4},{"damage":26,"enemies":"Jaw Worm Horde","floor":37,"turns":5},{"damage":5,"enemies":"3 Darklings","floor":39,"turns":4}],"seed_played":"-8666271952817242093","potions_obtained":[{"floor":4,"key":"DuplicationPotion"},{"floor":6,"key":"Ancient Potion"},{"floor":7,"key":"SteroidPotion"},{"floor":13,"key":"Cursed Concoction"},{"floor":13,"key":"Block Potion"},{"floor":13,"key":"EssenceOfSteel"},{"floor":19,"key":"FearPotion"},{"floor":27,"key":"GamblersBrew"},{"floor":30,"key":"Fire Potion"},{"floor":31,"key":"Fire Potion"},{"floor":33,"key":"LiquidBronze"},{"floor":35,"key":"Block Potion"},{"floor":36,"key":"CultistPotion"}],"is_trial":false,"path_per_floor":["M","?","$","M","?","E","M","E","T","M","R","T","?","E","R","B",null,"?","?","?","?","T","E","?","T","T","E","T","T","E","?","T","B",null,"?","?","?","T","?"],"character_chosen":"IRONCLAD","items_purchased":["Lizard Tail","Whetstone","Shrug It Off","Whirlwind"],"campfire_rested":2,"item_purchase_floors":[22,28,28,38],"current_hp_per_floor":[78,78,78,80,80,80,80,56,56,42,42,52,52,48,48,40,78,67,54,54,48,48,20,20,20,20,25,25,52,34,29,56,15,71,77,75,55,55,50,50],"gold":246,"neow_bonus":"THREE_ENEMY_KILL","is_daily":false,"chose_seed":false,"campfire_upgraded":3,"win_rate":0.0,"timestamp":1612999396,"path_taken":["M","?","$","M","?","E","?","E","T","M","R","?","?","E","R","BOSS","?","?","?","?","T","E","?","T","T","E","T","T","E","?","T","BOSS","?","?","?","T","?"],"items_purchased_type":["Relic","Relic","Card","Card"],"build_version":"2020-12-22","purchased_purges":1,"victory":false,"max_hp_per_floor":[80,80,80,80,80,80,80,80,80,80,80,90,90,90,90,90,90,90,90,90,90,90,90,90,90,90,90,90,90,90,90,90,90,90,90,90,90,90,90,90],"card_choices":[{"not_picked":["Anger","Bloodletting"],"picked":"Iron Wave","floor":1},{"not_picked":["Sword Boomerang","Headbutt"],"picked":"Rampage","floor":4},{"not_picked":["Dropkick","True Grit"],"picked":"Power Through","floor":6},{"not_picked":["Anger","Havoc","Blood for Blood"],"picked":"SKIP","floor":7},{"not_picked":["Havoc","Heavy Blade"],"picked":"Headbutt","floor":8},{"not_picked":["Anger","Clothesline"],"picked":"Disarm","floor":10},{"not_picked":["Double Tap","Sever Soul"],"picked":"Impervious","floor":14},{"not_picked":["Exhume","Fiend Fire"],"picked":"Impervious","floor":16},{"not_picked":["Defy Death+1","Clothesline","Replay:Undeath\u0027s Touch"],"picked":"SKIP","floor":18},{"not_picked":["Clash","Shrug It Off"],"picked":"Twin Strike","floor":19},{"not_picked":["hubris:CleavingFinish","Clothesline"],"picked":"Headbutt+1","floor":21},{"not_picked":["Replay:Undeath\u0027s Touch","ReplayTheSpireMod:Strike From Hell"],"picked":"hubris:StunningStrike","floor":23},{"not_picked":["hubris:CleavingFinish","Headbutt","Clash"],"picked":"SKIP","floor":27},{"not_picked":["Reckless Charge","Warcry","Sword Boomerang"],"picked":"SKIP","floor":30},{"not_picked":["True Grit","Reckless Charge"],"picked":"Run Through+1","floor":31},{"not_picked":["Demon Form","Double Tap"],"picked":"Juggernaut","floor":33},{"not_picked":["Heavy Blade+1","Hemokinesis+1"],"picked":"True Grit","floor":35},{"not_picked":["Iron Wave","Intimidate+1","Massacre"],"picked":"SKIP","floor":36},{"not_picked":["Second Wind+1","Battle Trance+1"],"picked":"Flex+1","floor":37}],"player_experience":363481,"relics_obtained":[{"floor":6,"key":"Replay:WaspNest"},{"floor":8,"key":"Juzu Bracelet"},{"floor":9,"key":"CeramicFish"},{"floor":12,"key":"Pear"},{"floor":14,"key":"ReplayTheSpireMod:Spearhead"},{"floor":23,"key":"ReplayFunnel"},{"floor":26,"key":"Grinning Jar"},{"floor":27,"key":"Replay:Rubber Ducky"},{"floor":30,"key":"Pet Ghost"}],"event_choices":[{"cards_removed":["Strike_R"],"damage_healed":0,"gold_gain":0,"player_choice":"Purged","damage_taken":0,"max_hp_gain":0,"max_hp_loss":0,"event_name":"Purifier","floor":5,"gold_loss":0},{"damage_healed":0,"gold_gain":0,"player_choice":"Got Potions","damage_taken":0,"max_hp_gain":0,"max_hp_loss":0,"event_name":"Lab","floor":13,"gold_loss":0},{"damage_healed":0,"gold_gain":0,"player_choice":"Obtained Relic","damage_taken":0,"relics_obtained":["PreservedInsect"],"max_hp_gain":0,"max_hp_loss":0,"event_name":"Addict","floor":20,"gold_loss":85},{"damage_healed":0,"gold_gain":0,"player_choice":"Upgraded Two","damage_taken":0,"max_hp_gain":0,"max_hp_loss":0,"event_name":"Designer","floor":24,"gold_loss":40,"cards_upgraded":["Bash","Strike_R"]}],"is_beta":false,"boss_relics":[{"not_picked":["SacredBark","Cursed Key"],"picked":"Painkiller Herb"},{"not_picked":["Replay:Wanted Poster","Busted Crown"],"picked":"Fusion Hammer"}],"items_purged_floors":[22],"is_endless":false,"potions_floor_spawned":[4,6,7,19,27,30,31,33,35,36],"killed_by":"3 Darklings","ascension_level":9}}