{"host":"kn32u0f2pym5bozc","time":1612951598,"event":{"mods":["2.2 Compatiblity","BaseMod","Better Third Choice","Minty Spire (QoL Compilation)","Permanent Neow","Relic Stats","StSLib","The Animator"],"gold_per_floor":[128,145,164,187,187,187,205,217,217,231,231,260,260,285,285,381,381,394,394,407,235,265,291,308,308,308,325,341,341,440,483,483,579,579,593,593,604,621,621,621,640,640,640],"floor_reached":42,"language":"ENG","playtime":3133,"items_purged":["animator:Strike"],"score":679,"play_id":"eee9a56d-44c6-44bd-818f-7f5d3a5b80ff","local_time":"20210210050638","is_ascension_mode":true,"campfire_choices":[{"data":"animator:AcuraAkari","floor":6,"key":"SMITH"},{"data":"animator:Kuribayashi","floor":11,"key":"SMITH"},{"floor":13,"key":"REST"},{"data":"animator:Gillette","floor":15,"key":"SMITH"},{"floor":25,"key":"REST"},{"floor":29,"key":"REST"},{"floor":32,"key":"REST"},{"floor":40,"key":"REST"}],"circlet_count":0,"master_deck":["AscendersBane","animator:Strike_HitsugiNoChaika","animator:Defend_HitsugiNoChaika","animator:Strike","animator:Strike","animator:Defend","animator:Defend","animator:Defend","animator:AcuraAkari+1","animator:Gillette+1","animator:Shuna","animator:MetalKnight","animator:Shinoa","animator:Viivi","animator:Sebas","animator:Viivi","animator:Kuribayashi+1","animator:AcuraTooru","animator:HiiragiShinya","animator:Eve","animator:Aqua+1","animator:Tyuule","animator:Emonzaemon","animator:LizardPriest","animator:Layla","animator:HiiragiShinya","animator:Verdia","animator:Ara","animator:Fredrika","animator:ChaikaTrabant","animator:Saber","animator:Rena","animator:Sonic+1","animator:Hans","animator:HigakiRinne","animator:DolaCouronne+1"],"relics":["animator:LivingPicture","animator:TheMissingPiece","animator:PurgingStone","Mercury Hourglass","Question Card","Gremlin Horn","Cursed Key","Orichalcum","SlaversCollar"],"acts_visited":["Exordium","TheCity","TheBeyond"],"potions_floor_usage":[12,16,23,27,31,33,33,33,33,41,41],"damage_taken":[{"damage":5,"enemies":"Small Slimes","floor":1,"turns":4},{"damage":7,"enemies":"Jaw Worm","floor":2,"turns":3},{"damage":0,"enemies":"Cultist","floor":3,"turns":3},{"damage":8,"enemies":"Blue Slaver","floor":4,"turns":4},{"damage":1,"enemies":"Looter","floor":7,"turns":3},{"damage":0,"enemies":"Red Slaver","floor":8,"turns":3},{"damage":8,"enemies":"Exordium Wildlife","floor":10,"turns":4},{"damage":6,"enemies":"Gremlin Nob","floor":12,"turns":3},{"damage":6,"enemies":"Lagavulin","floor":14,"turns":4},{"damage":16,"enemies":"Slime Boss","floor":16,"turns":8},{"damage":7,"enemies":"Spheric Guardian","floor":18,"turns":4},{"damage":14,"enemies":"Shell Parasite","floor":20,"turns":4},{"damage":6,"enemies":"Centurion and Healer","floor":22,"turns":5},{"damage":19,"enemies":"Gremlin Leader","floor":23,"turns":5},{"damage":6,"enemies":"Chosen and Byrds","floor":24,"turns":3},{"damage":7,"enemies":"Cultist and Chosen","floor":27,"turns":4},{"damage":20,"enemies":"Centurion and Healer","floor":28,"turns":6},{"damage":22,"enemies":"Sentry and Sphere","floor":31,"turns":5},{"damage":15,"enemies":"Champ","floor":33,"turns":11},{"damage":13,"enemies":"Orb Walker","floor":35,"turns":4},{"damage":0,"enemies":"3 Shapes","floor":37,"turns":6},{"damage":23,"enemies":"Sphere and 2 Shapes","floor":38,"turns":4},{"damage":61,"enemies":"Transient","floor":41,"turns":5},{"damage":12,"enemies":"Spire Growth","floor":42,"turns":1}],"seed_played":"-7060770693635329470","potions_obtained":[{"floor":0,"key":"animator:FalseLifePotion"},{"floor":0,"key":"FearPotion"},{"floor":0,"key":"Dexterity Potion"},{"floor":16,"key":"ColorlessPotion"},{"floor":23,"key":"Weak Potion"},{"floor":24,"key":"AttackPotion"},{"floor":28,"key":"EntropicBrew"},{"floor":31,"key":"animator:FalseLifePotion"},{"floor":37,"key":"SkillPotion"}],"is_trial":false,"path_per_floor":["M","M","M","M","?","R","M","M","T","M","R","E","R","E","R","B",null,"M","?","M","$","M","E","M","R","T","M","M","R","?","M","R","B",null,"M","?","M","M","?","R","M","M"],"character_chosen":"THE_ANIMATOR","items_purchased":["animator:Emonzaemon","animator:LizardPriest"],"campfire_rested":5,"item_purchase_floors":[21,21],"current_hp_per_floor":[54,47,47,39,39,39,38,38,38,30,30,25,45,39,39,23,56,49,49,38,38,35,19,16,36,36,32,16,36,36,17,37,25,57,47,35,38,18,9,30,5,0,0],"gold":640,"neow_bonus":"THREE_SMALL_POTIONS","is_daily":false,"chose_seed":false,"campfire_upgraded":3,"win_rate":0.0,"timestamp":1612951598,"path_taken":["M","M","M","M","?","R","M","M","T","M","R","E","R","E","R","BOSS","M","?","M","$","M","E","M","R","T","M","?","R","?","M","R","BOSS","M","?","?","M","?","R","M","M"],"items_purchased_type":["Card","Card"],"build_version":"2020-12-22","purchased_purges":1,"victory":false,"max_hp_per_floor":[66,66,66,66,66,66,66,66,66,66,66,67,67,67,67,67,67,67,67,67,67,67,67,67,67,67,67,68,68,68,68,68,68,68,68,73,73,73,73,73,73,73,73],"relic_stats":{"Gremlin Horn":[14,14],"counters":[24,106],"Orichalcum":[66],"Question Card":33,"Cursed Key":0,"obtain_stats":[{"SlaversCollar":34,"animator:PurgingStone":0,"Gremlin Horn":14,"animator:TheMissingPiece":0,"animator:LivingPicture":0,"Orichalcum":23,"Question Card":12,"Cursed Key":17,"Mercury Hourglass":9},{"SlaversCollar":19,"animator:PurgingStone":0,"Gremlin Horn":9,"animator:TheMissingPiece":0,"animator:LivingPicture":0,"Orichalcum":14,"Question Card":8,"Cursed Key":10,"Mercury Hourglass":6},{"SlaversCollar":86,"animator:PurgingStone":0,"Gremlin Horn":31,"animator:TheMissingPiece":0,"animator:LivingPicture":0,"Orichalcum":57,"Question Card":27,"Cursed Key":39,"Mercury Hourglass":20}],"Mercury Hourglass":[274]},"card_choices":[{"not_picked":["animator:Kuribayashi","animator:DolaCouronne"],"picked":"animator:Shuna","floor":1},{"not_picked":["animator:RoryMercury","animator:Shion"],"picked":"animator:MetalKnight","floor":2},{"not_picked":["animator:Darkness","animator:FielNirvalen"],"picked":"animator:Shinoa","floor":3},{"not_picked":["animator:AcuraAkari","animator:Fredrika"],"picked":"animator:Viivi","floor":4},{"not_picked":["animator:LizardPriest","animator:DolaRiku"],"picked":"animator:Sebas","floor":7},{"not_picked":["animator:Darkness","animator:Cocytus"],"picked":"animator:Viivi","floor":8},{"not_picked":["animator:Entoma","animator:Spearman"],"picked":"animator:Kuribayashi","floor":10},{"not_picked":["animator:Viivi","animator:Layla"],"picked":"animator:AcuraTooru","floor":12},{"not_picked":["animator:Konayuki","animator:Mitsurugi","animator:Kuribayashi"],"picked":"animator:HiiragiShinya","floor":14},{"not_picked":["animator:ItamiYouji","animator:HigakiRinne","animator:Sora"],"picked":"animator:Eve","floor":16},{"not_picked":["animator:TukaLunaMarceau","animator:LeleiLaLalena+1","animator:Guy"],"picked":"animator:Aqua","floor":18},{"not_picked":["animator:Kuribayashi","animator:Elsword","animator:PandorasActor"],"picked":"animator:Tyuule","floor":20},{"not_picked":["animator:Gillette","animator:AcuraAkari","animator:Guy"],"picked":"animator:Layla","floor":22},{"not_picked":["animator:Tet","animator:Assassin+1","animator:Aqua"],"picked":"animator:HiiragiShinya","floor":23},{"not_picked":["animator:Viivi+1","animator:Layla","animator:Elsword"],"picked":"animator:Verdia","floor":24},{"not_picked":["animator:DolaStephanie+1","animator:Kuribayashi","animator:Demiurge"],"picked":"animator:Ara","floor":27},{"not_picked":["animator:Gillette","animator:ChaikaBohdan","animator:Viivi"],"picked":"animator:Fredrika","floor":28},{"not_picked":["animator:Lancer+1","animator:Konayuki","animator:Elsword"],"picked":"animator:ChaikaTrabant","floor":31},{"not_picked":["animator:Wiz","animator:HigakiRinne","animator:Biyorigo"],"picked":"animator:Saber","floor":33},{"not_picked":["animator:Darkness","animator:Rider","animator:Ara"],"picked":"animator:Rena","floor":35},{"not_picked":["animator:TukaLunaMarceau","animator:Hakurou","animator:Tyuule"],"picked":"animator:Sonic+1","floor":37},{"not_picked":["animator:Megumin","animator:Kazuma","animator:Verdia"],"picked":"animator:Hans","floor":38},{"not_picked":["animator:IzunaHatsuse","animator:Viivi","animator:PandorasActor"],"picked":"animator:DolaCouronne+1","floor":41}],"player_experience":932363,"relics_obtained":[{"floor":9,"key":"Mercury Hourglass"},{"floor":12,"key":"Question Card"},{"floor":14,"key":"Gremlin Horn"},{"floor":23,"key":"Orichalcum"}],"event_choices":[{"damage_healed":0,"gold_gain":0,"player_choice":"Upgraded","damage_taken":0,"max_hp_gain":0,"max_hp_loss":0,"event_name":"Upgrade Shrine","floor":19,"gold_loss":0,"cards_upgraded":["animator:Aqua"]},{"damage_healed":0,"gold_gain":99,"player_choice":"Steal","damage_taken":0,"max_hp_gain":0,"max_hp_loss":0,"event_name":"betterThird:BetterNest","floor":30,"gold_loss":0},{"damage_healed":0,"gold_gain":0,"player_choice":"Random: Violet","damage_taken":0,"max_hp_gain":0,"max_hp_loss":0,"event_name":"betterThird:BetterPortal","floor":36,"gold_loss":0},{"damage_healed":0,"gold_gain":0,"player_choice":"Shed Blood","damage_taken":17,"max_hp_gain":5,"max_hp_loss":0,"event_name":"Forgotten Altar","floor":36,"gold_loss":0},{"damage_healed":0,"gold_gain":0,"player_choice":"Embrace Madness","damage_taken":9,"max_hp_gain":0,"max_hp_loss":0,"event_name":"Winding Halls","floor":39,"gold_loss":0,"cards_obtained":["animator:HigakiRinne"]}],"is_beta":false,"boss_relics":[{"not_picked":["Ectoplasm","SacredBark"],"picked":"Cursed Key"},{"not_picked":["Sozu","Coffee Dripper"],"picked":"SlaversCollar"}],"items_purged_floors":[21],"is_endless":false,"potions_floor_spawned":[3,4,7,16,23,24,28,31,37,38],"killed_by":"Spire Growth","ascension_level":10}}