{"host":"oj2qbbf4aubznu46","time":1612965446,"event":{"mods":["AchievementEnabler","BaseMod","Colored Powertips","Downfall","Infinite Spire","Minty Spire (QoL Compilation)","Replay The Spire","StSLib","The Bug Knight","The Cursed","The Forsaken","The Marked","The Mystic","The Servant 0.9.4","slay the spire mod where everything is the same but ironclad has a cowboy hat"],"gold_per_floor":[110,110,128,147,322,322,354,354,404,416,416,57,75,91,91,196,196,196,196],"floor_reached":18,"language":"DEU","playtime":1137,"items_purged":["Doubt"],"score":162,"play_id":"b7417eff-5b7f-430b-8c00-2a8f5983fafd","local_time":"20210210145726","is_ascension_mode":false,"campfire_choices":[{"data":"Heavy Blade","floor":6,"key":"SMITH"},{"floor":8,"key":"REST"},{"data":"Shrug It Off","floor":11,"key":"SMITH"},{"data":"Spot Weakness","floor":15,"key":"SMITH"}],"circlet_count":0,"master_deck":["Strike_R+1","Strike_R","Strike_R","Strike_R","Strike_R","Defend_R","Defend_R","Defend_R","Defend_R","Bash","Flex+1","Heavy Blade+1","Pot Of Greed","Pot Of Greed","Spot Weakness+1","Shrug It Off+1","Heavy Blade+1","ReplayReversal","Berserk"],"relics":["Burning Blood","NeowsBlessing","Grinning Jar","Regal Pillow","Replay:Ringing Soul","Runic Pyramid"],"acts_visited":["Exordium","TheCity"],"potions_floor_usage":[],"damage_taken":[{"damage":0,"enemies":"Small Slimes","floor":1,"turns":1},{"damage":0,"enemies":"Jaw Worm","floor":3,"turns":1},{"damage":0,"enemies":"Cultist","floor":4,"turns":1},{"damage":54,"enemies":"Lagavulin","floor":7,"turns":9},{"damage":5,"enemies":"2 Fungi Beasts","floor":10,"turns":4},{"damage":5,"enemies":"Looter","floor":13,"turns":3},{"damage":0,"enemies":"Gremlin Gang","floor":14,"turns":5},{"damage":37,"enemies":"Slime Boss","floor":16,"turns":11},{"damage":0,"enemies":"Spheric Guardian","floor":18,"turns":2}],"seed_played":"2359561480626920203","potions_obtained":[{"floor":1,"key":"Swift Potion"},{"floor":4,"key":"Languid Potion"},{"floor":10,"key":"Block Potion"}],"is_trial":false,"path_per_floor":["M","?","M","M","?","R","E","R","T","M","R","$","M","M","R","B",null,"M"],"character_chosen":"IRONCLAD","items_purchased":["Replay:Ringing Soul","Heavy Blade+1"],"campfire_rested":1,"item_purchase_floors":[12,12],"current_hp_per_floor":[80,64,70,76,76,76,28,52,52,53,53,56,60,66,66,38,89,89,89],"gold":196,"neow_bonus":"THREE_ENEMY_KILL","is_daily":false,"chose_seed":false,"campfire_upgraded":3,"win_rate":0.0,"timestamp":1612965446,"path_taken":["M","?","M","M","?","R","E","R","T","?","R","$","M","M","R","BOSS","M"],"items_purchased_type":["Relic","Card"],"build_version":"2020-12-22","purchased_purges":1,"victory":false,"max_hp_per_floor":[80,80,80,80,80,80,80,80,80,80,80,83,86,86,86,89,89,89,89],"card_choices":[{"not_picked":["Thunderclap","Rampage"],"picked":"Flex","floor":1},{"not_picked":["Thunderclap","Massacre"],"picked":"Heavy Blade","floor":3},{"not_picked":["Anger","Searing Blow","Wild Strike"],"picked":"SKIP","floor":4},{"not_picked":["Battle Trance","Wild Strike"],"picked":"Spot Weakness","floor":7},{"not_picked":["Dual Wield","Havoc"],"picked":"Shrug It Off","floor":10},{"not_picked":["Heavy Blade","Havoc"],"picked":"ReplayReversal","floor":13},{"not_picked":["Armaments","True Grit","Bludgeon"],"picked":"SKIP","floor":14},{"not_picked":["Exhume","Hemogenesis"],"picked":"Berserk","floor":16}],"player_experience":361384,"relics_obtained":[{"floor":7,"key":"Grinning Jar"},{"floor":9,"key":"Regal Pillow"}],"event_choices":[{"damage_healed":0,"gold_gain":0,"player_choice":"Entered Light","damage_taken":16,"max_hp_gain":0,"max_hp_loss":0,"event_name":"Shining Light","floor":2,"gold_loss":0,"cards_upgraded":["Flex","Strike_R"]},{"damage_healed":0,"gold_gain":175,"player_choice":"AGREE","damage_taken":0,"max_hp_gain":0,"max_hp_loss":0,"event_name":"Liars Game","floor":5,"gold_loss":0,"cards_obtained":["Doubt"]}],"is_beta":false,"boss_relics":[{"not_picked":["Replay:Wanted Poster","Runic Dome"],"picked":"Runic Pyramid"}],"items_purged_floors":[12],"is_endless":false,"potions_floor_spawned":[1,4,10,16],"killed_by":"Spheric Guardian","ascension_level":0}}