{"host":"h4lp0eeso8a0ssq0","time":1612931472,"event":{"mods":["2.2 Compatiblity","AchievementEnabler","BaseMod","CapriCore","Colored Map","Minty Spire (QoL Compilation)","StSLib","SuperFastMode"],"gold_per_floor":[114,126,126,126,150,150,164,164,164,175,175,175],"floor_reached":11,"language":"KOR","playtime":174,"items_purged":[],"score":123,"play_id":"01979a25-e588-49d8-bbcb-caa58165d606","local_time":"20210210133112","is_ascension_mode":true,"campfire_choices":[{"data":"Leg Sweep","floor":6,"key":"SMITH"},{"floor":8,"key":"REST"}],"circlet_count":0,"master_deck":["AscendersBane","Strike_G","Strike_G","Strike_G","Strike_G","Defend_G+1","Defend_G","Defend_G","Defend_G+1","Survivor","Neutralize","Dagger Spray","Leg Sweep+1","Flying Knee","Cloak And Dagger"],"relics":["Ring of the Snake","Bronze Scales","Pocketwatch"],"acts_visited":["Exordium"],"potions_floor_usage":[11],"damage_taken":[{"damage":4,"enemies":"Jaw Worm","floor":1,"turns":7},{"damage":0,"enemies":"Small Slimes","floor":2,"turns":2},{"damage":6,"enemies":"2 Louse","floor":7,"turns":2},{"damage":1,"enemies":"Exordium Wildlife","floor":10,"turns":5},{"damage":0,"enemies":"Lagavulin","floor":11,"turns":2}],"seed_played":"-5793125555913117517","potions_obtained":[{"floor":7,"key":"ColorlessPotion"}],"is_trial":false,"path_per_floor":["M","M","?","?","T","R","M","R","T","M","E"],"character_chosen":"THE_SILENT","items_purchased":[],"campfire_rested":1,"item_purchase_floors":[],"current_hp_per_floor":[55,55,55,37,37,37,31,49,49,48,48,48],"gold":175,"neow_bonus":"REMOVE_TWO","is_daily":false,"chose_seed":false,"campfire_upgraded":1,"win_rate":0.0,"timestamp":1612931472,"path_taken":["M","M","?","?","?","R","M","R","T","M","E"],"items_purchased_type":[],"build_version":"2020-12-22","purchased_purges":0,"victory":false,"max_hp_per_floor":[60,60,60,60,60,60,60,60,60,60,60,60],"card_choices":[{"not_picked":["Riddle With Holes","Outmaneuver"],"picked":"Dagger Spray","floor":1},{"not_picked":["Flying Knee","Concentrate"],"picked":"Leg Sweep","floor":2},{"not_picked":["All Out Attack","A Thousand Cuts"],"picked":"Flying Knee","floor":7},{"not_picked":["Flechettes","Concentrate"],"picked":"Cloak And Dagger","floor":10}],"player_experience":210039,"relics_obtained":[{"floor":5,"key":"Bronze Scales"},{"floor":9,"key":"Pocketwatch"}],"event_choices":[{"damage_healed":0,"gold_gain":0,"player_choice":"Ignored","damage_taken":0,"max_hp_gain":0,"max_hp_loss":0,"event_name":"Liars Game","floor":3,"gold_loss":0},{"damage_healed":0,"gold_gain":0,"player_choice":"Entered Light","damage_taken":18,"max_hp_gain":0,"max_hp_loss":0,"event_name":"Shining Light","floor":4,"gold_loss":0,"cards_upgraded":["Defend_G","Defend_G"]}],"is_beta":false,"boss_relics":[],"items_purged_floors":[],"is_endless":false,"potions_floor_spawned":[7],"killed_by":"Lagavulin","ascension_level":19}}