{"host":"fxrgx7wt2cpkbhka","time":1612954288,"event":{"mods":["AchievementEnabler","BaseMod","Colored Powertips","Dark Map","Minty Spire (QoL Compilation)","Permanent Neow","Quick Restart","Slay-I","StSLib","Waifu the Spire"],"gold_per_floor":[115,115,132,147,164,164,193,193,216,291,291,310,310,327,327,423,423,438,438,438,438],"floor_reached":20,"language":"ENG","playtime":681,"items_purged":[],"score":270,"play_id":"52c3dbce-ab1e-4bf1-a601-aa6e95d9349e","local_time":"20210210025128","is_ascension_mode":true,"campfire_choices":[{"data":"Poisoned Stab","floor":6,"key":"SMITH"},{"floor":11,"key":"REST"},{"floor":13,"key":"REST"},{"data":"Leg Sweep","floor":15,"key":"SMITH"}],"circlet_count":0,"master_deck":["AscendersBane","Strike_G","Strike_G","Strike_G","Strike_G","Defend_G","Defend_G","Defend_G","Defend_G","Defend_G","Survivor","Neutralize","Bane","Poisoned Stab+1","Poisoned Stab+1","Leg Sweep+1","Leg Sweep","Envenom","Backflip"],"relics":["Ring of the Snake","Vajra","WristBlade"],"acts_visited":["Exordium","TheCity"],"potions_floor_usage":[7,12],"damage_taken":[{"damage":0,"enemies":"2 Louse","floor":1,"turns":3},{"damage":0,"enemies":"Cultist","floor":3,"turns":2},{"damage":4,"enemies":"Small Slimes","floor":4,"turns":3},{"damage":10,"enemies":"2 Fungi Beasts","floor":5,"turns":5},{"damage":20,"enemies":"Lagavulin","floor":7,"turns":6},{"damage":14,"enemies":"Gremlin Gang","floor":12,"turns":6},{"damage":3,"enemies":"3 Louse","floor":14,"turns":4},{"damage":25,"enemies":"Hexaghost","floor":16,"turns":16},{"damage":39,"enemies":"3 Byrds","floor":18,"turns":6},{"damage":28,"enemies":"Spheric Guardian","floor":20,"turns":3}],"seed_played":"-8274079354661579702","potions_obtained":[{"floor":2,"key":"Fire Potion"},{"floor":2,"key":"Fire Potion"},{"floor":7,"key":"Strength Potion"}],"is_trial":false,"path_per_floor":["M","?","M","M","M","R","E","?","T","?","R","M","R","M","R","B",null,"M","?","M"],"character_chosen":"THE_SILENT","items_purchased":[],"campfire_rested":2,"item_purchase_floors":[],"current_hp_per_floor":[63,63,63,59,49,49,29,29,29,22,43,29,50,47,47,22,58,19,19,0,0],"gold":438,"neow_bonus":"THREE_CARDS","is_daily":false,"chose_seed":false,"campfire_upgraded":2,"win_rate":0.0,"timestamp":1612954288,"path_taken":["M","?","?","M","M","R","E","?","T","?","R","?","R","M","R","BOSS","M","?","?"],"items_purchased_type":[],"build_version":"2020-12-22","purchased_purges":0,"victory":false,"max_hp_per_floor":[70,70,70,70,70,70,70,70,70,70,70,70,70,70,70,70,70,70,70,70,70],"card_choices":[{"not_picked":["PiercingWail","Reflex"],"picked":"Bane","floor":0},{"not_picked":["Blur","PiercingWail"],"picked":"Poisoned Stab","floor":1},{"not_picked":["Blur","PiercingWail"],"picked":"Poisoned Stab","floor":1},{"not_picked":["Caltrops","Riddle With Holes"],"picked":"Leg Sweep","floor":3},{"not_picked":["Blur","Flying Knee","Outmaneuver"],"picked":"SKIP","floor":4},{"not_picked":["Acrobatics","Underhanded Strike","Outmaneuver"],"picked":"SKIP","floor":5},{"not_picked":["Quick Slash","Backflip"],"picked":"Leg Sweep","floor":7},{"not_picked":["Skewer","Dagger Throw","Dagger Spray"],"picked":"SKIP","floor":12},{"not_picked":["PiercingWail","Escape Plan","Slice"],"picked":"SKIP","floor":14},{"not_picked":["Bullet Time","A Thousand Cuts"],"picked":"Envenom","floor":16},{"not_picked":["Bane","Dagger Spray"],"picked":"Backflip","floor":18}],"player_experience":760272,"relics_obtained":[{"floor":7,"key":"Vajra"}],"event_choices":[{"damage_healed":0,"gold_gain":0,"player_choice":"Got Potions","damage_taken":0,"max_hp_gain":0,"max_hp_loss":0,"event_name":"Lab","floor":2,"gold_loss":0},{"damage_healed":0,"gold_gain":0,"player_choice":"Ignored","damage_taken":0,"max_hp_gain":0,"max_hp_loss":0,"event_name":"Golden Wing","floor":8,"gold_loss":0},{"damage_healed":0,"gold_gain":75,"player_choice":"Touch","damage_taken":7,"max_hp_gain":0,"max_hp_loss":0,"event_name":"FaceTrader","floor":10,"gold_loss":0},{"cards_removed":["Strike_G"],"damage_healed":0,"gold_gain":0,"player_choice":"Offered Basic","damage_taken":0,"max_hp_gain":0,"max_hp_loss":0,"event_name":"Bonfire Elementals","floor":19,"gold_loss":0}],"is_beta":false,"boss_relics":[{"not_picked":["Astrolabe","Coffee Dripper"],"picked":"WristBlade"}],"items_purged_floors":[],"is_endless":false,"potions_floor_spawned":[4,5,7,16],"killed_by":"Spheric Guardian","ascension_level":11}}