{"host":"z609fbm6pkeriks8","time":1612933735,"event":{"mods":["AchievementEnabler","BaseMod","Colored Map","Colored Powertips","Highlight Path","Marisa£®ÏF”Í°°ƒß¿Ì…≥£©","Minty Spire (QoL Compilation)","StSLib"],"gold_per_floor":[112,132,53,228,228,228,261,276,276,294,319,339,358,374,374,478,478,493,123,141,41,41,76,56,81,81,96,110,124,143,143,143],"floor_reached":31,"language":"ZHS","playtime":953,"items_purged":["Doubt","Regret"],"score":316,"play_id":"f9286bfe-d878-463f-b467-159f7899fece","local_time":"20210210130855","is_ascension_mode":false,"campfire_choices":[{"data":"Uppercut","floor":6,"key":"SMITH"},{"floor":15,"key":"REST"}],"circlet_count":0,"master_deck":["Strike_R","Strike_R","Strike_R","Strike_R","Strike_R","Defend_R","Defend_R","Bash","Reckless Charge","Heavy Blade+1","Uppercut+1","Offering","Flex","Evolve","Reaper","Fire Breathing","Shockwave","Havoc","Fiend Fire","Perfected Strike+1","Armaments+1","Iron Wave","Reckless Charge","Power Through+1","Dropkick+1","Power Through","Brutality"],"relics":["Burning Blood","NeowsBlessing","Calipers","Question Card","Mummified Hand","Bag of Marbles","Coffee Dripper","FossilizedHelix","Mercury Hourglass","Gremlin Horn","Whetstone"],"acts_visited":["Exordium","TheCity"],"potions_floor_usage":[11,16,16,16,25,28],"damage_taken":[{"damage":0,"enemies":"2 Louse","floor":1,"turns":1},{"damage":0,"enemies":"Small Slimes","floor":2,"turns":1},{"damage":0,"enemies":"Lagavulin","floor":7,"turns":1},{"damage":12,"enemies":"Cultist","floor":8,"turns":3},{"damage":14,"enemies":"Blue Slaver","floor":10,"turns":2},{"damage":52,"enemies":"3 Sentries","floor":11,"turns":7},{"damage":0,"enemies":"3 Louse","floor":12,"turns":3},{"damage":23,"enemies":"Gremlin Gang","floor":13,"turns":3},{"damage":1,"enemies":"Large Slime","floor":14,"turns":5},{"damage":53,"enemies":"Hexaghost","floor":16,"turns":9},{"damage":5,"enemies":"Chosen","floor":18,"turns":3},{"damage":34,"enemies":"3 Byrds","floor":20,"turns":5},{"damage":35,"enemies":"Slavers","floor":23,"turns":5},{"damage":15,"enemies":"Book of Stabbing","floor":25,"turns":4},{"damage":11,"enemies":"Shelled Parasite and Fungi","floor":27,"turns":4},{"damage":9,"enemies":"Centurion and Healer","floor":28,"turns":5},{"damage":22,"enemies":"Snecko","floor":29,"turns":5},{"damage":11,"enemies":"Sentry and Sphere","floor":30,"turns":5},{"damage":36,"enemies":"Shelled Parasite and Fungi","floor":31,"turns":2}],"seed_played":"5813395757664573295","potions_obtained":[{"floor":2,"key":"Ancient Potion"},{"floor":7,"key":"BloodPotion"},{"floor":8,"key":"Weak Potion"},{"floor":11,"key":"Strength Potion"},{"floor":18,"key":"ElixirPotion"},{"floor":23,"key":"EssenceOfSteel"},{"floor":24,"key":"ElixirPotion"},{"floor":27,"key":"Regen Potion"},{"floor":30,"key":"FearPotion"}],"is_trial":false,"path_per_floor":["M","M","$","?","?","R","E","M","T","M","E","M","M","M","R","B",null,"M","$","M","$","?","E","?","E","T","M","M","M","M","M"],"character_chosen":"IRONCLAD","items_purchased":["Uppercut","FossilizedHelix"],"campfire_rested":1,"item_purchase_floors":[3,19],"current_hp_per_floor":[80,80,80,80,80,80,80,74,74,66,36,42,29,37,61,20,80,80,80,52,52,52,23,23,20,20,15,35,19,19,0,0],"gold":143,"neow_bonus":"THREE_ENEMY_KILL","is_daily":false,"chose_seed":false,"campfire_upgraded":1,"win_rate":0.0,"timestamp":1612933735,"path_taken":["M","M","$","?","?","R","E","M","T","M","E","M","M","M","R","BOSS","M","$","M","$","?","E","?","E","T","M","M","?","M","M"],"items_purchased_type":["Card","Relic"],"build_version":"2020-12-22","purchased_purges":2,"victory":false,"max_hp_per_floor":[80,80,80,80,80,80,80,80,80,80,80,80,80,80,80,80,80,80,80,80,80,80,80,80,80,80,80,80,80,80,80,80],"card_choices":[{"not_picked":["Heavy Blade","Body Slam"],"picked":"Reckless Charge","floor":1},{"not_picked":["Pommel Strike","Wild Strike"],"picked":"Heavy Blade","floor":2},{"not_picked":["Pommel Strike","Heavy Blade"],"picked":"Offering","floor":7},{"not_picked":["Cleave","Pummel","Heavy Blade"],"picked":"Flex","floor":8},{"not_picked":["Cleave","Havoc","Pommel Strike"],"picked":"Evolve","floor":10},{"not_picked":["Clash","Searing Blow","Rampage"],"picked":"Reaper","floor":11},{"not_picked":["Cleave","Heavy Blade","Flame Barrier"],"picked":"Fire Breathing","floor":12},{"not_picked":["Body Slam","Anger","Headbutt"],"picked":"Shockwave","floor":13},{"not_picked":["Wild Strike","Heavy Blade","Cleave"],"picked":"Havoc","floor":14},{"not_picked":["Corruption","Barricade","Immolate"],"picked":"Fiend Fire","floor":16},{"not_picked":["Reckless Charge","Warcry","Havoc+1"],"picked":"Perfected Strike+1","floor":18},{"not_picked":["Perfected Strike","Pommel Strike","Twin Strike"],"picked":"Armaments+1","floor":20},{"not_picked":["Searing Blow","Barricade","Uppercut"],"picked":"Power Through+1","floor":23},{"not_picked":["Inflame+1","Flex+1","Rage"],"picked":"Dropkick","floor":25},{"not_picked":["Clothesline","Clash+1","Havoc"],"picked":"Power Through","floor":27},{"not_picked":["Warcry","Cleave+1","Whirlwind","Havoc"],"picked":"SKIP","floor":28},{"not_picked":["Searing Blow+1","Anger","Body Slam","Sentinel"],"picked":"SKIP","floor":29},{"not_picked":["Heavy Blade","Pommel Strike","Sword Boomerang"],"picked":"Brutality","floor":30}],"player_experience":59272,"relics_obtained":[{"floor":7,"key":"Question Card"},{"floor":9,"key":"Mummified Hand"},{"floor":11,"key":"Bag of Marbles"},{"floor":23,"key":"Mercury Hourglass"},{"floor":25,"key":"Gremlin Horn"},{"floor":26,"key":"Whetstone"}],"event_choices":[{"damage_healed":0,"gold_gain":175,"player_choice":"AGREE","damage_taken":0,"max_hp_gain":0,"max_hp_loss":0,"event_name":"Liars Game","floor":4,"gold_loss":0,"cards_obtained":["Doubt"]},{"damage_healed":0,"gold_gain":0,"player_choice":"Box","damage_taken":0,"relics_obtained":["Calipers"],"max_hp_gain":0,"max_hp_loss":0,"event_name":"Big Fish","floor":5,"gold_loss":0,"cards_obtained":["Regret"]},{"damage_healed":0,"gold_gain":0,"cards_transformed":["Defend_R","Defend_R"],"player_choice":"Became Test Subject","damage_taken":0,"max_hp_gain":0,"max_hp_loss":0,"event_name":"Drug Dealer","floor":22,"gold_loss":0,"cards_obtained":["Iron Wave","Reckless Charge"]},{"damage_healed":0,"gold_gain":0,"player_choice":"Bought 1 Potion","damage_taken":0,"max_hp_gain":0,"max_hp_loss":0,"event_name":"The Woman in Blue","floor":24,"gold_loss":0}],"is_beta":false,"boss_relics":[{"not_picked":["Calling Bell","Runic Dome"],"picked":"Coffee Dripper"}],"items_purged_floors":[19,21],"is_endless":false,"potions_floor_spawned":[2,7,8,11,14,18,23,27,30],"killed_by":"Shelled Parasite and Fungi","ascension_level":0}}