{"host":"at0t1xvvdwuey7rt","time":1612924569,"event":{"mods":["BaseMod","Downfall","Minty Spire (QoL Compilation)","StSLib"],"gold_per_floor":[116,116,130,90,90,90,116,126,149,2,19,19,38,113,113,211,211,229,58,69,80,80,112,124,136,198,230,254,266,278,316,328,439,451,482,5,16,16,33,82,82,98,98,116,116,132,132,147,147,247,247,263,263,301,313,313,313,341,341,365,365,394,413,116,141,141,236,236,247,247,80,98,109,109,141,141,167,183,197,197,197,222,222,222,222],"floor_reached":84,"language":"ENG","playtime":4708,"items_purged":[],"score":1691,"play_id":"736a6fa9-9bf4-44b4-a749-04edcd03f2f9","local_time":"20210209203609","daily_mods":["Draft","Heirloom"],"is_ascension_mode":false,"campfire_choices":[{"data":"Combust","floor":6.0,"key":"SMITH"},{"data":"Thunderclap","floor":15.0,"key":"SMITH"},{"floor":25.0,"key":"REST"},{"floor":29.0,"key":"REST"},{"floor":32.0,"key":"REST"},{"floor":41.0,"key":"REST"},{"floor":45.0,"key":"REST"},{"floor":49.0,"key":"REST"},{"floor":57.0,"key":"REST"},{"floor":59.0,"key":"REST"},{"floor":66.0,"key":"REST"},{"floor":74.0,"key":"REST"},{"floor":80,"key":"REST"},{"floor":83,"key":"REST"}],"circlet_count":0,"master_deck":["Combust+1","Rupture","Whirlwind","Infernal Blade","Anger","Shrug It Off","Rampage","Hemokinesis","Blood for Blood","Infernal Blade","Anger","Blood for Blood","Shrug It Off","Thunderclap+1","Metallicize","Flame Barrier+1","Uppercut","Double Tap","Seeing Red+1","Dropkick+1","Rage+1","Iron Wave+1","Metamorphosis","Rampage","Flame Barrier+1","Demon Form","Power Through","Shrug It Off","Seeing Red+1","Shockwave+1","Double Tap","Anger+1","Transmutation","Entrench","Rage","Whirlwind","Iron Wave+1","Body Slam+1","Hemokinesis+1","Sadistic Nature","Bludgeon+1","Impervious","Metallicize","Feed","Rupture","Secret Weapon","Shrug It Off+1","Intimidate+1","Double Tap","Feed","Body Slam+1","Juggernaut","Anger+1"],"relics":["Black Blood","StoneCalendar","Slimebound:StickyStick","Anchor","Chemical X","Astrolabe","MawBank","Dream Catcher","Akabeko","Fusion Hammer","PreservedInsect","Orichalcum","Happy Flower","Ornamental Fan","Spirit Poop","hexamod:BolsterEngine","Blue Candle","Guardian:BottledAnomaly","Potion Belt","MutagenicStrength"],"acts_visited":["Exordium","TheCity","TheBeyond","Exordium","TheCity"],"potions_floor_usage":[78,79,84,84],"damage_taken":[{"damage":12.0,"enemies":"Small Slimes","floor":1.0,"turns":2.0},{"damage":4.0,"enemies":"Jaw Worm","floor":3.0,"turns":1.0},{"damage":4.0,"enemies":"Gremlin Nob","floor":7.0,"turns":2.0},{"damage":6.0,"enemies":"Cultist","floor":8.0,"turns":3.0},{"damage":0.0,"enemies":"Red Slaver","floor":11.0,"turns":2.0},{"damage":0.0,"enemies":"2 Fungi Beasts","floor":13.0,"turns":2.0},{"damage":45.0,"enemies":"Hexaghost","floor":16.0,"turns":6.0},{"damage":4.0,"enemies":"Shell Parasite","floor":18.0,"turns":4.0},{"damage":13.0,"enemies":"Spheric Guardian","floor":20.0,"turns":3.0},{"damage":18.0,"enemies":"Snake Plant","floor":21.0,"turns":4.0},{"damage":17.0,"enemies":"Gremlin Leader","floor":23.0,"turns":4.0},{"damage":13.0,"enemies":"Cultist and Chosen","floor":27.0,"turns":5.0},{"damage":3.0,"enemies":"Chosen and Byrds","floor":28.0,"turns":4.0},{"damage":42.0,"enemies":"Slavers","floor":31.0,"turns":7.0},{"damage":46.0,"enemies":"Collector","floor":33.0,"turns":11.0},{"damage":13.0,"enemies":"Orb Walker","floor":35.0,"turns":3.0},{"damage":3.0,"enemies":"3 Darklings","floor":37.0,"turns":4.0},{"damage":30.0,"enemies":"4 Shapes","floor":39.0,"turns":3.0},{"damage":11.0,"enemies":"Nemesis","floor":40.0,"turns":7.0},{"damage":0.0,"enemies":"Jaw Worm Horde","floor":42.0,"turns":2.0},{"damage":10.0,"enemies":"Writhing Mass","floor":44.0,"turns":7.0},{"damage":0.0,"enemies":"4 Shapes","floor":46.0,"turns":2.0},{"damage":23.0,"enemies":"Transient","floor":48.0,"turns":5.0},{"damage":115.0,"enemies":"Donu and Deca","floor":50.0,"turns":11.0},{"damage":0.0,"enemies":"Cultist","floor":52.0,"turns":1.0},{"damage":0.0,"enemies":"Jaw Worm","floor":54.0,"turns":2.0},{"damage":0.0,"enemies":"Small Slimes","floor":55.0,"turns":2.0},{"damage":0.0,"enemies":"Lagavulin","floor":58.0,"turns":2.0},{"damage":30.0,"enemies":"3 Sentries","floor":62.0,"turns":4.0},{"damage":0.0,"enemies":"Exordium Wildlife","floor":63.0,"turns":1.0},{"damage":0.0,"enemies":"Gremlin Nob","floor":65.0,"turns":2.0},{"damage":4.0,"enemies":"Slime Boss","floor":67.0,"turns":4.0},{"damage":2.0,"enemies":"Spheric Guardian","floor":69.0,"turns":2.0},{"damage":0.0,"enemies":"3 Byrds","floor":72.0,"turns":1.0},{"damage":12.0,"enemies":"Shelled Parasite and Fungi","floor":73.0,"turns":2.0},{"damage":0.0,"enemies":"Gremlin Leader","floor":75.0,"turns":3.0},{"damage":49,"enemies":"Slavers","floor":77,"turns":4},{"damage":0,"enemies":"Sentry and Sphere","floor":78,"turns":1},{"damage":7,"enemies":"Centurion and Healer","floor":79,"turns":4},{"damage":9,"enemies":"Book of Stabbing","floor":82,"turns":4},{"damage":95,"enemies":"Champ","floor":84,"turns":7}],"seed_played":"7965506951103098765","potions_obtained":[{"floor":1.0,"key":"Energy Potion"},{"floor":11.0,"key":"SteroidPotion"},{"floor":13.0,"key":"Guardian:BlockOnCardUsePotion"},{"floor":16.0,"key":"PowerPotion"},{"floor":18.0,"key":"Block Potion"},{"floor":28.0,"key":"champ:CounterPotion"},{"floor":31.0,"key":"FairyPotion"},{"floor":35.0,"key":"Swift Potion"},{"floor":37.0,"key":"ColorlessPotion"},{"floor":40.0,"key":"PowerPotion"},{"floor":44.0,"key":"Swift Potion"},{"floor":46.0,"key":"BloodPotion"},{"floor":55.0,"key":"SpeedPotion"},{"floor":62.0,"key":"Swift Potion"},{"floor":67.0,"key":"PowerPotion"},{"floor":72.0,"key":"Block Potion"},{"floor":75.0,"key":"DuplicationPotion"},{"floor":77,"key":"ColorlessPotion"},{"floor":82,"key":"LiquidBronze"}],"is_trial":true,"path_per_floor":["M","?","M","$","?","R","E","M","T","$","M","?","M","?","R","B",null,"M","$","M","M","$","E","$","R","T","M","M","R","?","E","R","B",null,"M","$","M","?","M","E","R","M","T","M","R","M","?","M","R","B",null,"M","?","M","M","?","R","E","R","T","?","E","M","$","E","R","B",null,"M","?","$","M","M","R","E","?","E","M","M","R","?","E","R","B"],"character_chosen":"IRONCLAD","items_purchased":["Fire Breathing","Chemical X","Metamorphosis","PreservedInsect","Orichalcum","Transmutation","Guardian:BottledAnomaly","Potion Belt","Secret Weapon"],"campfire_rested":12,"item_purchase_floors":[4,10,19,36,36,36,64,64,71],"current_hp_per_floor":[74,74,76,76,80,80,80,80,80,80,80,80,80,72,72,33,80,80,80,73,61,61,50,50,74,74,67,70,80,80,44,68,28,80,73,73,76,76,52,47,71,77,77,73,80,80,80,63,80,30,80,80,77,77,77,62,77,77,77,77,72,54,66,66,77,77,77,77,77,77,77,77,77,77,77,77,40,52,57,77,77,77,77,0,0],"gold":222,"neow_bonus":"","is_daily":false,"chose_seed":false,"campfire_upgraded":2,"win_rate":0.0,"timestamp":1612924569,"path_taken":["M","?","M","$","?","R","E","?","T","?","M","?","M","?","R","BOSS","M","$","M","M","$","E","$","R","T","M","?","R","?","E","R","BOSS","M","$","M","?","?","E","R","M","T","M","R","M","?","M","R","BOSS","M","?","?","M","?","R","E","R","T","?","E","M","$","E","R","BOSS","M","?","$","?","M","R","E","?","E","M","M","R","?","E","R","BOSS"],"items_purchased_type":["Card","Relic","Card","Relic","Relic","Card","Relic","Relic","Card"],"build_version":"2020-12-22","purchased_purges":0,"victory":false,"max_hp_per_floor":[80,80,80,80,80,80,80,80,80,80,80,80,80,80,80,80,80,80,80,80,80,80,80,80,80,80,80,80,80,80,80,80,80,80,80,80,80,80,80,80,80,80,80,80,80,80,80,80,80,80,80,80,77,77,77,77,77,77,77,77,77,77,77,77,77,77,77,77,77,77,77,77,77,77,77,77,77,77,77,77,77,77,77,77,77],"card_choices":[{"not_picked":["Disarm","Uppercut"],"picked":"Combust","floor":0.0},{"not_picked":["Clash","Iron Wave"],"picked":"Rupture","floor":0.0},{"not_picked":["Pummel","Anger"],"picked":"Whirlwind","floor":0.0},{"not_picked":["Clash","Second Wind"],"picked":"Infernal Blade","floor":0.0},{"not_picked":["Disarm","Shrug It Off"],"picked":"Anger","floor":0.0},{"not_picked":["Intimidate","Fire Breathing"],"picked":"Shrug It Off","floor":0.0},{"not_picked":["Twin Strike","Feel No Pain"],"picked":"Rampage","floor":0.0},{"not_picked":["Heavy Blade","Warcry"],"picked":"Hemokinesis","floor":0.0},{"not_picked":["Heavy Blade","Warcry"],"picked":"Blood for Blood","floor":0.0},{"not_picked":["Second Wind","Sword Boomerang"],"picked":"Dual Wield","floor":0.0},{"not_picked":["Perfected Strike","Hemokinesis"],"picked":"Infernal Blade","floor":0.0},{"not_picked":["Seeing Red","Clash"],"picked":"Anger","floor":0.0},{"not_picked":["Havoc","Warcry"],"picked":"Sword Boomerang","floor":0.0},{"not_picked":["Dropkick","Twin Strike"],"picked":"Blood for Blood","floor":0.0},{"not_picked":["Havoc","Clothesline"],"picked":"Shrug It Off","floor":0.0},{"not_picked":["Searing Blow","Dark Embrace"],"picked":"Reckless Charge","floor":1.0},{"not_picked":["Dropkick","Pommel Strike"],"picked":"Thunderclap","floor":3.0},{"not_picked":["Sword Boomerang","Burning Pact"],"picked":"Metallicize","floor":7.0},{"not_picked":["Feel No Pain","Combust"],"picked":"Flame Barrier","floor":8.0},{"not_picked":["Perfected Strike","Clothesline"],"picked":"Uppercut","floor":11.0},{"not_picked":["Iron Wave","Uppercut"],"picked":"Juggernaut","floor":13.0},{"not_picked":["Limit Break","Exhume"],"picked":"Double Tap","floor":16.0},{"not_picked":["Battle Trance","Clash"],"picked":"Iron Wave+1","floor":18.0},{"not_picked":["Entrench","Headbutt"],"picked":"Rampage","floor":20.0},{"not_picked":["Havoc","Body Slam"],"picked":"Sentinel+1","floor":21.0},{"not_picked":["Heavy Blade","Warcry"],"picked":"Flame Barrier+1","floor":23.0},{"not_picked":["Entrench","Dual Wield"],"picked":"Demon Form","floor":27.0},{"not_picked":["Twin Strike","Headbutt"],"picked":"Power Through","floor":28.0},{"not_picked":["Warcry","Pommel Strike"],"picked":"Shrug It Off","floor":29.0},{"not_picked":["Rupture","Warcry+1"],"picked":"Seeing Red+1","floor":31.0},{"not_picked":["Sentinel","Combust"],"picked":"Shockwave+1","floor":32.0},{"not_picked":["Brutality","Fiend Fire"],"picked":"Double Tap","floor":33.0},{"not_picked":["Perfected Strike+1","Body Slam"],"picked":"Anger+1","floor":35.0},{"not_picked":["Entrench","Havoc","Sword Boomerang"],"picked":"SKIP","floor":37.0},{"not_picked":["Shrug It Off+1","Impervious"],"picked":"Rage","floor":39.0},{"not_picked":["Thunderclap","Shockwave","Warcry"],"picked":"SKIP","floor":40.0},{"not_picked":["Flex+1","Sever Soul+1"],"picked":"Whirlwind","floor":41.0},{"not_picked":["Pommel Strike+1","Wild Strike+1"],"picked":"Iron Wave+1","floor":42.0},{"not_picked":["Flex","Twin Strike"],"picked":"Body Slam+1","floor":44.0},{"not_picked":["Flame Barrier+1","Shrug It Off"],"picked":"Hemokinesis+1","floor":45.0},{"not_picked":["True Grit","Clothesline+1","Headbutt"],"picked":"SKIP","floor":46.0},{"not_picked":["Bandage Up","Jack Of All Trades"],"picked":"Sadistic Nature","floor":47.0},{"not_picked":["Bloodletting","Heavy Blade+1","Sword Boomerang"],"picked":"SKIP","floor":48.0},{"not_picked":["Demon Form","Juggernaut"],"picked":"Bludgeon","floor":50.0},{"not_picked":["Thunderclap","True Grit","Armaments"],"picked":"SKIP","floor":52.0},{"not_picked":["Flex","Pommel Strike","Armaments"],"picked":"SKIP","floor":54.0},{"not_picked":["Twin Strike","Thunderclap","Shrug It Off"],"picked":"SKIP","floor":55.0},{"not_picked":["Clothesline","Disarm"],"picked":"Impervious","floor":58.0},{"not_picked":["Havoc","True Grit"],"picked":"Metallicize","floor":62.0},{"not_picked":["True Grit","Shrug It Off","Heavy Blade"],"picked":"SKIP","floor":63.0},{"not_picked":["Shrug It Off","Wild Strike","Sentinel"],"picked":"SKIP","floor":65.0},{"not_picked":["Sword Boomerang","Combust"],"picked":"Feed","floor":66.0},{"not_picked":["Anger","Wild Strike"],"picked":"Rupture","floor":69.0},{"not_picked":["Pommel Strike+1","Spot Weakness"],"picked":"Shrug It Off+1","floor":72.0},{"not_picked":["Disarm","Body Slam","Warcry"],"picked":"SKIP","floor":73.0},{"not_picked":["Heavy Blade","Wild Strike"],"picked":"Intimidate+1","floor":75.0},{"not_picked":["Bloodletting+1","Rage"],"picked":"Feed","floor":77},{"not_picked":["Carnage","Body Slam","Cleave"],"picked":"SKIP","floor":78},{"not_picked":["Shrug It Off","Headbutt"],"picked":"Body Slam+1","floor":79},{"not_picked":["Brutality","Armaments"],"picked":"Juggernaut","floor":82},{"not_picked":["Pummel+1","Clash"],"picked":"Anger+1","floor":83}],"player_experience":149385,"relics_obtained":[{"floor":7.0,"key":"Slimebound:StickyStick"},{"floor":9.0,"key":"Anchor"},{"floor":23.0,"key":"MawBank"},{"floor":26.0,"key":"Dream Catcher"},{"floor":31.0,"key":"Akabeko"},{"floor":40.0,"key":"Happy Flower"},{"floor":43.0,"key":"Ornamental Fan"},{"floor":60.0,"key":"hexamod:BolsterEngine"}],"event_choices":[{"damage_healed":0.0,"max_hp_gain":0.0,"max_hp_loss":0.0,"gold_gain":0.0,"event_name":"Liars Game","player_choice":"Ignored","floor":2.0,"gold_loss":0.0,"damage_taken":0.0},{"cards_removed":["Fire Breathing"],"damage_healed":4.0,"max_hp_gain":0.0,"max_hp_loss":0.0,"gold_gain":0.0,"event_name":"Bonfire Elementals","player_choice":"Offered Uncommon","floor":5.0,"gold_loss":0.0,"damage_taken":0.0},{"damage_healed":0.0,"max_hp_gain":0.0,"max_hp_loss":0.0,"gold_gain":0.0,"event_name":"Golden Idol","player_choice":"Ignored","floor":12.0,"gold_loss":0.0,"damage_taken":0.0},{"damage_healed":0.0,"max_hp_gain":0.0,"max_hp_loss":0.0,"gold_gain":75.0,"event_name":"FaceTrader","player_choice":"Touch","floor":14.0,"gold_loss":0.0,"damage_taken":8.0},{"damage_healed":0.0,"max_hp_gain":0.0,"max_hp_loss":0.0,"gold_gain":0.0,"event_name":"Ghosts","player_choice":"Ignored","floor":30.0,"gold_loss":0.0,"damage_taken":0.0},{"damage_healed":0.0,"max_hp_gain":0.0,"max_hp_loss":0.0,"gold_gain":0.0,"cards_transformed":["Reckless Charge"],"event_name":"Transmorgrifier","player_choice":"Transformed","floor":38.0,"gold_loss":0.0,"damage_taken":0.0,"cards_obtained":["Entrench"]},{"damage_healed":0.0,"max_hp_gain":0.0,"max_hp_loss":0.0,"gold_gain":0.0,"event_name":"SensoryStone","player_choice":"Memory 1","floor":47.0,"gold_loss":0.0,"damage_taken":0.0},{"cards_removed":["Parasite"],"damage_healed":0.0,"max_hp_gain":0.0,"max_hp_loss":0.0,"gold_gain":0.0,"event_name":"Bonfire Elementals","player_choice":"Offered Curse","floor":53.0,"gold_loss":0.0,"damage_taken":0.0,"relics_obtained":["Spirit Poop"]},{"damage_healed":0.0,"max_hp_gain":0.0,"max_hp_loss":0.0,"gold_gain":0.0,"event_name":"Shining Light","player_choice":"Entered Light","floor":56.0,"gold_loss":0.0,"damage_taken":15.0,"cards_upgraded":["Flame Barrier","Bludgeon"]},{"cards_removed":["Sentinel"],"damage_healed":0.0,"max_hp_gain":0.0,"max_hp_loss":0.0,"gold_gain":0.0,"event_name":"Purifier","player_choice":"Purged","floor":70.0,"gold_loss":0.0,"damage_taken":0.0},{"damage_healed":0.0,"max_hp_gain":0.0,"max_hp_loss":0.0,"gold_gain":0.0,"event_name":"The Library","player_choice":"Read","floor":76.0,"gold_loss":0.0,"damage_taken":0.0,"cards_obtained":["Double Tap"]},{"damage_healed":0,"gold_gain":0,"player_choice":"Inject Mutagens","damage_taken":0,"relics_obtained":["MutagenicStrength"],"max_hp_gain":0,"max_hp_loss":0,"event_name":"Drug Dealer","floor":81,"gold_loss":0}],"is_beta":false,"boss_relics":[{"not_picked":["Runic Pyramid","Ectoplasm"],"picked":"Astrolabe"},{"not_picked":["Runic Dome","Tiny House"],"picked":"Fusion Hammer"},{"not_picked":["SlaversCollar","Black Star"],"picked":"Black Blood"},{"not_picked":["Velvet Choker","Snecko Eye","Coffee Dripper"]}],"items_purged_floors":[],"is_endless":true,"potions_floor_spawned":[1,11,13,16,18,21,28,31,35,37,40,44,46,55,62,67,72,75,77,82],"killed_by":"Champ","ascension_level":0}}