{"host":"27c7lqff1bu0ydoz","time":1612936910,"event":{"mods":["AchievementEnabler","Act Like it!","Aspiration","BaseMod","Block Reminder","CapriCore","Conspire","Energized Spire","Friendly Minions","Gensokyo","GifTheSpireLib","Hubris","Infinite Spire","Koishi","Marisa????????","Minty Spire (QoL Compilation)","Rare Cards Sparkle","Reimu??????","Remilia??????","Replay The Spire","StSLib","The Immortal","The Servant 0.9.4","yUi"],"gold_per_floor":[119,133,150,150,166,166,184,184,184,198,198,198,210,210,210,210,210],"floor_reached":16,"language":"ENG","playtime":1330,"items_purged":[],"score":99,"play_id":"6dff9784-c3b7-4a4d-8cca-2184771a61d2","local_time":"20210210070150","is_ascension_mode":true,"campfire_choices":[{"data":"Advance","floor":6,"key":"SMITH"},{"data":"Defy","floor":8,"key":"SMITH"},{"data":"Luminosity","floor":11,"key":"SMITH"},{"floor":15,"key":"REST"}],"circlet_count":0,"master_deck":["Strike_S","Strike_S","Strike_S","Strike_S","Defend_S","Defend_S","Defend_S","Defend_S","Exchange","Ricochet","Luminosity+1","Advance+1","ShiftingGears","BottledTime","Defy+1","SpecialFormula","Alleviate"],"relics":["Uniform","Juzu Bracelet","Gensokyo:Mercy","PreservedInsect"],"acts_visited":["Exordium"],"potions_floor_usage":[16,16,16],"damage_taken":[{"damage":0,"enemies":"Gensokyo:Gryphon","floor":1,"turns":5},{"damage":0,"enemies":"Gensokyo:3_Fairies","floor":2,"turns":4},{"damage":9,"enemies":"Gensokyo:Python","floor":3,"turns":4},{"damage":5,"enemies":"Gensokyo:2_Rabbits","floor":5,"turns":5},{"damage":7,"enemies":"Gensokyo:Kitsune","floor":7,"turns":3},{"damage":9,"enemies":"Gensokyo:Gryphon_and_Rabbit","floor":10,"turns":6},{"damage":17,"enemies":"Gensokyo:3_Kodama","floor":13,"turns":5},{"damage":31,"enemies":"Gensokyo:Reimu","floor":16,"turns":15}],"seed_played":"3569673382527803962","potions_obtained":[{"floor":1,"key":"Block Potion"},{"floor":3,"key":"SpeedPotion"},{"floor":5,"key":"Adrenaline Potion"}],"is_trial":false,"path_per_floor":["M","M","M","?","M","R","M","R","T","M","R","?","M","?","R","B"],"character_chosen":"THE_SERVANT","items_purchased":[],"campfire_rested":1,"item_purchase_floors":[],"current_hp_per_floor":[65,65,56,63,58,58,51,51,51,42,42,42,30,17,36,10,10],"gold":210,"neow_bonus":"THREE_CARDS","is_daily":false,"chose_seed":false,"campfire_upgraded":3,"win_rate":0.0,"timestamp":1612936910,"path_taken":["M","M","M","?","?","R","M","R","T","M","R","?","M","?","R","BOSS"],"items_purchased_type":[],"build_version":"2020-12-22","purchased_purges":0,"victory":false,"max_hp_per_floor":[65,65,65,65,65,65,65,65,65,65,65,65,65,65,65,65,65],"card_choices":[{"not_picked":["Foresight","Rearm"],"picked":"Ricochet","floor":0},{"not_picked":["WasteNot","Desolation"],"picked":"Luminosity","floor":1},{"not_picked":["Ricochet","Desolation"],"picked":"Advance","floor":2},{"not_picked":["Sabotage","Gouge"],"picked":"ShiftingGears","floor":3},{"not_picked":["DoubleEdge","TimeWarp"],"picked":"BottledTime","floor":5},{"not_picked":["Ricochet","BottledTime"],"picked":"Defy","floor":7},{"not_picked":["Spin","Alleviate"],"picked":"SpecialFormula","floor":10},{"not_picked":["FastForward","Unruled"],"picked":"Alleviate","floor":13}],"player_experience":276906,"relics_obtained":[{"floor":9,"key":"Juzu Bracelet"}],"event_choices":[],"is_beta":false,"boss_relics":[],"items_purged_floors":[],"is_endless":false,"potions_floor_spawned":[1,3,5],"killed_by":"Gensokyo:Reimu","ascension_level":1}}