{"host":"oy4pyvr762z5n0bb","time":1612917984,"event":{"mods":["AchievementEnabler","BaseMod","Colored Map","Colored Powertips","Googly Eyes","Key Reminder","Minty Spire (QoL Compilation)","Quick Restart","Relic Sorter","Slay the Relics Exporter","StSLib","SuperFastMode","Unceasing Turn Reminder","slay the spire mod where everything is the same but ironclad has a cowboy hat"],"gold_per_floor":[113,113,125,140,159,159,170,170,170,21,21,31,131,144,144,241,291,301,327,51,51,51,85,85,85,85,65,80,93,93,93,93,93,93],"floor_reached":33,"language":"ENG","playtime":820,"items_purged":["Strike_R"],"score":259,"play_id":"eb50dca6-2c09-48e4-8082-5e73ba9a45b5","local_time":"20210209164624","is_ascension_mode":false,"campfire_choices":[{"data":"Double Tap","floor":6,"key":"SMITH"},{"data":"Bash","floor":8,"key":"SMITH"},{"data":"Armaments","floor":15,"key":"SMITH"},{"data":"Thunderclap","floor":25,"key":"SMITH"},{"floor":32,"key":"REST"}],"circlet_count":0,"master_deck":["Strike_R","Strike_R","Strike_R","Strike_R","Defend_R","Defend_R","Defend_R","Defend_R","Bash+1","Pommel Strike","Double Tap+1","Warcry","Dropkick","Shrug It Off","Warcry+1","Armaments+1","Wild Strike","Ghostly Armor","Cleave+1","Thunderclap+1","Shame","Reaper","Shrug It Off","Dropkick+1","Battle Trance+1"],"relics":["Burning Blood","Champion Belt","Unceasing Top","Bag of Marbles","Tiny House","Red Mask","ClockworkSouvenir","Pantograph","Prayer Wheel","Pocketwatch","White Beast Statue"],"acts_visited":["Exordium","TheCity"],"potions_floor_usage":[19,19,23,23,23,31],"damage_taken":[{"damage":7,"enemies":"Jaw Worm","floor":1,"turns":4},{"damage":0,"enemies":"Cultist","floor":3,"turns":3},{"damage":0,"enemies":"Small Slimes","floor":4,"turns":3},{"damage":9,"enemies":"Red Slaver","floor":5,"turns":3},{"damage":8,"enemies":"Blue Slaver","floor":7,"turns":3},{"damage":8,"enemies":"Exordium Wildlife","floor":12,"turns":3},{"damage":15,"enemies":"3 Louse","floor":14,"turns":4},{"damage":36,"enemies":"Slime Boss","floor":16,"turns":10},{"damage":21,"enemies":"Shell Parasite","floor":18,"turns":5},{"damage":20,"enemies":"Masked Bandits","floor":19,"turns":5},{"damage":32,"enemies":"Gremlin Leader","floor":23,"turns":8},{"damage":14,"enemies":"2 Thieves","floor":27,"turns":4},{"damage":2,"enemies":"Centurion and Healer","floor":28,"turns":6},{"damage":35,"enemies":"Chosen and Byrds","floor":29,"turns":7},{"damage":0,"enemies":"3 Cultists","floor":31,"turns":1},{"damage":82,"enemies":"Automaton","floor":33,"turns":10}],"seed_played":"1925079912706503922","potions_obtained":[{"floor":4,"key":"LiquidMemories"},{"floor":12,"key":"LiquidBronze"},{"floor":16,"key":"Regen Potion"},{"floor":17,"key":"Strength Potion"},{"floor":19,"key":"CultistPotion"},{"floor":27,"key":"FearPotion"},{"floor":28,"key":"ElixirPotion"},{"floor":29,"key":"SmokeBomb"}],"is_trial":false,"path_per_floor":["M","?","M","M","M","R","M","R","T","$","$","M","?","M","R","B",null,"M","?","$","?","$","E","T","R","T","M","M","M","$","M","R","B"],"character_chosen":"IRONCLAD","items_purchased":["Bag of Marbles","ClockworkSouvenir","Energy Potion"],"campfire_rested":1,"item_purchase_floors":[10,20,20],"current_hp_per_floor":[71,71,72,72,69,69,67,67,67,67,67,65,65,56,56,26,77,62,48,48,48,48,37,37,37,37,34,38,15,15,21,44,0,0],"gold":93,"neow_bonus":"ONE_RARE_RELIC","is_daily":false,"chose_seed":false,"campfire_upgraded":4,"win_rate":0.0,"timestamp":1612917984,"path_taken":["M","?","?","M","M","R","M","R","T","?","$","M","?","M","R","BOSS","M","?","$","?","?","E","?","R","T","M","M","M","$","M","R","BOSS"],"items_purchased_type":["Relic","Relic","Potion"],"build_version":"2020-12-22","purchased_purges":1,"victory":false,"max_hp_per_floor":[72,72,72,72,72,72,72,72,72,72,72,72,72,72,72,72,77,77,77,77,77,77,77,77,77,77,77,77,77,77,77,77,77,77],"card_choices":[{"not_picked":["Clash","Sword Boomerang"],"picked":"Pommel Strike","floor":1},{"not_picked":["Feel No Pain","Iron Wave"],"picked":"Warcry","floor":3},{"not_picked":["Reckless Charge","Wild Strike"],"picked":"Dropkick","floor":4},{"not_picked":["Wild Strike","Clash"],"picked":"Shrug It Off","floor":5},{"not_picked":["Havoc","Sword Boomerang"],"picked":"Warcry","floor":7},{"not_picked":["Body Slam","Juggernaut"],"picked":"Armaments","floor":12},{"not_picked":["Sever Soul","Infernal Blade"],"picked":"Wild Strike","floor":14},{"not_picked":["Havoc","Bloodletting"],"picked":"Ghostly Armor","floor":17},{"not_picked":["Burning Pact","Sword Boomerang+1"],"picked":"Cleave+1","floor":18},{"not_picked":["Wild Strike","Disarm"],"picked":"Thunderclap","floor":19},{"not_picked":["Rampage+1","Evolve"],"picked":"Reaper","floor":23},{"not_picked":["Armaments","Hemokinesis"],"picked":"Shrug It Off","floor":27},{"not_picked":["Iron Wave","Armaments"],"picked":"Dropkick+1","floor":27},{"not_picked":["Whirlwind","Shrug It Off"],"picked":"Battle Trance+1","floor":28},{"not_picked":["Entrench","Clothesline","Shockwave"],"picked":"SKIP","floor":28},{"not_picked":["Iron Wave+1","Body Slam","Dark Embrace"],"picked":"SKIP","floor":29},{"not_picked":["Perfected Strike","Thunderclap","True Grit"],"picked":"SKIP","floor":29}],"player_experience":639167,"relics_obtained":[{"floor":9,"key":"Unceasing Top"},{"floor":19,"key":"Red Mask"},{"floor":23,"key":"Prayer Wheel"},{"floor":24,"key":"Pocketwatch"},{"floor":26,"key":"White Beast Statue"}],"event_choices":[{"damage_healed":0,"gold_gain":0,"player_choice":"1 cards matched","damage_taken":0,"max_hp_gain":0,"max_hp_loss":0,"event_name":"Match and Keep!","floor":2,"gold_loss":0,"cards_obtained":["Double Tap"]},{"damage_healed":0,"gold_gain":100,"player_choice":"Gold","damage_taken":0,"max_hp_gain":0,"max_hp_loss":0,"event_name":"Wheel of Change","floor":13,"gold_loss":0},{"damage_healed":0,"gold_gain":0,"player_choice":"Fought Bandits","damage_taken":0,"max_hp_gain":0,"max_hp_loss":0,"event_name":"Masked Bandits","floor":19,"gold_loss":0},{"damage_healed":0,"gold_gain":0,"player_choice":"Stole Relic","damage_taken":0,"relics_obtained":["Pantograph"],"max_hp_gain":0,"max_hp_loss":0,"event_name":"Addict","floor":21,"gold_loss":0,"cards_obtained":["Shame"]}],"is_beta":false,"boss_relics":[{"not_picked":["Empty Cage","Coffee Dripper"],"picked":"Tiny House"}],"items_purged_floors":[20],"is_endless":false,"potions_floor_spawned":[4,12,16,18,19,27,28,29,31],"killed_by":"Automaton","ascension_level":0}}