{"host":"sp1f3sybb350mzsh","time":1612924393,"event":{"mods":["AchievementEnabler","BaseMod","Bestiary","Colored Map","Colored Powertips","Filter the Spire","Minty Spire (QoL Compilation)","Relic Stats","StSLib"],"gold_per_floor":[115,126,23,42,57,88,88,121,146,174,193,40,40,40,40,142,142,159,74,74,74,86,86,86,86,86],"floor_reached":25,"language":"ENG","playtime":1457,"items_purged":["Strike_R"],"score":255,"play_id":"eb78ebe0-dfeb-41b7-a67c-2b15c8c2cebc","local_time":"20210209203313","is_ascension_mode":true,"campfire_choices":[{"data":"The Bomb","floor":7,"key":"SMITH"},{"data":"Shrug It Off","floor":13,"key":"SMITH"},{"floor":15,"key":"REST"},{"data":"Havoc","floor":23,"key":"SMITH"}],"circlet_count":0,"master_deck":["Defend_R+1","Defend_R+1","Defend_R+1","Defend_R+1","Bash","The Bomb+1","Heavy Blade","Flex","Warcry","Carnage","Pommel Strike","Spot Weakness","Havoc+1","Shrug It Off+1","Demon Form","Double Tap+1","Warcry+1","Rupture+1","Bite","Bite","Bite","Bite","Bite"],"relics":["Burning Blood","Calipers","Centennial Puzzle","Bag of Preparation","Whetstone","Akabeko","Astrolabe","Tiny Chest"],"acts_visited":["Exordium","TheCity"],"potions_floor_usage":[8,10,12,16,25,25],"damage_taken":[{"damage":10,"enemies":"Small Slimes","floor":1,"turns":3},{"damage":10,"enemies":"Jaw Worm","floor":2,"turns":4},{"damage":7,"enemies":"2 Louse","floor":4,"turns":2},{"damage":9,"enemies":"Blue Slaver","floor":5,"turns":4},{"damage":23,"enemies":"Gremlin Nob","floor":6,"turns":4},{"damage":3,"enemies":"Lagavulin","floor":8,"turns":6},{"damage":13,"enemies":"3 Sentries","floor":10,"turns":4},{"damage":3,"enemies":"2 Fungi Beasts","floor":11,"turns":3},{"damage":27,"enemies":"Slime Boss","floor":16,"turns":5},{"damage":45,"enemies":"Shell Parasite","floor":18,"turns":9},{"damage":20,"enemies":"Chosen","floor":22,"turns":4},{"damage":40,"enemies":"Gremlin Leader","floor":25,"turns":2}],"seed_played":"-8590417606123890193","potions_obtained":[{"floor":2,"key":"DuplicationPotion"},{"floor":4,"key":"BloodPotion"},{"floor":8,"key":"Fire Potion"},{"floor":11,"key":"Swift Potion"},{"floor":22,"key":"ColorlessPotion"}],"is_trial":false,"path_per_floor":["M","M","$","M","M","E","R","E","T","E","M","$","R","?","R","B",null,"M","?","?","?","M","R","T","E"],"character_chosen":"IRONCLAD","items_purchased":["Flex","PowerPotion","Shrug It Off","SkillPotion"],"campfire_rested":1,"item_purchase_floors":[3,3,12,12],"current_hp_per_floor":[68,64,64,63,60,43,43,46,46,39,42,56,56,23,44,23,72,33,33,33,33,31,31,31,0,0],"gold":86,"neow_bonus":"RANDOM_COLORLESS_2","is_daily":false,"chose_seed":false,"campfire_upgraded":3,"win_rate":0.0,"timestamp":1612924393,"path_taken":["M","M","$","M","M","E","R","E","T","E","M","$","R","?","R","BOSS","M","?","?","?","?","R","?","E"],"items_purchased_type":["Card","Potion","Card","Potion"],"build_version":"2020-12-22","purchased_purges":1,"victory":false,"max_hp_per_floor":[72,72,72,72,72,72,72,72,72,72,72,72,72,72,72,72,72,72,72,50,50,50,50,50,50,50],"relic_stats":{"Centennial Puzzle":[18],"counters":[12,50],"Astrolabe":["Double Tap","Warcry","Rupture"],"Tiny Chest":1,"Bag of Preparation":[12],"Whetstone":["Strike_R","Strike_R"],"obtain_stats":[{"Centennial Puzzle":8,"Calipers":6,"Astrolabe":17,"Tiny Chest":19,"Bag of Preparation":9,"Whetstone":10,"Burning Blood":0,"Akabeko":14},{"Centennial Puzzle":6,"Calipers":5,"Astrolabe":9,"Tiny Chest":10,"Bag of Preparation":6,"Whetstone":7,"Burning Blood":0,"Akabeko":8},{"Centennial Puzzle":23,"Calipers":17,"Astrolabe":35,"Tiny Chest":44,"Bag of Preparation":23,"Whetstone":27,"Burning Blood":0,"Akabeko":30}],"Burning Blood":66},"card_choices":[{"not_picked":["Panache","Sadistic Nature"],"picked":"The Bomb","floor":0},{"not_picked":["Thunderclap","Havoc","Dark Embrace"],"picked":"SKIP","floor":1},{"not_picked":["Shrug It Off","Havoc"],"picked":"Heavy Blade","floor":2},{"not_picked":["Heavy Blade","Evolve"],"picked":"Warcry","floor":4},{"not_picked":["Perfected Strike","Armaments"],"picked":"Carnage","floor":5},{"not_picked":["Heavy Blade","Sword Boomerang"],"picked":"Entrench","floor":6},{"not_picked":["Clash","Twin Strike"],"picked":"Pommel Strike","floor":8},{"not_picked":["Warcry","Headbutt"],"picked":"Spot Weakness","floor":10},{"not_picked":["Berserk","Warcry"],"picked":"Havoc","floor":11},{"not_picked":["Double Tap","Exhume"],"picked":"Demon Form","floor":16},{"not_picked":["Havoc","Warcry","Cleave"],"picked":"SKIP","floor":18},{"not_picked":["Warcry","Perfected Strike","Wild Strike"],"picked":"SKIP","floor":22}],"player_experience":171110,"relics_obtained":[{"floor":6,"key":"Calipers"},{"floor":8,"key":"Centennial Puzzle"},{"floor":9,"key":"Bag of Preparation"},{"floor":10,"key":"Whetstone"}],"event_choices":[{"damage_healed":0,"gold_gain":0,"player_choice":"Success","damage_taken":33,"relics_obtained":["Akabeko"],"max_hp_gain":0,"max_hp_loss":0,"event_name":"Scrap Ooze","floor":14,"gold_loss":0},{"damage_healed":0,"gold_gain":0,"player_choice":"Obtained Relic","damage_taken":0,"relics_obtained":["Tiny Chest"],"max_hp_gain":0,"max_hp_loss":0,"event_name":"Addict","floor":19,"gold_loss":85},{"damage_healed":0,"gold_gain":0,"player_choice":"Became a vampire","damage_taken":0,"max_hp_gain":0,"max_hp_loss":22,"event_name":"Vampires","floor":20,"gold_loss":0,"cards_obtained":["Bite","Bite","Bite","Bite","Bite"]},{"damage_healed":0,"gold_gain":0,"player_choice":"Simplicity","damage_taken":0,"max_hp_gain":0,"max_hp_loss":0,"event_name":"Back to Basics","floor":21,"gold_loss":0,"cards_upgraded":["Defend_R","Defend_R","Defend_R","Defend_R"]}],"is_beta":false,"boss_relics":[{"not_picked":["Busted Crown","Tiny House"],"picked":"Astrolabe"}],"items_purged_floors":[12],"is_endless":false,"potions_floor_spawned":[2,4,8,11,22],"killed_by":"Gremlin Leader","ascension_level":1}}