{"host":"prxrhpgaxnj4om9r","time":1612957451,"event":{"mods":["AchievementEnabler","BaseMod","DeckTracker","Keyboard Shortcuts","Minty Spire (QoL Compilation)"],"gold_per_floor":[117,117,83,96,96,96,126,126,149,161,180,192,205,233,233,328,328,317,317,331,331,331,363,375,375,375,389,81,81,81,181,181,181,181],"floor_reached":33,"language":"KOR","playtime":1931,"items_purged":[],"score":265,"play_id":"751a58ad-5a61-4982-8bd0-57231358755c","local_time":"20210210204411","is_ascension_mode":false,"campfire_choices":[{"data":"Neutralize","floor":6,"key":"SMITH"},{"floor":8,"key":"REST"},{"floor":15,"key":"RECALL"},{"floor":25,"key":"REST"},{"data":"Adrenaline","floor":29,"key":"SMITH"},{"data":"Caltrops","floor":32,"key":"SMITH"}],"circlet_count":0,"master_deck":["Strike_G","Strike_G","Strike_G","Strike_G","Strike_G","Defend_G","Defend_G","Defend_G","Defend_G","Defend_G","Survivor","Neutralize+1","Acrobatics","Caltrops+1","Slice","Leg Sweep","Predator","Deadly Poison","Backflip","Cloak And Dagger","Catalyst","Storm of Steel","PiercingWail","Escape Plan+1","Distraction+1","Sucker Punch+1","Underhanded Strike","Adrenaline+1","Dagger Throw","Escape Plan"],"relics":["Ring of the Snake","Omamori","Lantern","Juzu Bracelet","Odd Mushroom","Cursed Key","Art of War","StoneCalendar","Eternal Feather","TwistedFunnel","Ice Cream","Mercury Hourglass"],"acts_visited":["Exordium","TheCity"],"potions_floor_usage":[1,7,7,7,12,14,20,23,33,33,33],"damage_taken":[{"damage":0,"enemies":"Cultist","floor":1,"turns":3},{"damage":0,"enemies":"Small Slimes","floor":4,"turns":4},{"damage":23,"enemies":"Lagavulin","floor":7,"turns":6},{"damage":0,"enemies":"2 Louse","floor":10,"turns":2},{"damage":1,"enemies":"Blue Slaver","floor":11,"turns":4},{"damage":0,"enemies":"2 Fungi Beasts","floor":12,"turns":2},{"damage":5,"enemies":"Red Slaver","floor":13,"turns":3},{"damage":18,"enemies":"The Mushroom Lair","floor":14,"turns":4},{"damage":25,"enemies":"Hexaghost","floor":16,"turns":12},{"damage":27,"enemies":"2 Thieves","floor":18,"turns":4},{"damage":0,"enemies":"3 Byrds","floor":20,"turns":5},{"damage":22,"enemies":"Book of Stabbing","floor":23,"turns":5},{"damage":32,"enemies":"3 Cultists","floor":24,"turns":6},{"damage":7,"enemies":"Snake Plant","floor":27,"turns":4},{"damage":5,"enemies":"Colosseum Slavers","floor":31,"turns":4},{"damage":20,"enemies":"Colosseum Nobs","floor":31,"turns":5},{"damage":72,"enemies":"Champ","floor":33,"turns":12}],"seed_played":"5208493908895136478","potions_obtained":[{"floor":0,"key":"FairyPotion"},{"floor":0,"key":"PowerPotion"},{"floor":0,"key":"SteroidPotion"},{"floor":1,"key":"Strength Potion"},{"floor":7,"key":"Fruit Juice"},{"floor":10,"key":"Fire Potion"},{"floor":11,"key":"SkillPotion"},{"floor":19,"key":"Strength Potion"},{"floor":19,"key":"CultistPotion"},{"floor":27,"key":"EntropicBrew"}],"is_trial":false,"path_per_floor":["M","?","$","M","?","R","E","R","T","M","M","M","M","?","R","B",null,"M","?","M","?","?","E","M","R","T","M","$","R","?","?","R","B"],"character_chosen":"THE_SILENT","items_purchased":["Caltrops","TwistedFunnel","Adrenaline","Dagger Throw"],"campfire_rested":2,"item_purchase_floors":[3,28,28,28],"current_hp_per_floor":[70,63,63,63,63,63,45,67,67,67,66,66,61,43,43,18,75,48,48,48,48,73,51,19,41,41,34,34,49,49,24,42,0,0],"gold":181,"neow_bonus":"THREE_SMALL_POTIONS","is_daily":false,"chose_seed":false,"campfire_upgraded":3,"win_rate":0.0,"timestamp":1612957451,"path_taken":["M","?","$","M","?","R","E","R","T","M","M","M","M","?","R","BOSS","M","?","M","?","?","E","M","R","T","M","$","R","?","?","R","BOSS"],"items_purchased_type":["Card","Relic","Card","Card"],"build_version":"2020-12-22","purchased_purges":0,"victory":false,"max_hp_per_floor":[70,70,70,70,70,70,75,75,75,75,75,75,75,75,75,75,75,75,75,75,75,75,75,75,75,75,75,75,75,75,75,75,75,75],"card_choices":[{"not_picked":["Blur","Cloak And Dagger"],"picked":"Acrobatics","floor":1},{"not_picked":["Deflect","Masterful Stab"],"picked":"Slice","floor":4},{"not_picked":["Deflect","Underhanded Strike"],"picked":"Leg Sweep","floor":7},{"not_picked":["Concentrate","Terror"],"picked":"Predator","floor":10},{"not_picked":["Bane","Acrobatics"],"picked":"Deadly Poison","floor":11},{"not_picked":["Reflex","Concentrate"],"picked":"Backflip","floor":12},{"not_picked":["Deflect","Deadly Poison"],"picked":"Cloak And Dagger","floor":13},{"not_picked":["Unload","Expertise"],"picked":"Catalyst","floor":14},{"not_picked":["Malaise","Bullet Time"],"picked":"Storm of Steel","floor":16},{"not_picked":["Infinite Blades+1","All Out Attack"],"picked":"PiercingWail","floor":18},{"not_picked":["Deadly Poison","Dagger Throw"],"picked":"Escape Plan+1","floor":20},{"not_picked":["Dagger Spray","Deadly Poison"],"picked":"Distraction+1","floor":23},{"not_picked":["Blade Dance+1","Well Laid Plans+1"],"picked":"Sucker Punch+1","floor":24},{"not_picked":["Masterful Stab","Dagger Spray"],"picked":"Underhanded Strike","floor":27},{"not_picked":["Tools of the Trade","Outmaneuver"],"picked":"Escape Plan","floor":31}],"player_experience":361785,"relics_obtained":[{"floor":7,"key":"Lantern"},{"floor":9,"key":"Juzu Bracelet"},{"floor":14,"key":"Odd Mushroom"},{"floor":21,"key":"Art of War"},{"floor":23,"key":"StoneCalendar"},{"floor":26,"key":"Eternal Feather"},{"floor":31,"key":"Ice Cream"},{"floor":31,"key":"Mercury Hourglass"}],"event_choices":[{"damage_healed":0,"gold_gain":0,"player_choice":"Success","damage_taken":7,"relics_obtained":["Omamori"],"max_hp_gain":0,"max_hp_loss":0,"event_name":"Scrap Ooze","floor":2,"gold_loss":0},{"damage_healed":0,"gold_gain":0,"player_choice":"Ignored","damage_taken":0,"max_hp_gain":0,"max_hp_loss":0,"event_name":"NoteForYourself","floor":5,"gold_loss":0},{"damage_healed":0,"gold_gain":0,"player_choice":"Fought Mushrooms","damage_taken":0,"max_hp_gain":0,"max_hp_loss":0,"event_name":"Mushrooms","floor":14,"gold_loss":0},{"damage_healed":0,"gold_gain":0,"player_choice":"Got Potions","damage_taken":0,"max_hp_gain":0,"max_hp_loss":0,"event_name":"Lab","floor":19,"gold_loss":0},{"damage_healed":0,"gold_gain":0,"player_choice":"Relic","damage_taken":0,"max_hp_gain":0,"max_hp_loss":0,"event_name":"Wheel of Change","floor":21,"gold_loss":0},{"damage_healed":25,"gold_gain":0,"player_choice":"Heal","damage_taken":0,"max_hp_gain":0,"max_hp_loss":0,"event_name":"The Library","floor":22,"gold_loss":0},{"damage_healed":0,"gold_gain":0,"player_choice":"Ignored","damage_taken":0,"max_hp_gain":0,"max_hp_loss":0,"event_name":"Ghosts","floor":30,"gold_loss":0},{"damage_healed":0,"gold_gain":0,"player_choice":"Fight","damage_taken":0,"max_hp_gain":0,"max_hp_loss":0,"event_name":"Colosseum","floor":31,"gold_loss":0},{"damage_healed":0,"gold_gain":0,"player_choice":"Fought Nobs","damage_taken":0,"max_hp_gain":0,"max_hp_loss":0,"event_name":"Colosseum","floor":31,"gold_loss":0}],"is_beta":false,"boss_relics":[{"not_picked":["Velvet Choker","Coffee Dripper"],"picked":"Cursed Key"}],"items_purged_floors":[],"is_endless":false,"potions_floor_spawned":[1,7,10,11,27,31],"killed_by":"Champ","ascension_level":0}}