{"host":"lg1piimdyocafd6j","time":1612973206,"event":{"mods":["AchievementEnabler","BaseMod","Better Third Choice","BetterRewards","Colored Map","Colored Powertips","Downfall","Minty Spire (QoL Compilation)","Quick Restart","Rare Cards Sparkle","Remove Card Discount Mod","Shop Mod","StSLib","SuperFastMode"],"gold_per_floor":[110,121,141,141,141,166,166,166,221,221,249,260,280,291,291,291,291],"floor_reached":16,"language":"ENG","playtime":1206,"items_purged":["Defend_B","Defend_B","Dualcast","Zap","Defend_B","Defend_B","Strike_B"],"score":137,"play_id":"7919a5bb-5e29-4faa-a7f5-0116a9e92316","local_time":"20210210170646","is_ascension_mode":false,"campfire_choices":[{"floor":8,"key":"RECALL"},{"floor":15,"key":"REST"}],"circlet_count":0,"master_deck":["Strike_B","Strike_B","Conserve Battery","Conserve Battery","Glacier","Conserve Battery","Cold Snap","Loop","Cold Snap"],"relics":["Cracked Core","Runic Capacitor","WingedGreaves","Tiny Chest","Singing Bowl"],"acts_visited":["Exordium"],"potions_floor_usage":[16,16],"damage_taken":[{"damage":0,"enemies":"Jaw Worm","floor":1,"turns":5},{"damage":0,"enemies":"Cultist","floor":2,"turns":5},{"damage":0,"enemies":"Small Slimes","floor":3,"turns":3},{"damage":19,"enemies":"Gremlin Nob","floor":6,"turns":8},{"damage":0,"enemies":"3 Sentries","floor":11,"turns":15},{"damage":5,"enemies":"Exordium Thugs","floor":12,"turns":8},{"damage":0,"enemies":"Gremlin Gang","floor":13,"turns":8},{"damage":3,"enemies":"Large Slime","floor":14,"turns":10},{"damage":60,"enemies":"Hexaghost","floor":16,"turns":21}],"seed_played":"-6693136467878746246","potions_obtained":[{"floor":1,"key":"Energy Potion"},{"floor":6,"key":"BlessingOfTheForge"},{"floor":14,"key":"Block Potion"}],"is_trial":false,"path_per_floor":["M","M","M","?","$","E","T","R","T","?","E","M","M","M","R","B"],"character_chosen":"DEFECT","items_purchased":["Conserve Battery","Conserve Battery","Runic Capacitor","Glacier","Conserve Battery"],"campfire_rested":1,"item_purchase_floors":[0,0,0,0,0],"current_hp_per_floor":[75,75,75,75,75,56,56,56,56,61,63,60,60,59,84,24,24],"gold":291,"neow_bonus":"","is_daily":false,"chose_seed":false,"campfire_upgraded":0,"win_rate":0.0,"timestamp":1612973206,"path_taken":["M","M","M","?","?","E","?","R","T","?","E","M","?","?","R","BOSS"],"items_purchased_type":["Card","Card","Relic","Card","Card"],"build_version":"2020-12-22","purchased_purges":7,"victory":false,"max_hp_per_floor":[75,75,75,75,75,75,75,75,75,80,82,84,84,86,86,86,86],"card_choices":[{"not_picked":["Beam Cell","Leap","Rebound"],"picked":"SKIP","floor":1},{"not_picked":["Coolheaded","Ball Lightning"],"picked":"Cold Snap","floor":2},{"not_picked":["Streamline","Turbo"],"picked":"Loop","floor":3},{"not_picked":["BootSequence","Streamline","Steam"],"picked":"SKIP","floor":6},{"not_picked":["Barrage","Hologram","Self Repair"],"picked":"Singing Bowl","floor":11},{"not_picked":["Rainbow","Rebound","Go for the Eyes"],"picked":"Singing Bowl","floor":12},{"not_picked":["Sweeping Beam","Coolheaded"],"picked":"Cold Snap","floor":13},{"not_picked":["Lockon","Sweeping Beam","Recycle"],"picked":"Singing Bowl","floor":14}],"player_experience":134151,"relics_obtained":[{"floor":6,"key":"WingedGreaves"},{"floor":9,"key":"Tiny Chest"},{"floor":11,"key":"Singing Bowl"}],"event_choices":[{"cards_removed":["Strike_B"],"damage_healed":0,"gold_gain":0,"player_choice":"Offered Basic","damage_taken":0,"max_hp_gain":0,"max_hp_loss":0,"event_name":"Bonfire Elementals","floor":4,"gold_loss":0},{"damage_healed":0,"gold_gain":0,"player_choice":"Donut","damage_taken":0,"max_hp_gain":5,"max_hp_loss":0,"event_name":"Big Fish","floor":10,"gold_loss":0}],"is_beta":false,"boss_relics":[],"items_purged_floors":[0,0,0,0,0,0,0],"is_endless":false,"potions_floor_spawned":[1,6,14],"killed_by":"Hexaghost","ascension_level":0}}