{"host":"yml0ux6c8lqydjlc","time":1612994411,"event":{"mods":["Aspiration","BaseMod","Conspire","Downfall","Hermit","Jedi Mod","Minty Spire (QoL Compilation)","Robot Space Explorer","StSLib"],"gold_per_floor":[115,115,126,139,139,139,159,171,171,188,208,238,238,62,62,159,159,143,156,156,156,156],"floor_reached":21,"language":"ENG","playtime":1617,"items_purged":[],"score":173,"play_id":"85e8b145-ca7d-47d1-987f-a5cf62c20a4a","local_time":"20210210170011","is_ascension_mode":false,"campfire_choices":[{"data":"hermit:Snapshot","floor":6,"key":"SMITH"},{"floor":13,"key":"REST"},{"floor":15,"key":"REST"}],"circlet_count":0,"master_deck":["hermit:Strike_Hermit","hermit:Strike_Hermit","hermit:Strike_Hermit","hermit:Defend_Hermit","hermit:Defend_Hermit","hermit:Defend_Hermit","hermit:Defend_Hermit","hermit:Snapshot+1","hermit:Covet","hermit:BigShot","hermit:Feint","hermit:HighCaliber","hermit:HighCaliber","hermit:Ricochet","hermit:Shortfuse","hermit:CalledShot","hermit:Headshot","hermit:Glare","hermit:RoundhouseKick","hermit:LowProfile+1","hermit:Coalescence+1"],"relics":["hermit:Momento","Calipers","Odd Mushroom","jedi:shrinkray","Black Star"],"acts_visited":["Exordium","TheCity"],"potions_floor_usage":[11,21,21],"damage_taken":[{"damage":2,"enemies":"2 Louse","floor":1,"turns":3},{"damage":2,"enemies":"Small Slimes","floor":3,"turns":6},{"damage":4,"enemies":"Cultist","floor":4,"turns":6},{"damage":10,"enemies":"conspire:2 RoseBushes","floor":7,"turns":5},{"damage":12,"enemies":"3 Louse","floor":8,"turns":3},{"damage":4,"enemies":"Blue Slaver","floor":10,"turns":3},{"damage":15,"enemies":"Exordium Thugs","floor":11,"turns":4},{"damage":18,"enemies":"The Mushroom Lair","floor":12,"turns":4},{"damage":57,"enemies":"Hexaghost","floor":16,"turns":10},{"damage":37,"enemies":"2 Thieves","floor":18,"turns":4},{"damage":27,"enemies":"Shell Parasite","floor":19,"turns":6},{"damage":23,"enemies":"Shelled Parasite and Fungi","floor":21,"turns":3}],"seed_played":"-4667849021507132097","potions_obtained":[{"floor":1,"key":"hermit:Tonic"},{"floor":7,"key":"Weak Potion"},{"floor":11,"key":"SteroidPotion"},{"floor":18,"key":"hermit:Tonic"}],"is_trial":false,"path_per_floor":["M","?","M","M","?","R","M","M","T","M","M","?","R","$","R","B",null,"M","M","?","M"],"character_chosen":"HERMIT","items_purchased":["jedi:shrinkray","hermit:Glare"],"campfire_rested":2,"item_purchase_floors":[14,14],"current_hp_per_floor":[80,80,78,74,74,74,64,52,52,48,33,15,39,39,63,6,82,45,18,18,0,0],"gold":156,"neow_bonus":"TEN_PERCENT_HP_BONUS","is_daily":false,"chose_seed":false,"campfire_upgraded":1,"win_rate":0.0,"timestamp":1612994411,"path_taken":["M","?","M","M","?","R","M","M","T","?","M","?","R","$","R","BOSS","M","M","?","M"],"items_purchased_type":["Relic","Card"],"build_version":"2020-12-22","purchased_purges":0,"victory":false,"max_hp_per_floor":[82,82,82,82,82,82,82,82,82,82,82,82,82,82,82,82,82,82,82,82,82,82],"card_choices":[{"not_picked":["hermit:WideOpen","hermit:Misfire"],"picked":"hermit:BigShot","floor":1},{"not_picked":["hermit:TakeCover","hermit:Headshot"],"picked":"hermit:Feint","floor":3},{"not_picked":["hermit:Roulette","hermit:EyeOfTheStorm"],"picked":"hermit:HighCaliber","floor":4},{"not_picked":["hermit:Virtue","hermit:SprayPray"],"picked":"hermit:HighCaliber","floor":7},{"not_picked":["hermit:Snipe","hermit:LuckOfTheDraw"],"picked":"hermit:Ricochet","floor":8},{"not_picked":["hermit:LoneWolf","hermit:ItchyTrigger"],"picked":"hermit:Shortfuse","floor":10},{"not_picked":["hermit:DeadOrAlive","hermit:HighCaliber"],"picked":"hermit:CalledShot","floor":11},{"not_picked":["hermit:LowProfile","hermit:WideOpen"],"picked":"hermit:Headshot","floor":12},{"not_picked":["hermit:Magnum","hermit:Roughhouse"],"picked":"hermit:RoundhouseKick","floor":16},{"not_picked":["hermit:ItchyTrigger","hermit:Feint"],"picked":"hermit:LowProfile+1","floor":18},{"not_picked":["hermit:TakeAim","hermit:Deadeye"],"picked":"hermit:Coalescence+1","floor":19}],"player_experience":44665,"relics_obtained":[{"floor":9,"key":"Calipers"},{"floor":12,"key":"Odd Mushroom"}],"event_choices":[{"damage_healed":0,"gold_gain":0,"player_choice":"Disagree","damage_taken":0,"max_hp_gain":0,"max_hp_loss":0,"event_name":"conspire:LoneGhost","floor":2,"gold_loss":0},{"cards_removed":["hermit:Strike_Hermit"],"damage_healed":0,"gold_gain":0,"player_choice":"Purged","damage_taken":0,"max_hp_gain":0,"max_hp_loss":0,"event_name":"Purifier","floor":5,"gold_loss":0},{"damage_healed":0,"gold_gain":0,"player_choice":"Fought Mushrooms","damage_taken":0,"max_hp_gain":0,"max_hp_loss":0,"event_name":"Mushrooms","floor":12,"gold_loss":0}],"is_beta":false,"boss_relics":[{"not_picked":["aspiration:SilentSkillbook","Runic Pyramid"],"picked":"Black Star"}],"items_purged_floors":[],"is_endless":false,"potions_floor_spawned":[1,7,11,16,18],"killed_by":"Shelled Parasite and Fungi","ascension_level":0}}