{"host":"1poy056mauca3bbh","time":1612932002,"event":{"mods":["Ascension Unlocker","BaseMod","Bestiary","Block Reminder","Colored Map","Colored Powertips","Curses Come First","Highlight Path","Minty Spire (QoL Compilation)","Permanent Neow","Quick Restart","Rare Cards Sparkle","Relic Stats","Smile Girya","StSLib","UnlockEverythingMod"],"gold_per_floor":[362,0,12,27,60,60,70,145,145,162,162,162,181,200,200,200,200],"floor_reached":16,"language":"ENG","playtime":839,"items_purged":[],"score":192,"play_id":"a8eaa05e-cb7f-4ae9-8ae1-d25d7442ff0d","local_time":"20210209234002","is_ascension_mode":true,"campfire_choices":[{"floor":6,"key":"REST"},{"floor":11,"key":"REST"},{"floor":15,"key":"REST"}],"circlet_count":0,"master_deck":["AscendersBane","Strike_B","Strike_B","Strike_B","Defend_B","Defend_B","Defend_B","Defend_B","Zap","Dualcast","Hologram","Capacitor","Consume","Melter","Cold Snap","Consume","Blizzard","Gash","Fission","Blizzard","Turbo"],"relics":["Cracked Core","Orichalcum","FossilizedHelix"],"acts_visited":["Exordium"],"potions_floor_usage":[5,5,7,16],"damage_taken":[{"damage":4.0,"enemies":"Jaw Worm","floor":1.0,"turns":4.0},{"damage":9.0,"enemies":"Small Slimes","floor":3.0,"turns":3.0},{"damage":1.0,"enemies":"Cultist","floor":4.0,"turns":4.0},{"damage":18,"enemies":"Gremlin Gang","floor":5,"turns":3},{"damage":7,"enemies":"Looter","floor":7,"turns":4},{"damage":14,"enemies":"Lots of Slimes","floor":10,"turns":5},{"damage":9,"enemies":"3 Louse","floor":13,"turns":5},{"damage":10,"enemies":"Exordium Wildlife","floor":14,"turns":4},{"damage":31,"enemies":"Slime Boss","floor":16,"turns":10}],"seed_played":"-6261691138145279596","potions_obtained":[{"floor":3.0,"key":"ColorlessPotion"},{"floor":4.0,"key":"SneckoOil"},{"floor":5,"key":"DuplicationPotion"},{"floor":13,"key":"Swift Potion"}],"is_trial":false,"path_per_floor":["M","$","M","M","M","R","M","?","T","M","R","?","M","M","R","B"],"character_chosen":"DEFECT","items_purchased":["Orichalcum","Capacitor","Consume","Melter"],"campfire_rested":3,"item_purchase_floors":[2,2,2,2],"current_hp_per_floor":[42,42,33,32,14,35,28,17,17,3,24,24,15,5,26,0,0],"gold":200,"neow_bonus":"TWO_FIFTY_GOLD","is_daily":false,"chose_seed":false,"campfire_upgraded":0,"win_rate":0.0,"timestamp":1612932002,"path_taken":["M","$","M","M","M","R","M","?","T","M","R","?","M","?","R","BOSS"],"items_purchased_type":["Relic","Card","Card","Card"],"build_version":"2020-12-22","purchased_purges":0,"victory":false,"max_hp_per_floor":[71,71,71,71,71,71,71,71,71,71,71,71,71,71,71,71,71],"relic_stats":{"counters":[9,42],"Orichalcum":[108],"obtain_stats":[{"Orichalcum":2,"Cracked Core":0,"FossilizedHelix":9},{"Orichalcum":1,"Cracked Core":0,"FossilizedHelix":5},{"Orichalcum":4,"Cracked Core":0,"FossilizedHelix":18}]},"card_choices":[{"not_picked":["Redo","Rebound"],"picked":"Hologram","floor":1.0},{"not_picked":["Barrage","Blizzard"],"picked":"Cold Snap","floor":3.0},{"not_picked":["Scrape","Barrage"],"picked":"Consume","floor":4.0},{"not_picked":["Static Discharge","Cold Snap"],"picked":"Blizzard","floor":5},{"not_picked":["Coolheaded","Barrage"],"picked":"Gash","floor":7},{"not_picked":["Go for the Eyes","Darkness"],"picked":"Fission","floor":10},{"not_picked":["Leap","Redo"],"picked":"Blizzard","floor":13},{"not_picked":["Scrape","Conserve Battery"],"picked":"Turbo","floor":14}],"player_experience":137797,"relics_obtained":[{"floor":9,"key":"FossilizedHelix"}],"event_choices":[{"damage_healed":0,"gold_gain":75,"player_choice":"Gather Gold","damage_taken":11,"max_hp_gain":0,"max_hp_loss":0,"event_name":"World of Goop","floor":8,"gold_loss":0},{"cards_removed":["Strike_B"],"damage_healed":0,"gold_gain":0,"player_choice":"Purged","damage_taken":0,"max_hp_gain":0,"max_hp_loss":0,"event_name":"Purifier","floor":12,"gold_loss":0}],"is_beta":false,"boss_relics":[],"items_purged_floors":[],"is_endless":false,"potions_floor_spawned":[3,4,5,13],"killed_by":"Slime Boss","ascension_level":20}}