{"host":"gop1q6bv59twswbp","time":1612954028,"event":{"mods":["AlwaysNeverKeys","BaseMod","Downfall","Hermit","Minty Spire (QoL Compilation)","Permanent Neow","Rare Cards Sparkle","StSLib","The Cursed"],"gold_per_floor":[99,114,132,152,152,186,234,234,266,266,286,286,186,20,30,128,128,28,38,50,66,81,106,106,120,3,3,37,50,50,80,96,201,201,101,121,131,148,163,163,189,189,206,38,73,87,87,166,185,185,185,218,36,36,36,36,36,36],"floor_reached":56,"language":"ENG","playtime":55951,"items_purged":["Slimebound:Strike_Slimebound"],"score":903,"play_id":"c0c8cd6c-5122-4764-bca2-2fa48e6446cb","local_time":"20210210054708","is_ascension_mode":false,"campfire_choices":[{"data":"Slimebound:CorrosiveSpit","floor":1.0,"key":"SMITH"},{"data":"Slimebound:SpikyOuterGoop","floor":10.0,"key":"SMITH"},{"data":"Slimebound:RejuvenatingLick","floor":13.0,"key":"SMITH"},{"data":"Slimebound:Schlurp","floor":18,"key":"SMITH"},{"data":"Slimebound:GoopSpray","floor":27,"key":"SMITH"},{"data":"Slimebound:LevelUp","floor":30,"key":"SMITH"},{"data":"Slimebound:DouseInSlime","floor":35,"key":"SMITH"},{"data":"Slimebound:OozeBath","floor":40,"key":"SMITH"},{"floor":54,"key":"REST"}],"circlet_count":0,"master_deck":["Slimebound:Strike_Slimebound","Slimebound:Strike_Slimebound","Slimebound:Tackle","Slimebound:Defend_Slimebound","Slimebound:Defend_Slimebound","Slimebound:Defend_Slimebound","Slimebound:Defend_Slimebound","Slimebound:Split","Slimebound:CorrosiveSpit+1","Slimebound:LivingWall","Slimebound:SplitMire","Slimebound:SpikyOuterGoop+1","Slimebound:PressTheAttack","Slimebound:FinishingTackle","Slimebound:RejuvenatingLick+1","Slimebound:PressTheAttack","Slimebound:SlimeSpikes","Slimebound:Gluttony","Slimebound:Schlurp+1","Slimebound:LeechLife","Slimebound:SplitMire","Slimebound:LevelUp+1","Slimebound:GoopSpray+1","Slimebound:GrowthPunch","Slimebound:HauntingLick+1","Slimebound:TongueLash+1","Slimebound:LevelUp","Slimebound:SlimeSpikes","Slimebound:ViciousTackle+1","Slimebound:DisruptingSlam+1","Slimebound:DouseInSlime+1","Slimebound:GoopSpray+1","Slimebound:HauntingLick+1","Slimebound:OozeBath+1","Shame","Slimebound:LeechingTouch+1","Slimebound:ComboTackle+1","Slimebound:LivingWall","Slimebound:RainOfGoop+1","Slimebound:LeechEnergy+1","TheCursedMod:Dregs","Slimebound:GoopSpray"],"relics":["Slimebound:AbsorbEndCombat","downfall:ShatteredFragment","hexamod:BolsterEngine","Orichalcum","Tiny Chest","downfall:HeartBlessingBlue","expansioncontent:StudyCardRelic","downfall:HeartBlessingGreen","Singing Bowl","Molten Egg 2","Meat on the Bone","Slimebound:MaxSlimesRelic","Cursed Key","downfall:HeartBlessingRed","Bag of Marbles","Slimebound:SelfDamagePreventRelic","bronze:DecasWashers","FossilizedHelix","Shuriken","PreservedInsect","Oddly Smooth Stone"],"acts_visited":["Exordium","TheCity","TheBeyond","TheEnding"],"potions_floor_usage":[29,31,31,52,55,56,56,56,56,56],"damage_taken":[{"damage":0.0,"enemies":"Cultist","floor":2.0,"turns":4.0},{"damage":0.0,"enemies":"Small Slimes","floor":3.0,"turns":5.0},{"damage":0.0,"enemies":"2 Louse","floor":4.0,"turns":3.0},{"damage":27.0,"enemies":"Gremlin Nob","floor":6.0,"turns":4.0},{"damage":7.0,"enemies":"Lagavulin","floor":9.0,"turns":5.0},{"damage":0.0,"enemies":"Lots of Slimes","floor":11.0,"turns":3.0},{"damage":5.0,"enemies":"downfall:FleeingMerchant","floor":14.0,"turns":4.0},{"damage":3.0,"enemies":"2 Fungi Beasts","floor":15.0,"turns":2.0},{"damage":34.0,"enemies":"DF_ARCHETYPE_STREAMLINE","floor":16.0,"turns":7.0},{"damage":3,"enemies":"Shell Parasite","floor":19,"turns":3},{"damage":1,"enemies":"3 Byrds","floor":20,"turns":3},{"damage":7,"enemies":"Cultist and Chosen","floor":21,"turns":5},{"damage":11,"enemies":"Snake Plant","floor":22,"turns":3},{"damage":3,"enemies":"Book of Stabbing","floor":23,"turns":4},{"damage":0,"enemies":"Chosen and Byrds","floor":25,"turns":5},{"damage":0,"enemies":"downfall:FleeingMerchant","floor":26,"turns":4},{"damage":24,"enemies":"Gremlin Leader","floor":28,"turns":6},{"damage":0,"enemies":"Sentry and Sphere","floor":29,"turns":4},{"damage":8,"enemies":"Slavers","floor":31,"turns":2},{"damage":4,"enemies":"Snecko","floor":32,"turns":5},{"damage":24,"enemies":"WA_ARCHETYPE_CALM","floor":33,"turns":9},{"damage":0,"enemies":"3 Shapes","floor":36,"turns":3},{"damage":0,"enemies":"3 Darklings","floor":37,"turns":3},{"damage":0,"enemies":"4 Shapes","floor":38,"turns":3},{"damage":18,"enemies":"Maw","floor":39,"turns":6},{"damage":0,"enemies":"Sphere and 2 Shapes","floor":43,"turns":5},{"damage":6,"enemies":"downfall:FleeingMerchant","floor":44,"turns":3},{"damage":0,"enemies":"Giant Head","floor":45,"turns":6},{"damage":0,"enemies":"Spire Growth","floor":46,"turns":4},{"damage":0,"enemies":"3 Darklings","floor":49,"turns":4},{"damage":0,"enemies":"SI_POISON_ARCHETYPE","floor":50,"turns":8},{"damage":64,"enemies":"downfall:CharBossMerchant","floor":52,"turns":8},{"damage":21,"enemies":"downfall:NeowBoss","floor":55,"turns":20},{"damage":100,"enemies":"downfall:NeowBossFinal","floor":56,"turns":8}],"seed_played":"-4260578133138455235","potions_obtained":[{"floor":6.0,"key":"Energy Potion"},{"floor":9.0,"key":"GamblersBrew"},{"floor":12.0,"key":"Regen Potion"},{"floor":15.0,"key":"Slimebound:SpawnSlimePotion"},{"floor":23,"key":"Slimebound:ThreeZeroPotion"},{"floor":29,"key":"EntropicBrew"},{"floor":31,"key":"Regen Potion"},{"floor":43,"key":"SmokeBomb"},{"floor":45,"key":"Strength Potion"},{"floor":52,"key":"Fruit Juice"}],"is_trial":false,"path_per_floor":["R","M","M","M","?","E","T","?","E","R","M","?","R","$","M","B",null,"R","M","M","M","M","E","T","M","$","R","E","M","R","E","M","B",null,"R","M","M","M","M","R","T","?","M","$","E","M","$","T","M","B",null,"E","$","R","B","B"],"character_chosen":"SLIMEBOUND","items_purchased":["Slimebound:Gluttony","Slimebound:LevelUp","Slimebound:SlimeSpikes","Slimebound:SelfDamagePreventRelic","bronze:DecasWashers","Slimebound:ComboTackle+1","Slimebound:LivingWall","Oddly Smooth Stone","Slimebound:GoopSpray"],"campfire_rested":1,"item_purchase_floors":[14,26,26,44,44,44,44,53,53],"current_hp_per_floor":[65,65,65,65,47,26,26,47,48,48,54,54,64,67,70,43,75,75,74,75,68,63,72,72,75,75,75,75,77,77,71,75,61,79,79,81,81,81,77,77,77,77,81,77,83,83,83,83,85,85,85,44,44,70,76,0,0,0],"gold":36,"neow_bonus":"THREE_CARDS","is_daily":false,"chose_seed":false,"campfire_upgraded":8,"win_rate":0.0,"timestamp":1612954028,"path_taken":["R","M","M","M","?","E","T","?","E","R","M","?","R","$","M","BOSS","R","M","?","M","M","E","T","M","$","R","E","M","R","E","M","BOSS","R","M","M","M","M","R","T","?","M","$","E","M","$","?","M","BOSS","E","$","R","BOSS","BOSS"],"items_purchased_type":["Card","Card","Card","Relic","Relic","Card","Card","Relic","Card"],"build_version":"2020-12-22","purchased_purges":1,"victory":false,"max_hp_per_floor":[65,65,65,65,65,65,65,65,65,65,65,65,75,75,75,75,75,75,75,75,75,75,75,75,75,75,75,77,77,77,79,79,79,79,79,81,81,81,81,81,81,81,81,83,83,83,83,83,85,85,85,87,87,87,92,92,92,92],"card_choices":[{"not_picked":["Slimebound:HauntingLick","Slimebound:SplitLeeching"],"picked":"Slimebound:LivingWall","floor":0.0},{"not_picked":["Slimebound:Prepare","Slimebound:DisruptingSlam"],"picked":"Slimebound:SplitMire","floor":2.0},{"not_picked":["Slimebound:LivingWall","Slimebound:HauntingLick"],"picked":"Slimebound:SpikyOuterGoop","floor":3.0},{"not_picked":["Slimebound:ForwardTackle","Slimebound:Prepare"],"picked":"Slimebound:PressTheAttack","floor":4.0},{"not_picked":["Slimebound:GoopTackle","Slimebound:DivideAndConquer"],"picked":"Slimebound:FinishingTackle","floor":6.0},{"not_picked":["Slimebound:HungryTackle","Slimebound:ComboTackle"],"picked":"Slimebound:RejuvenatingLick","floor":9.0},{"not_picked":["Slimebound:SplitAcid","Slimebound:SplitBruiser"],"picked":"Slimebound:PressTheAttack","floor":11.0},{"not_picked":["Slimebound:Prepare","Slimebound:Chomp"],"picked":"Slimebound:SlimeSpikes","floor":14.0},{"not_picked":["Slimebound:SplitLeeching","Slimebound:MegaLick"],"picked":"Slimebound:Schlurp","floor":15.0},{"not_picked":["Slimebound:Darklings","Slimebound:FirmFortitude"],"picked":"Slimebound:LeechLife","floor":16.0},{"not_picked":["Slimebound:Chomp","Slimebound:SplitAcid"],"picked":"Slimebound:Equalize+1","floor":19},{"not_picked":["Slimebound:MegaLick","Slimebound:ItLooksTasty+1"],"picked":"Slimebound:SplitMire","floor":20},{"not_picked":["Slimebound:DivideAndConquer","Slimebound:SlimeSpikes"],"picked":"Slimebound:LevelUp","floor":21},{"not_picked":["Slimebound:DisruptingSlam","Slimebound:RejuvenatingLick"],"picked":"Slimebound:GoopSpray","floor":22},{"not_picked":["Slimebound:LeechingTouch","Slimebound:Prepare"],"picked":"Slimebound:GrowthPunch","floor":23},{"not_picked":["Slimebound:DivideAndConquer+1","Slimebound:Recycling"],"picked":"Slimebound:HauntingLick+1","floor":25},{"not_picked":["Slimebound:GrowthPunch+1","Slimebound:Prepare"],"picked":"Slimebound:TongueLash+1","floor":26},{"not_picked":["Slimebound:Dissolve","Slimebound:SplitBruiser","Slimebound:ForwardTackle+1"],"picked":"Singing Bowl","floor":28},{"not_picked":["Slimebound:SplitBruiser","Slimebound:SplitAcid"],"picked":"Slimebound:ViciousTackle+1","floor":29},{"not_picked":["Slimebound:FlameTackle+1","Slimebound:SplitAcid","Slimebound:RollThrough+1"],"picked":"Singing Bowl","floor":31},{"not_picked":["Slimebound:ViciousTackle+1","Slimebound:ServeAndProtect"],"picked":"Slimebound:DisruptingSlam+1","floor":32},{"not_picked":["Slimebound:LeechLife+1","Slimebound:Recycling"],"picked":"Slimebound:DouseInSlime","floor":33},{"not_picked":["Slimebound:Prepare","Slimebound:Equalize+1","Slimebound:SlimeTap+1"],"picked":"Singing Bowl","floor":36},{"not_picked":["Slimebound:SplitMire+1","Slimebound:SplitLeeching"],"picked":"Slimebound:GoopSpray+1","floor":37},{"not_picked":["Slimebound:FinishingTackle+1","Slimebound:SplitBruiser+1"],"picked":"Slimebound:HauntingLick+1","floor":38},{"not_picked":["Slimebound:SlimeSpikes","Slimebound:SplitAcid+1"],"picked":"Slimebound:OozeBath","floor":39},{"not_picked":["Slimebound:MegaLick","Slimebound:SplitLeeching"],"picked":"Slimebound:LeechingTouch+1","floor":43},{"not_picked":["Slimebound:SplitBruiser","Slimebound:GoopTackle+1","Slimebound:ItLooksTasty+1"],"picked":"Singing Bowl","floor":44},{"not_picked":["Slimebound:DisruptingSlam+1","Slimebound:FirmFortitude"],"picked":"Slimebound:RainOfGoop+1","floor":45},{"not_picked":["Slimebound:Recollect","Slimebound:SplitAcid"],"picked":"Slimebound:LeechEnergy+1","floor":46},{"not_picked":["Slimebound:RejuvenatingLick","Slimebound:GoopSpray","Slimebound:FinishingTackle+1"],"picked":"Singing Bowl","floor":49},{"not_picked":["Slimebound:PressTheAttack+1","Slimebound:LevelUp","Slimebound:Chomp+1"],"picked":"Singing Bowl","floor":52}],"player_experience":890601,"relics_obtained":[{"floor":6.0,"key":"hexamod:BolsterEngine"},{"floor":7.0,"key":"Orichalcum"},{"floor":9.0,"key":"Tiny Chest"},{"floor":23,"key":"Singing Bowl"},{"floor":24,"key":"Molten Egg 2"},{"floor":28,"key":"Meat on the Bone"},{"floor":31,"key":"Slimebound:MaxSlimesRelic"},{"floor":41,"key":"Bag of Marbles"},{"floor":45,"key":"FossilizedHelix"},{"floor":48,"key":"Shuriken"},{"floor":52,"key":"PreservedInsect"}],"event_choices":[{"damage_healed":21.0,"max_hp_gain":0.0,"max_hp_loss":0.0,"gold_gain":0.0,"event_name":"Big Fish","player_choice":"Banana","floor":8.0,"gold_loss":0.0,"damage_taken":0.0},{"damage_healed":0.0,"max_hp_gain":0.0,"max_hp_loss":0.0,"gold_gain":0.0,"event_name":"Lab","player_choice":"Got Potions","floor":12.0,"gold_loss":0.0,"damage_taken":0.0},{"cards_removed":["Slimebound:Equalize"],"damage_healed":0,"gold_gain":0,"player_choice":"Removed Attack","damage_taken":0,"max_hp_gain":0,"max_hp_loss":0,"event_name":"Falling","floor":42,"gold_loss":0}],"is_beta":false,"boss_relics":[{"not_picked":["Busted Crown","Velvet Choker"],"picked":"expansioncontent:StudyCardRelic"},{"not_picked":["Runic Pyramid","Coffee Dripper"],"picked":"Cursed Key"}],"items_purged_floors":[14],"is_endless":false,"potions_floor_spawned":[6,9,15,19,23,25,29,31,43,45,46,49,52],"killed_by":"downfall:NeowBossFinal","ascension_level":0}}