{"host":"ewn058xs2vaj5uc6","time":1612971549,"event":{"mods":["ATMod(??Mod)","Act Like it!","Aspiration","BaseMod","Better Vampires","BetterRewards","Bossed Relics","Colored Map","Colored Powertips","Downfall","Fox Events","Highlight Path","Minty Spire (QoL Compilation)","MostiFishMod","Quick Restart","Red Circlet Mod","Relic Filter Mod","Reliquary","Replay The Spire","Shop Mod","StSLib","SuperFastMode","TestMod","TheWitcher","??????REMEMod","????"],"gold_per_floor":[99,119,184,198,214,230,277,277,297,312,328,357,42,75,92,196,196,53,70,70,70,70],"floor_reached":20,"language":"ZHS","playtime":677,"items_purged":["testmod-DeathImprint"],"score":302,"play_id":"3f685774-f5be-4f22-9d17-a602ebec6ec1","local_time":"20210210233909","is_ascension_mode":true,"campfire_choices":[{"floor":1,"key":"RECALL"}],"circlet_count":0,"master_deck":["champ:Strike","champ:Strike","champ:Strike","champ:Strike","champ:Defend","champ:Defend+1","champ:Defend","champ:Defend","champ:EnGarde","MostiFishMod:PreservedThorns","ReplayTheSpireMod:Exploit Weakness+1","Flechettes","champ:PerfectedStrike","champ:Devastate","champ:CrownThrow"],"relics":["testmod-TestBox","AT_ATBox","REME_ComplimentaryCards","DaveBox","OneHitWonderSystem","testmod-IntensifyImprint","reliquary:KinkedSpring","Mercury Hourglass","testmod-TurbochargingSystem","MerchantsRug","War Paint","Fusion Hammer","BrkXgEgg"],"acts_visited":["Exordium","TheCity"],"potions_floor_usage":[],"damage_taken":[{"damage":0,"enemies":"Small Slimes","floor":2,"turns":2},{"damage":0,"enemies":"Lagavulin Event","floor":3,"turns":7},{"damage":0,"enemies":"2 Louse","floor":4,"turns":2},{"damage":0,"enemies":"Cultist","floor":5,"turns":3},{"damage":0,"enemies":"2 Fungi Beasts","floor":6,"turns":2},{"damage":0,"enemies":"3 Louse","floor":9,"turns":1},{"damage":0,"enemies":"Exordium Thugs","floor":10,"turns":2},{"damage":0,"enemies":"Exordium Wildlife","floor":11,"turns":2},{"damage":0,"enemies":"Gremlin Nob","floor":12,"turns":2},{"damage":0,"enemies":"Replay:BlueRogue","floor":14,"turns":4},{"damage":0,"enemies":"Blue Slaver","floor":15,"turns":2},{"damage":0,"enemies":"DF_ARCHETYPE_STREAMLINE","floor":16,"turns":6},{"damage":0,"enemies":"Spheric Guardian","floor":19,"turns":3}],"seed_played":"-4126897166235374386","potions_obtained":[{"floor":4,"key":"Elixir"},{"floor":5,"key":"Energy Potion"},{"floor":9,"key":"Block Potion"},{"floor":15,"key":"Guardian:BlockOnCardUsePotion"}],"is_trial":false,"path_per_floor":["R_BF","M","?","M","M","M","T","?","M","M","M","E","R","E","M","B",null,"R","M","?"],"character_chosen":"THE_CHAMP","items_purchased":["testmod-TurbochargingSystem","MerchantsRug","BrkXgEgg"],"campfire_rested":0,"item_purchase_floors":[13,13,18],"current_hp_per_floor":[1,1,1,1,1,1,1,1,1,1,1,1,1,1,1,1,1,1,1,0,0,0],"gold":70,"neow_bonus":"BOSS_RELIC","is_daily":false,"chose_seed":false,"campfire_upgraded":0,"win_rate":0.0,"timestamp":1612971549,"path_taken":["R_BF","M","?","M","M","M","T","?","?","M","M","E","R","E","M","BOSS","R","M","?"],"items_purchased_type":["Relic","Relic","Relic"],"build_version":"2020-12-22","purchased_purges":1,"victory":false,"max_hp_per_floor":[1,1,1,1,1,1,1,1,1,1,1,1,1,1,1,1,1,1,1,1,1,1],"card_choices":[{"not_picked":["champ:Haymaker","champ:Encircle","champ:FalseCounter"],"picked":"SKIP","floor":2},{"not_picked":["champ:Haymaker","champ:Parry"],"picked":"champ:EnGarde","floor":3},{"not_picked":["champ:GutPunch","champ:DefensiveShout","champ:Haymaker"],"picked":"SKIP","floor":4},{"not_picked":["champ:FlashCut","champ:EndlessRage"],"picked":"champ:FancyFootwork","floor":5},{"not_picked":["champ:CrookedStrike","champ:ShieldWall","champ:HeartStrike"],"picked":"SKIP","floor":6},{"not_picked":["champ:AdrenalArmor","champ:Endure"],"picked":"champ:PerfectedStrike","floor":9},{"not_picked":["champ:BringItOn","champ:FanOfKnives","champ:EndlessRage"],"picked":"SKIP","floor":10},{"not_picked":["champ:RapidStrikes","champ:SkillfulDodge","champ:AdrenalArmor"],"picked":"SKIP","floor":11},{"not_picked":["champ:BringItOn","champ:BerserkersShout","champ:FlashCut"],"picked":"SKIP","floor":12},{"not_picked":["champ:GutPunch","champ:FocusedDefense","champ:Endure"],"picked":"SKIP","floor":14},{"not_picked":["champ:TornadoPunch","champ:RapidStrikes","champ:CrookedStrike"],"picked":"SKIP","floor":15},{"not_picked":["champ:UltimateStance","champ:TripleStrike"],"picked":"champ:Devastate","floor":16},{"not_picked":["champ:EnragedBash","champ:DefensiveShout"],"picked":"champ:CrownThrow","floor":19}],"player_experience":151809,"relics_obtained":[{"floor":3,"key":"Mercury Hourglass"},{"floor":12,"key":"aspiration:ChemicalBlood"},{"floor":14,"key":"War Paint"}],"event_choices":[],"is_beta":false,"boss_relics":[{"not_picked":["Empty Cage","testmod-DreamHouse"],"picked":"Fusion Hammer"}],"items_purged_floors":[13],"is_endless":false,"potions_floor_spawned":[4,5,9,10,12,15],"ascension_level":1}}