{"host":"2wp95sdfrgw3k439","time":1612975004,"event":{"mods":["BaseMod","Better Altar","Better Skull","Better Third Choice","Curses Come First","Minty Spire (QoL Compilation)","Permanent Neow","StSLib"],"gold_per_floor":[110,110,110,110,135,161,141,141,167,199,8,8,19,34,34,133,133,144,154,173,189,38,38,38,49,76,76,175,192,192,192,192],"floor_reached":31,"language":"ENG","playtime":1626,"items_purged":[],"score":352,"play_id":"bcc04c29-e36a-49c4-876e-69dc6e146abc","local_time":"20210210093644","is_ascension_mode":true,"campfire_choices":[{"floor":8,"key":"REST"},{"floor":12,"key":"REST"},{"data":"Thunder Strike","floor":15,"key":"SMITH"},{"floor":23,"key":"REST"},{"floor":27,"key":"REST"},{"data":"White Noise","floor":30,"key":"SMITH"}],"circlet_count":0,"master_deck":["Strike_B","Strike_B","Strike_B+1","Defend_B","Defend_B","Defend_B","Zap","Dualcast","BootSequence+1","Thunder Strike+1","Static Discharge","Tempest","Capacitor","Storm","White Noise+1","Echo Form","Stack","Beam Cell","Conserve Battery+1","FTL+1","Electrodynamics"],"relics":["Cracked Core","MealTicket","Bag of Marbles","Omamori","Regal Pillow","Bronze Scales","Vajra","Sozu","Blood Vial","Oddly Smooth Stone"],"acts_visited":["Exordium","TheCity"],"potions_floor_usage":[10,10,18,20],"damage_taken":[{"damage":1,"enemies":"Cultist","floor":1,"turns":3},{"damage":35,"enemies":"3 Sentries","floor":6,"turns":7},{"damage":20,"enemies":"Lagavulin","floor":10,"turns":6},{"damage":0,"enemies":"Small Slimes","floor":13,"turns":2},{"damage":0,"enemies":"2 Louse","floor":14,"turns":2},{"damage":38,"enemies":"Slime Boss","floor":16,"turns":7},{"damage":14,"enemies":"Spheric Guardian","floor":18,"turns":4},{"damage":16,"enemies":"Shell Parasite","floor":19,"turns":4},{"damage":20,"enemies":"Cultist and Chosen","floor":20,"turns":5},{"damage":6,"enemies":"Chosen and Byrds","floor":21,"turns":4},{"damage":30,"enemies":"Sentry and Sphere","floor":25,"turns":4},{"damage":18,"enemies":"Shelled Parasite and Fungi","floor":29,"turns":4},{"damage":58,"enemies":"Book of Stabbing","floor":31,"turns":5}],"seed_played":"-65742835559533423","potions_obtained":[{"floor":6,"key":"PowerPotion"},{"floor":7,"key":"FearPotion"},{"floor":14,"key":"Swift Potion"},{"floor":16,"key":"Explosive Potion"}],"is_trial":false,"path_per_floor":["M","?","?","?","T","E","?","R","T","E","$","R","M","M","R","B",null,"M","M","M","M","$","R","?","M","T","R","?","M","R","E"],"character_chosen":"DEFECT","items_purchased":["Capacitor","Vajra","Blood Vial"],"campfire_rested":4,"item_purchase_floors":[11,11,22],"current_hp_per_floor":[67,67,52,45,45,10,10,32,32,12,27,64,64,64,64,26,63,49,33,13,7,22,59,59,31,31,68,68,52,52,0,0],"gold":192,"neow_bonus":"RANDOM_COMMON_RELIC","is_daily":false,"chose_seed":false,"campfire_upgraded":2,"win_rate":0.0,"timestamp":1612975004,"path_taken":["M","?","?","?","?","E","?","R","T","E","$","R","M","M","R","BOSS","M","M","M","M","$","R","?","M","T","R","?","M","R","E"],"items_purchased_type":["Card","Relic","Relic"],"build_version":"2020-12-22","purchased_purges":0,"victory":false,"max_hp_per_floor":[75,75,75,75,75,75,75,75,75,75,75,75,75,75,75,75,75,75,75,75,75,75,75,75,75,75,75,75,75,75,75,75],"card_choices":[{"not_picked":["Redo","Barrage"],"picked":"BootSequence","floor":1},{"not_picked":["Stack","Cold Snap"],"picked":"Static Discharge","floor":6},{"not_picked":["Stack","Go for the Eyes"],"picked":"Tempest","floor":10},{"not_picked":["Coolheaded","Rebound"],"picked":"Storm","floor":13},{"not_picked":["Reprogram","Redo"],"picked":"White Noise","floor":14},{"not_picked":["Hyperbeam","Amplify"],"picked":"Echo Form","floor":16},{"not_picked":["Turbo","Glacier"],"picked":"Stack","floor":18},{"not_picked":["Chaos","Turbo"],"picked":"Beam Cell","floor":19},{"not_picked":["Turbo","Tempest"],"picked":"Conserve Battery+1","floor":20},{"not_picked":["Chaos","Compile Driver"],"picked":"FTL+1","floor":21},{"not_picked":["Coolheaded+1","Sweeping Beam"],"picked":"Electrodynamics","floor":25},{"not_picked":["Fusion","Recycle","Sweeping Beam"],"picked":"SKIP","floor":29}],"player_experience":573546,"relics_obtained":[{"floor":5,"key":"Bag of Marbles"},{"floor":6,"key":"Omamori"},{"floor":9,"key":"Regal Pillow"},{"floor":10,"key":"Bronze Scales"},{"floor":26,"key":"Oddly Smooth Stone"}],"event_choices":[{"damage_healed":0,"gold_gain":0,"cards_transformed":["Strike_B"],"player_choice":"Change","damage_taken":0,"max_hp_gain":0,"max_hp_loss":0,"event_name":"Living Wall","floor":2,"gold_loss":0,"cards_obtained":["Thunder Strike"]},{"damage_healed":67,"gold_gain":0,"player_choice":"Upgrade","damage_taken":15,"max_hp_gain":0,"max_hp_loss":75,"event_name":"betterThird:BetterShining","floor":3,"gold_loss":0,"cards_upgraded":["Strike_B","BootSequence"]},{"cards_removed":["Defend_B"],"damage_healed":0,"gold_gain":0,"player_choice":"Card Removal","damage_taken":7,"max_hp_gain":0,"max_hp_loss":0,"event_name":"Golden Wing","floor":4,"gold_loss":0},{"damage_healed":0,"gold_gain":0,"player_choice":"Bought 1 Potion","damage_taken":0,"max_hp_gain":0,"max_hp_loss":0,"event_name":"The Woman in Blue","floor":7,"gold_loss":0},{"damage_healed":0,"gold_gain":0,"player_choice":"Adaptability","damage_taken":0,"max_hp_gain":0,"max_hp_loss":0,"event_name":"betterThird:BetterWriting","floor":24,"gold_loss":0},{"damage_healed":0,"gold_gain":99,"player_choice":"Steal","damage_taken":0,"max_hp_gain":0,"max_hp_loss":0,"event_name":"betterThird:BetterNest","floor":28,"gold_loss":0}],"is_beta":false,"boss_relics":[{"not_picked":["Empty Cage","Snecko Eye"],"picked":"Sozu"}],"items_purged_floors":[],"is_endless":false,"potions_floor_spawned":[6,14,16,19,25,29],"killed_by":"Book of Stabbing","ascension_level":9}}