{"host":"e1pm3b7xpcm97e5w","time":1612974391,"event":{"mods":["BaseMod","Better Skull","Googly Eyes","Minty Spire (QoL Compilation)","Relic Stats","Shop Mod","Spicy Shops","StSLib"],"gold_per_floor":[116,81,92,103,118,151,151,151,151],"floor_reached":8,"language":"ENG","playtime":257,"items_purged":[],"score":96,"play_id":"34bb457e-dee0-4e6f-8620-48dfb19f2c9d","local_time":"20210210112631","is_ascension_mode":true,"campfire_choices":[{"floor":7,"key":"REST"}],"circlet_count":0,"master_deck":["AscendersBane","Strike_B","Strike_B","Strike_B","Strike_B","Defend_B","Defend_B","Defend_B","Defend_B","Zap","Dualcast","Genetic Algorithm","Gash","Coolheaded","Melter","Consume"],"relics":["Cracked Core","Bird Faced Urn","MealTicket"],"acts_visited":["Exordium"],"potions_floor_usage":[6,6,8],"damage_taken":[{"damage":1,"enemies":"Cultist","floor":1,"turns":3},{"damage":7,"enemies":"Jaw Worm","floor":3,"turns":5},{"damage":0,"enemies":"2 Louse","floor":4,"turns":2},{"damage":9,"enemies":"Blue Slaver","floor":5,"turns":4},{"damage":47,"enemies":"Gremlin Nob","floor":6,"turns":5},{"damage":30,"enemies":"Lagavulin","floor":8,"turns":5}],"seed_played":"2005840460415840806","potions_obtained":[{"floor":4,"key":"Swift Potion"},{"floor":5,"key":"Energy Potion"},{"floor":6,"key":"EssenceOfSteel"}],"is_trial":false,"path_per_floor":["M","?","M","M","M","E","R","E"],"character_chosen":"DEFECT","items_purchased":[],"campfire_rested":1,"item_purchase_floors":[],"current_hp_per_floor":[49,67,60,60,51,4,26,0,0],"gold":151,"neow_bonus":"ONE_RARE_RELIC","is_daily":false,"chose_seed":false,"campfire_upgraded":0,"win_rate":0.0,"timestamp":1612974391,"path_taken":["M","?","M","M","M","E","R","E"],"items_purchased_type":[],"build_version":"2020-12-22","purchased_purges":0,"victory":false,"max_hp_per_floor":[75,75,75,75,75,75,75,75,75],"relic_stats":{"counters":[6,24],"Bird Faced Urn":[0],"MealTicket":0,"obtain_stats":[{"Bird Faced Urn":0,"MealTicket":6,"Cracked Core":0},{"Bird Faced Urn":0,"MealTicket":5,"Cracked Core":0},{"Bird Faced Urn":0,"MealTicket":19,"Cracked Core":0}]},"card_choices":[{"not_picked":["Rebound","Go for the Eyes"],"picked":"Genetic Algorithm","floor":1},{"not_picked":["Meteor Strike","Chaos"],"picked":"Gash","floor":3},{"not_picked":["Hologram","Leap"],"picked":"Coolheaded","floor":4},{"not_picked":["Go for the Eyes","Fusion"],"picked":"Melter","floor":5},{"not_picked":["Stack","Tempest"],"picked":"Consume","floor":6}],"player_experience":721742,"relics_obtained":[{"floor":6,"key":"MealTicket"}],"event_choices":[{"damage_healed":18,"gold_gain":0,"player_choice":"Healed","damage_taken":0,"max_hp_gain":0,"max_hp_loss":0,"event_name":"The Cleric","floor":2,"gold_loss":35}],"is_beta":false,"boss_relics":[],"items_purged_floors":[],"is_endless":false,"potions_floor_spawned":[4,5,6],"killed_by":"Lagavulin","ascension_level":13}}