{"host":"8inpc3yxphy2r27y","time":1612972430,"event":{"mods":["100% Spire Juice","Act Like it!","Alarm Clock","Astrologer","Bard","BaseMod","Better Synergies","Better Vampires","Challenge The Spire","Conspire","Decade(王小明)","Defuse TimeMaze Blight","Dota2Spire","Downfall","Energized Spire","FanaticalFans","FoggyMod","FutureSeer","Gensokyo","Gremlin Mod","GungeonMod","Hallownest","Highlight Path","HumanHunterMod(怪物杀人mod)","Hunter 猎人","Jedi Mod","KinomotoSakuraMod(木之本樱)","Lobotomy","LobotomyExtend","Luminous","Minty Spire (QoL Compilation)","MostiFishMod","Nova Terra(诺娃・泰拉)","Pale of the Ancients","Quarter Circle Forward PUNCH!","Quick Restart","Red Circlet Mod","Reimu（博丽灵梦）","Relic Filter Mod","Relic Stats","Replay The Spire","Ryuuou龙王","SIMod","SOS（斯巴达之子）","Shop Mod","Spicy Shops","StSLib","The Bug Knight","The Cursed","The Gatherer","The Hierophant","The Invoker Mod","The Runesmith","TheHeartMod","UnlockEverythingMod","Waifu the Spire","Warlord Emblem","[GremlinLeader]The Maniac","[IsaacMod]以撒尖塔","noobMod","【功能Mod】聪明的最终Boss","【遗物卡牌】REMEMod","残留之物","篝火指南"],"gold_per_floor":[147,191,488,510,510,594,594,594,672,672,797,910,177,177,202,50,176,176,176,176,126,142,142,177,92,1,1,1,1,1,1],"floor_reached":30,"language":"ZHS","playtime":3569,"items_purged":["Attack_a","Funeral"],"score":375,"play_id":"3a64bbd8-24a1-4804-b06f-245e7992c6ba","local_time":"20210210235350","is_ascension_mode":false,"campfire_choices":[{"floor":8,"key":"RECALL"}],"circlet_count":0,"master_deck":["BlueStar","LongBird","Attack_a","Attack_b+1","Shoot","Shoot","Provocation","Defend_Dante","Defend_Dante","Defend_Dante","Defend_Dante","DoctorFetus","MostiFishMod:MusicBox","MHz","Wellcheers","Lucifer","UniverseFragment","Gilgamesh","Trickster","LucifercomboC+1","Doubleshoot","LucifercomboA","CrumblingArmor","LucifercomboD","PunishingBird","Dash2","Weaponreturn","OSAHOGD","FairyFestival","Millionstab","Gunstinger","Writhe"],"relics":["SSS","Combocheck","HushsDoor","REME_ComplimentaryCards","ice","Fans:FanaticalFans","DaveBox","DaCapo","GuppysHead","CogitoBucket","SynthV:TestCard","LetterFromLob","DemoMod:BlueGuonStone","DemoMod:LamentConfigurum","Pyrelight","DemoMod:PinkGuonStone","SolemnVow_r","DemoMod:GreenGuonStone","Golden Idol","qcfpunch:Red_Gi","Justitia_r","Matryoshka","conspire:TreasureMap","Replay:Bottled Flurry","Dota2Spire:ArmletOfMordiggian","DemoMod:GnawedKey","FleshIdol","MerchantsRug","Black Star","Gaze_r","Heaven_r","GnawedLeaf","qcfpunch:Spiky_Bracers","Orichalcum","Dota2Spire:MaskOfMadness","jedi:heavyjacket","Quantum Egg","Replay:Wax Seal","qcfpunch:Chain_With_Nametags","SoundOfStar_r"],"acts_visited":["Exordium","TheCity"],"potions_floor_usage":[],"damage_taken":[{"damage":7.0,"enemies":"conspire:RoseBush","floor":1.0,"turns":5.0},{"damage":82.0,"enemies":"Jaw Worm","floor":2.0,"turns":14.0},{"damage":121.0,"enemies":"Hiden Room Battle","floor":3.0,"turns":6.0},{"damage":0.0,"enemies":"Cultist","floor":4.0,"turns":3.0},{"damage":93,"enemies":"3 Sentries","floor":6,"turns":8},{"damage":6,"enemies":"Replay:BlueRogue","floor":12,"turns":11},{"damage":1,"enemies":"Exordium Thugs","floor":15,"turns":3},{"damage":1,"enemies":"Slime Boss","floor":17,"turns":6},{"damage":10,"enemies":"Chosen","floor":19,"turns":4},{"damage":168,"enemies":"Chosen","floor":19,"turns":14},{"damage":33,"enemies":"Chosen","floor":22,"turns":5},{"damage":61,"enemies":"REME_1_Revenger","floor":24,"turns":4},{"damage":32,"enemies":"Spheric Guardian","floor":30,"turns":18}],"seed_played":"-3104727128616616726","potions_obtained":[{"floor":1.0,"key":"SteroidPotion"},{"floor":6,"key":"ColorlessPotion"},{"floor":15,"key":"Energy Potion"}],"is_trial":false,"path_per_floor":["M","M","?","M","M","E","?","R","T","T","?","E","$","?","M","R","B",null,"M","?","?","M","?","E","?","R","T","?","T","M"],"character_chosen":"DANTE","items_purchased":["conspire:TreasureMap","LucifercomboD","Replay:Bottled Flurry","Dota2Spire:ArmletOfMordiggian","DemoMod:GnawedKey","MerchantsRug"],"campfire_rested":0,"item_purchase_floors":[13,13,13,13,13,16],"current_hp_per_floor":[73,53,88,88,88,95,72,72,72,72,72,68,68,73,73,73,88,119,430,430,430,425,425,388,388,388,388,388,388,420,420],"gold":1,"neow_bonus":"","is_daily":false,"chose_seed":false,"campfire_upgraded":0,"win_rate":0.0,"timestamp":1612972430,"path_taken":["M","?","?","?","?","E","?","R","T","T","?","E","?","?","?","R","BOSS","M","?","?","?","?","E","?","R","T","?","?","?"],"items_purchased_type":["Relic","Card","Relic","Relic","Relic","Relic"],"build_version":"2020-12-22","purchased_purges":2,"victory":false,"max_hp_per_floor":[80,81,88,88,88,95,95,95,95,95,95,104,104,109,113,113,119,119,455,454,454,484,484,508,508,508,508,508,508,556,556],"relic_stats":{"counters":[14,102],"Golden Idol":74,"Black Star":1,"Orichalcum":[72],"obtain_stats":[{"DemoMod:GreenGuonStone":6,"qcfpunch:Spiky_Bracers":24,"Dota2Spire:MaskOfMadness":27,"DemoMod:BlueGuonStone":3,"DaveBox":0,"SolemnVow_r":6,"Dota2Spire:ArmletOfMordiggian":13,"GnawedLeaf":24,"FleshIdol":15,"DemoMod:GlassGuonStoneRelic":1,"ice":0,"Fans:FanaticalFans":0,"Whetstone":24,"CogitoBucket":0,"Matryoshka":12,"qcfpunch:Red_Gi":10,"DemoMod:LamentConfigurum":3,"DaCapo":0,"Replay:Bottled Flurry":13,"DemoMod:GnawedKey":13,"Replay:Wax Seal":29,"qcfpunch:Chain_With_Nametags":29,"KeepersGift":0,"MerchantsRug":16,"conspire:TreasureMap":13,"Golden Idol":7,"Quantum Egg":28,"Pyrelight":5,"DemoMod:PinkGuonStone":6,"Orichalcum":25,"Combocheck":0,"Gaze_r":19,"Heaven_r":19,"jedi:heavyjacket":27,"SSS":0,"SynthV:TestCard":1,"SoundOfStar_r":30,"LetterFromLob":1,"Black Star":18,"GuppysHead":0,"HushsDoor":0,"Justitia_r":12,"REME_ComplimentaryCards":0},{"DemoMod:GreenGuonStone":5,"qcfpunch:Spiky_Bracers":13,"Dota2Spire:MaskOfMadness":13,"DemoMod:BlueGuonStone":3,"DaveBox":0,"SolemnVow_r":5,"Dota2Spire:ArmletOfMordiggian":6,"GnawedLeaf":13,"FleshIdol":8,"DemoMod:GlassGuonStoneRelic":1,"ice":0,"Fans:FanaticalFans":0,"Whetstone":13,"CogitoBucket":0,"Matryoshka":6,"qcfpunch:Red_Gi":5,"DemoMod:LamentConfigurum":3,"DaCapo":0,"Replay:Bottled Flurry":6,"DemoMod:GnawedKey":6,"Replay:Wax Seal":13,"qcfpunch:Chain_With_Nametags":13,"KeepersGift":0,"MerchantsRug":8,"conspire:TreasureMap":6,"Golden Idol":5,"Quantum Egg":13,"Pyrelight":4,"DemoMod:PinkGuonStone":5,"Orichalcum":13,"Combocheck":0,"Gaze_r":10,"Heaven_r":11,"jedi:heavyjacket":13,"SSS":0,"SynthV:TestCard":1,"SoundOfStar_r":14,"LetterFromLob":1,"Black Star":9,"GuppysHead":0,"HushsDoor":0,"Justitia_r":6,"REME_ComplimentaryCards":0},{"DemoMod:GreenGuonStone":36,"qcfpunch:Spiky_Bracers":84,"Dota2Spire:MaskOfMadness":84,"DemoMod:BlueGuonStone":25,"DaveBox":0,"SolemnVow_r":34,"Dota2Spire:ArmletOfMordiggian":47,"GnawedLeaf":81,"FleshIdol":51,"DemoMod:GlassGuonStoneRelic":5,"ice":0,"Fans:FanaticalFans":0,"Whetstone":84,"CogitoBucket":0,"Matryoshka":47,"qcfpunch:Red_Gi":36,"DemoMod:LamentConfigurum":25,"DaCapo":0,"Replay:Bottled Flurry":47,"DemoMod:GnawedKey":47,"Replay:Wax Seal":84,"qcfpunch:Chain_With_Nametags":84,"KeepersGift":0,"MerchantsRug":51,"conspire:TreasureMap":47,"Golden Idol":36,"Quantum Egg":84,"Pyrelight":28,"DemoMod:PinkGuonStone":29,"Orichalcum":84,"Combocheck":0,"Gaze_r":61,"Heaven_r":75,"jedi:heavyjacket":84,"SSS":0,"SynthV:TestCard":5,"SoundOfStar_r":99,"LetterFromLob":5,"Black Star":57,"GuppysHead":0,"HushsDoor":0,"Justitia_r":47,"REME_ComplimentaryCards":0}]},"card_choices":[{"not_picked":[],"picked":"DoctorFetus","floor":0.0},{"not_picked":["Scorched","SpiderBud","BeautyBeast"],"picked":"Singing Bowl","floor":1.0},{"not_picked":["CherryBlossoms","LittleHelper"],"picked":"MHz","floor":1.0},{"not_picked":["Kick13","Dash1"],"picked":"Bomb","floor":1.0},{"not_picked":["RedShoes","ShyLook"],"picked":"Wellcheers","floor":2.0},{"not_picked":["Fullhouse","Hightime","Holywater","GilgameshcomboA"],"picked":"Lucifer","floor":2.0},{"not_picked":["WallGazer","SpiderBud"],"picked":"UniverseFragment","floor":3.0},{"not_picked":["Straight","EbonyIvory","Lucifer","Holywater"],"picked":"Gilgamesh","floor":3.0},{"not_picked":["SingingMachine","BeautyBeast"],"picked":"Funeral","floor":4.0},{"not_picked":["Whiteorb","LucifercomboC","DT","Doubleshoot"],"picked":"Trickster","floor":4.0},{"not_picked":["OldLady","SnowQueen"],"picked":"LongBird","floor":6},{"not_picked":["Holywater","Pandora","DevilstarS","LucifercomboD"],"picked":"LucifercomboC","floor":6},{"not_picked":["DevilstarS","Holywater","VitalstarS","CoyoteA"],"picked":"Doubleshoot","floor":11},{"not_picked":["Gunslinger","DT","VitalstarL","Straight"],"picked":"LucifercomboA","floor":12},{"not_picked":["ShyLook","CherryBlossoms","Bloodbath"],"picked":"Singing Bowl","floor":12},{"not_picked":["SpiderBud","SnowQueen"],"picked":"CrumblingArmor","floor":12},{"not_picked":["DreamingCurrent","OldLady","Alriune"],"picked":"Singing Bowl","floor":15},{"not_picked":["Rudolta","LittleHelper"],"picked":"PunishingBird","floor":15},{"not_picked":["Chargeshoot2","Airhike","LucifercomboC","Purpleorb"],"picked":"Dash2","floor":15},{"not_picked":["Goldorb","VitalstarL","Purpleorb","Darkslayer"],"picked":"Weaponreturn","floor":17},{"not_picked":["WhitesApple","Rudolta","BlackSwan"],"picked":"Singing Bowl","floor":17},{"not_picked":["SpiderBud","BeautyBeast"],"picked":"OSAHOGD","floor":17},{"not_picked":["FairyFestival","LaLuna","SpiderBud"],"picked":"Singing Bowl","floor":22},{"not_picked":["LittleHelper","WallGazer"],"picked":"FairyFestival","floor":22},{"not_picked":["Greenorb","EbonyIvory","Rebellion","LucifercomboD"],"picked":"Millionstab","floor":22},{"not_picked":["Greenorb","Millionstab","Holywater","Rebellion+1"],"picked":"Gunstinger","floor":24},{"not_picked":["MeatLantern","Murderer"],"picked":"BlueStar","floor":24}],"player_experience":219006,"relics_obtained":[{"floor":1.0,"key":"SynthV:TestCard"},{"floor":1.0,"key":"LetterFromLob"},{"floor":3.0,"key":"DemoMod:BlueGuonStone"},{"floor":3.0,"key":"DemoMod:LamentConfigurum"},{"floor":6,"key":"DemoMod:GreenGuonStone"},{"floor":10,"key":"qcfpunch:Red_Gi"},{"floor":12,"key":"Matryoshka"},{"floor":24,"key":"qcfpunch:Spiky_Bracers"},{"floor":24,"key":"Whetstone"},{"floor":27,"key":"Dota2Spire:MaskOfMadness"},{"floor":27,"key":"jedi:heavyjacket"},{"floor":29,"key":"Replay:Wax Seal"},{"floor":29,"key":"qcfpunch:Chain_With_Nametags"}],"event_choices":[{"damage_healed":0.0,"max_hp_gain":0.0,"max_hp_loss":0.0,"gold_gain":0.0,"event_name":"HidenRoomEvent","player_choice":"Fight","floor":3.0,"gold_loss":0.0,"damage_taken":0.0},{"damage_healed":0,"gold_gain":0,"player_choice":"Take Damage","damage_taken":23,"relics_obtained":["Golden Idol"],"max_hp_gain":0,"max_hp_loss":0,"event_name":"Golden Idol","floor":7,"gold_loss":0},{"damage_healed":0,"gold_gain":0,"player_choice":"Donut","damage_taken":0,"max_hp_gain":5,"max_hp_loss":0,"event_name":"Big Fish","floor":14,"gold_loss":0},{"damage_healed":0,"gold_gain":0,"player_choice":"Became a vampire","damage_taken":0,"max_hp_gain":0,"max_hp_loss":0,"event_name":"Vampires","floor":20,"gold_loss":0,"cards_obtained":[]},{"damage_healed":0,"gold_gain":0,"player_choice":"Bet on Murderer","damage_taken":0,"max_hp_gain":0,"max_hp_loss":0,"event_name":"The Joust","floor":21,"gold_loss":50},{"damage_healed":0,"gold_gain":0,"player_choice":"Ignored","damage_taken":0,"max_hp_gain":0,"max_hp_loss":0,"event_name":"Ghosts","floor":23,"gold_loss":0},{"damage_healed":0,"gold_gain":0,"player_choice":"Obtained Relic","damage_taken":0,"relics_obtained":["Orichalcum"],"max_hp_gain":0,"max_hp_loss":0,"event_name":"Addict","floor":25,"gold_loss":85},{"damage_healed":0,"gold_gain":0,"player_choice":"Opened","damage_taken":0,"relics_obtained":["Quantum Egg"],"max_hp_gain":0,"max_hp_loss":0,"event_name":"The Mausoleum","floor":28,"gold_loss":0,"cards_obtained":["Writhe"]}],"is_beta":false,"boss_relics":[{"not_picked":["JellyFishMachine","TimeKeys"],"picked":"Black Star"},{"not_picked":[]}],"items_purged_floors":[13,26],"is_endless":false,"potions_floor_spawned":[1,6,15,17],"killed_by":"Spheric Guardian","ascension_level":0}}