{"host":"dn6kke80v5f7isus","time":1612935005,"event":{"mods":["AchievementEnabler","Act Like it!","BaseMod","Colored Powertips","Custom Start","Defuse TimeMaze Blight","Energized Spire","Gremlin Skip","Hermit","Highlight Path","Hubris","Infinite Spire","Marisa????????","Minty Spire (QoL Compilation)","Rare Cards Sparkle","Reliquary","Replay The Spire","StSLib","The Servant 0.9.4","Uncapped","Unceasing Turn Reminder"],"gold_per_floor":[110,129,129,19,19,48,67,81,81,113,113,113,158,9189,9189,9313,9313,9332,8941,8961,8961,8992,8992,8992,8992,9040,8399,8379,8379,8417,8546,8546,8546,8546],"floor_reached":33,"language":"ENG","playtime":1321,"items_purged":["hermit:Strike_Hermit"],"score":308,"play_id":"926cff7e-7a8b-4d00-ab3a-3910bbfe912a","local_time":"20210210003005","is_ascension_mode":false,"campfire_choices":[{"floor":12.0,"key":"REST"},{"floor":15.0,"key":"REST"},{"floor":23.0,"key":"REST"},{"data":"hermit:Covet","floor":29.0,"key":"SMITH"},{"floor":32,"key":"DIG"}],"circlet_count":0,"master_deck":["hermit:Strike_Hermit","hermit:Defend_Hermit","hermit:Snapshot","hermit:Covet+1","hermit:Brawl","hermit:Virtue","hermit:BigShot","hermit:Combo+1","hermit:Brawl+1","hermit:Gestalt+1","hermit:EyeOfTheStorm+1","hermit:OverwhelmingPower+1","hermit:TakeAim+1","hermit:BigShot+1","hermit:Determination","hermit:Snipe+1"],"relics":["hermit:Momento","NeowsBlessing","hubris:Towel","Replay:Towering Pillar of Hats","hubris:FunFungus","reliquary:NewFriend","infinitespire:Midas Blood","MealTicket","Ring of Chaos","reliquary:HotPoker","reliquary:TuningFork","hubris:Icosahedron","Juzu Bracelet","Girya","infinitespire:CheckeredPen","Matryoshka","hermit:RedScarf"],"acts_visited":["Exordium","TheCity"],"potions_floor_usage":[30,30],"damage_taken":[{"damage":0.0,"enemies":"Cultist","floor":1.0,"turns":1.0},{"damage":0.0,"enemies":"Jaw Worm","floor":2.0,"turns":1.0},{"damage":0.0,"enemies":"3 Sentries","floor":6.0,"turns":3.0},{"damage":14.0,"enemies":"2 Louse","floor":7.0,"turns":4.0},{"damage":3.0,"enemies":"2 Fungi Beasts","floor":8.0,"turns":5.0},{"damage":18.0,"enemies":"Replay:BlueRogue","floor":10.0,"turns":6.0},{"damage":55.0,"enemies":"3 Sentries","floor":13.0,"turns":11.0},{"damage":40.0,"enemies":"Gremlin Gang","floor":14.0,"turns":5.0},{"damage":21.0,"enemies":"The Guardian","floor":16.0,"turns":7.0},{"damage":1.0,"enemies":"Shell Parasite","floor":18.0,"turns":2.0},{"damage":8.0,"enemies":"Chosen","floor":20.0,"turns":4.0},{"damage":37.0,"enemies":"Shelled Parasite and Fungi","floor":22.0,"turns":4.0},{"damage":33,"enemies":"Book of Stabbing","floor":30,"turns":5},{"damage":29,"enemies":"Snake Plant","floor":31,"turns":3},{"damage":0,"enemies":"Collector","floor":33,"turns":1}],"seed_played":"-5788968822539032406","potions_obtained":[{"floor":1.0,"key":"ColorlessPotion"},{"floor":7.0,"key":"EssenceOfSteel"},{"floor":10.0,"key":"SkillPotion"},{"floor":13.0,"key":"Weak Potion"},{"floor":20.0,"key":"Fruit Juice"},{"floor":22.0,"key":"GamblersBrew"},{"floor":28.0,"key":"Energy Potion"},{"floor":31,"key":"Strength Potion"}],"is_trial":false,"path_per_floor":["M","M","?","$","?","E","M","M","T","E","?","R","E","M","R","B",null,"M","$","M","?","M","R","?","?","T","$","?","R","E","M","R","B"],"character_chosen":"HERMIT","items_purchased":["hermit:BigShot","reliquary:HotPoker","reliquary:TuningFork","Girya","infinitespire:CheckeredPen","hermit:Determination"],"campfire_rested":3,"item_purchase_floors":[4,19,19,27,27,27],"current_hp_per_floor":[75,75,75,75,75,75,61,58,58,40,40,62,14,35,57,36,75,74,75,67,67,35,59,59,59,59,74,74,74,42,14,14,14,14],"gold":8546,"neow_bonus":"THREE_ENEMY_KILL","is_daily":false,"chose_seed":false,"campfire_upgraded":1,"win_rate":0.0,"timestamp":1612935005,"path_taken":["M","M","?","$","?","E","M","M","T","E","?","R","E","M","R","BOSS","M","$","M","?","?","R","?","?","T","$","?","R","E","M","R","BOSS"],"items_purchased_type":["Card","Relic","Relic","Relic","Relic","Card"],"build_version":"2020-12-22","purchased_purges":1,"victory":false,"max_hp_per_floor":[75,75,75,75,75,75,75,75,75,75,75,75,75,75,75,75,75,75,75,75,75,80,80,80,80,80,80,80,80,80,80,80,80,80],"card_choices":[{"not_picked":["hermit:Misfire","hermit:Snipe"],"picked":"hermit:Brawl","floor":1.0},{"not_picked":["hermit:TakeCover","hermit:LowProfile"],"picked":"hermit:Virtue","floor":2.0},{"not_picked":["hermit:HoleUp","hermit:Snipe"],"picked":"hermit:Brawl","floor":6.0},{"not_picked":["hermit:PistolWhip","hermit:LowProfile","hermit:BodyArmor"],"picked":"SKIP","floor":7.0},{"not_picked":["hermit:Snipe","hermit:Glare","hermit:FullyLoaded"],"picked":"SKIP","floor":8.0},{"not_picked":["hermit:BodyArmor","hermit:HoleUp"],"picked":"hermit:Gestalt","floor":10.0},{"not_picked":["hermit:DeadMansHand","hermit:HoleUp"],"picked":"hermit:EyeOfTheStorm","floor":13.0},{"not_picked":["hermit:HoleUp","hermit:LuckOfTheDraw"],"picked":"hermit:OverwhelmingPower","floor":14.0},{"not_picked":["hermit:Desperado","hermit:SprayPray+1"],"picked":"hermit:TakeAim+1","floor":18.0},{"not_picked":["hermit:Enervate","hermit:Coalescence"],"picked":"hermit:BigShot+1","floor":20.0},{"not_picked":["hermit:DeadMansHand","hermit:HoleUp","hermit:ShadowCloak"],"picked":"SKIP","floor":22.0},{"not_picked":["hermit:Roulette","hermit:WideOpen+1"],"picked":"hermit:Snipe+1","floor":30},{"not_picked":["hermit:Misfire","hermit:HoleUp","hermit:Coalescence+1"],"picked":"SKIP","floor":31}],"player_experience":450408,"relics_obtained":[{"floor":6.0,"key":"Replay:Towering Pillar of Hats"},{"floor":9.0,"key":"hubris:FunFungus"},{"floor":10.0,"key":"reliquary:NewFriend"},{"floor":11.0,"key":"infinitespire:Midas Blood"},{"floor":13.0,"key":"MealTicket"},{"floor":26.0,"key":"Juzu Bracelet"},{"floor":30,"key":"Matryoshka"},{"floor":32,"key":"hermit:RedScarf"}],"event_choices":[{"damage_healed":0.0,"max_hp_gain":0.0,"max_hp_loss":0.0,"gold_gain":0.0,"event_name":"Upgrade Shrine","player_choice":"Upgraded","floor":21.0,"gold_loss":0.0,"damage_taken":0.0,"cards_upgraded":["hermit:OverwhelmingPower"]},{"cards_removed":["hermit:Defend_Hermit"],"damage_healed":0.0,"max_hp_gain":0.0,"max_hp_loss":0.0,"gold_gain":0.0,"event_name":"Back to Basics","player_choice":"Elegance","floor":25.0,"gold_loss":0.0,"damage_taken":0.0},{"damage_healed":0.0,"max_hp_gain":0.0,"max_hp_loss":0.0,"gold_gain":0.0,"event_name":"The Woman in Blue","player_choice":"Bought 1 Potion","floor":28.0,"gold_loss":0.0,"damage_taken":0.0}],"is_beta":false,"boss_relics":[{"not_picked":["Kintsugi","reliquary:Craggleroot"],"picked":"Ring of Chaos"}],"items_purged_floors":[4],"is_endless":true,"potions_floor_spawned":[1,7,10,13,20,22,31],"killed_by":"Collector","ascension_level":0}}