{"host":"684z1xpuwaoqmmh1","time":1612971926,"event":{"mods":["A Magickal Journey","BaseMod","Downfall","Hermit","Jorbs\u0027s Wanderer Trilogy","Marisa????????","Minty Spire (QoL Compilation)","Robot Space Explorer","Shade Mod","StSLib","The Bug Knight","The Dragon Tamer","The Elementalist","The Hayseed","The Hierophant","The Marked","The Mystic","The Runesmith","The Saiyan","The Senshi","The Spell Scribe","The Vixen","TheBandit","TheFirefly"],"gold_per_floor":[115,129,304,315,69,69,82,82,82,114,64,81,98,98,98,196,196,216,245,263,282,282,282,282],"floor_reached":23,"language":"ENG","playtime":1035,"items_purged":["Doubt"],"score":280,"play_id":"8be16e77-3a39-4ea8-bca4-a41d8775e8e9","local_time":"20210210174526","is_ascension_mode":true,"campfire_choices":[{"data":"Runesmith:CraftFirestone","floor":6,"key":"SMITH"},{"data":"Runesmith:LithiumIon","floor":8,"key":"SMITH"},{"data":"Runesmith:HeatedChisel","floor":15,"key":"SMITH"}],"circlet_count":0,"master_deck":["Runesmith:Strike_RS+1","Runesmith:Defend_RS","Runesmith:Defend_RS","Runesmith:Defend_RS","Runesmith:CraftFirestone+1","Runesmith:Fortify+1","Runesmith:RuneHurl","Runesmith:HeatedChisel+1","Runesmith:LithiumIon+1","Runesmith:RuneHurl","Runesmith:ChiselStab","Runesmith:NanitesCloud","Runesmith:ReplicatingBarrier","Runesmith:HammerThrow+1","Runesmith:LithiumIon+1","Runesmith:BackupBattery","Runesmith:MakeshiftArmor+1","Runesmith:Attraction"],"relics":["Runesmith:BrokenRuby","theSenshi:SailorFukuRelic","Strawberry","hexamod:CandleOfCauterizing","hexamod:BolsterEngine","Empty Cage","Red Mask"],"acts_visited":["Exordium","TheCity"],"potions_floor_usage":[10,19,23],"damage_taken":[{"damage":0,"enemies":"Small Slimes","floor":1,"turns":3},{"damage":1,"enemies":"Jaw Worm","floor":2,"turns":3},{"damage":1,"enemies":"2 Louse","floor":4,"turns":3},{"damage":4,"enemies":"Blue Slaver","floor":7,"turns":4},{"damage":15,"enemies":"3 Sentries","floor":10,"turns":8},{"damage":3,"enemies":"Large Slime","floor":12,"turns":6},{"damage":1,"enemies":"Lots of Slimes","floor":13,"turns":4},{"damage":5,"enemies":"Slime Boss","floor":16,"turns":7},{"damage":2,"enemies":"Shell Parasite","floor":18,"turns":5},{"damage":37,"enemies":"Masked Bandits","floor":19,"turns":5},{"damage":8,"enemies":"2 Thieves","floor":20,"turns":4},{"damage":6,"enemies":"Chosen and Byrds","floor":21,"turns":8},{"damage":11,"enemies":"Slavers","floor":23,"turns":2}],"seed_played":"-7038174233680660798","potions_obtained":[{"floor":4,"key":"DistilledChaos"},{"floor":10,"key":"Strength Potion"},{"floor":12,"key":"SteroidPotion"},{"floor":13,"key":"DuplicationPotion"},{"floor":20,"key":"sneckomod:MuddlingPotion"}],"is_trial":false,"path_per_floor":["M","M","?","M","$","R","M","R","T","E","?","M","M","?","R","B",null,"M","?","M","M","?","E"],"character_chosen":"RUNESMITH_CLASS","items_purchased":["Runesmith:RuneHurl","Strawberry"],"campfire_rested":0,"item_purchase_floors":[5,5],"current_hp_per_floor":[63,62,62,61,68,68,64,64,64,49,49,46,45,30,30,25,64,62,25,17,11,11,0,0],"gold":282,"neow_bonus":"RANDOM_COMMON_RELIC","is_daily":false,"chose_seed":false,"campfire_upgraded":3,"win_rate":0.0,"timestamp":1612971926,"path_taken":["M","M","?","M","$","R","M","R","T","E","?","M","M","?","R","BOSS","M","?","M","M","?","E"],"items_purchased_type":["Card","Relic"],"build_version":"2020-12-22","purchased_purges":1,"victory":false,"max_hp_per_floor":[70,70,70,70,77,77,77,77,77,77,77,77,77,77,77,77,77,77,77,77,77,77,77,77],"card_choices":[{"not_picked":["Runesmith:CraftProtectio","Runesmith:BackupBattery"],"picked":"Runesmith:RuneHurl","floor":1},{"not_picked":["Runesmith:StaticCage","Runesmith:RuneHurl"],"picked":"Runesmith:HeatedChisel","floor":2},{"not_picked":["Runesmith:HeatedChisel","Runesmith:Prism"],"picked":"Runesmith:LithiumIon","floor":4},{"not_picked":["Runesmith:BackupBattery","Runesmith:ElementalConversion"],"picked":"Runesmith:ChiselStab","floor":7},{"not_picked":["Runesmith:HeatExchange","Runesmith:EarthShield"],"picked":"Runesmith:NanitesCloud","floor":10},{"not_picked":["Runesmith:CraftReservo","Runesmith:Repurpose","Runesmith:RuneHurl"],"picked":"SKIP","floor":12},{"not_picked":["Runesmith:HeatedChisel","Runesmith:WhiteBalance","Runesmith:Overpower"],"picked":"SKIP","floor":13},{"not_picked":["Runesmith:GrandSlam","Runesmith:Duplicate"],"picked":"Runesmith:ReplicatingBarrier","floor":16},{"not_picked":["Runesmith:RuneHurl","Runesmith:EnergizedChisel"],"picked":"Runesmith:HammerThrow+1","floor":18},{"not_picked":["Runesmith:EarthShield","Runesmith:UnstableHammer+1"],"picked":"Runesmith:LithiumIon+1","floor":19},{"not_picked":["Runesmith:HammerThrow+1","Runesmith:Attraction"],"picked":"Runesmith:BackupBattery","floor":20},{"not_picked":["Runesmith:Overpower","Runesmith:RuneHurl"],"picked":"Runesmith:MakeshiftArmor+1","floor":21}],"player_experience":3242226,"relics_obtained":[{"floor":9,"key":"hexamod:CandleOfCauterizing"},{"floor":10,"key":"hexamod:BolsterEngine"},{"floor":19,"key":"Red Mask"}],"event_choices":[{"damage_healed":0,"gold_gain":175,"player_choice":"AGREE","damage_taken":0,"max_hp_gain":0,"max_hp_loss":0,"event_name":"Liars Game","floor":3,"gold_loss":0,"cards_obtained":["Doubt"]},{"cards_removed":["Runesmith:Strike_RS"],"damage_healed":0,"gold_gain":0,"player_choice":"Card Removal","damage_taken":0,"max_hp_gain":0,"max_hp_loss":0,"event_name":"The Cleric","floor":11,"gold_loss":50},{"damage_healed":0,"gold_gain":0,"player_choice":"Entered Light","damage_taken":15,"max_hp_gain":0,"max_hp_loss":0,"event_name":"Shining Light","floor":14,"gold_loss":0,"cards_upgraded":["Runesmith:Strike_RS","Runesmith:Fortify"]},{"damage_healed":0,"gold_gain":0,"player_choice":"Fought Bandits","damage_taken":0,"max_hp_gain":0,"max_hp_loss":0,"event_name":"Masked Bandits","floor":19,"gold_loss":0},{"damage_healed":0,"gold_gain":0,"cards_transformed":["Runesmith:Strike_RS"],"player_choice":"Transformed","damage_taken":0,"max_hp_gain":0,"max_hp_loss":0,"event_name":"Transmorgrifier","floor":22,"gold_loss":0,"cards_obtained":["Runesmith:Attraction"]}],"is_beta":false,"boss_relics":[{"not_picked":["Pandora\u0027s Box","Astrolabe"],"picked":"Empty Cage"}],"items_purged_floors":[5],"is_endless":false,"potions_floor_spawned":[4,10,12,13,18,20,21],"killed_by":"Slavers","ascension_level":9}}