{"host":"njo8qgvy2a57fcny","time":1612920918,"event":{"mods":["Aspiration","BaseMod","BetterRewards","CCEM2","Colored Map","Colored Powertips","Conspire","Custom Start","Downfall","Energized Spire","GifTheSpireLib","Halation","Hermit","Hubris","Infinite Spire","Jedi Mod","Jorbs\u0027s Wanderer Trilogy","Mimic Mod","Minty Spire (QoL Compilation)","Quick Restart","Random Character Button","Random Character Mod","Rare Cards Sparkle","Relic Sorter","Reliquary","Replay The Spire","Shop Mod","StSLib","Stuff the Spire","The Animator","The Jungle","The Runesmith","The Servant 0.9.4","Unceasing Turn Reminder","thorton"],"gold_per_floor":[99,117,117,130,130,140,140,155,187,187,29,65,65,65,89,196,214,114,125,135,158,167,167,213,213,213,213],"floor_reached":25,"language":"ENG","playtime":1279,"items_purged":[],"score":278,"play_id":"2fcfe57a-1aa3-465c-b573-988dabb9f644","local_time":"20210210123518","is_ascension_mode":true,"campfire_choices":[{"data":"bronze:Replicate","floor":1,"key":"SMITH"},{"data":"bronze:Goto","floor":10,"key":"SMITH"},{"data":"bronze:FollowUp","floor":13,"key":"SMITH"},{"data":"hubris:Despair","floor":18,"key":"PURGE"},{"data":"bronze:Return","floor":23,"key":"SMITH"}],"circlet_count":0,"master_deck":["bronze:Defend","bronze:Defend","bronze:Replicate+1","bronze:Goto+1","AbeCurse","bronze:Shield","bronze:Shield","bronze:Replicate+1","bronze:Shield","Writhe","bronze:ChosenStrike","bronze:ItsAFeature","bronze:Shield","bronze:FollowUp+1","bronze:ForceShield","bronze:OilSpill","bronze:HyperBeam","hubris:Envy","bronze:Return+1","Pride","bronze:Boost"],"relics":["Abe\u0027s Treasure","jedi:heavyjacket","Replay:Rubber Ducky","StuffTheSpire:Mouthbags","CeramicFish","Kintsugi","downfall:HeartBlessingBlue","Shuriken","reliquary:TridentHead"],"acts_visited":["Exordium","TheCity"],"potions_floor_usage":[9,15,16,20,25,25],"damage_taken":[{"damage":1,"enemies":"2 Louse","floor":2,"turns":2},{"damage":0,"enemies":"Cultist","floor":4,"turns":4},{"damage":1,"enemies":"Jaw Worm","floor":6,"turns":3},{"damage":1,"enemies":"Blue Slaver","floor":8,"turns":5},{"damage":37,"enemies":"3 Sentries","floor":9,"turns":8},{"damage":0,"enemies":"downfall:FleeingMerchant","floor":11,"turns":4},{"damage":13,"enemies":"Gremlin Nob","floor":12,"turns":4},{"damage":0,"enemies":"3 Louse","floor":15,"turns":2},{"damage":3,"enemies":"IC_STATUS_ARCHETYPE","floor":16,"turns":7},{"damage":3,"enemies":"Chosen","floor":19,"turns":5},{"damage":8,"enemies":"Spheric Guardian","floor":20,"turns":3},{"damage":10,"enemies":"Centurion and Healer","floor":21,"turns":5},{"damage":13,"enemies":"Sentry and Sphere","floor":24,"turns":7},{"damage":56,"enemies":"Gremlin Leader","floor":25,"turns":6}],"seed_played":"-646144365561369685","potions_obtained":[{"floor":4,"key":"SpeedPotion"},{"floor":8,"key":"bronze:BurnAndBuffPotion"},{"floor":9,"key":"Guardian:BlockOnCardUsePotion"},{"floor":15,"key":"DuplicationPotion"},{"floor":19,"key":"Swift Potion"},{"floor":21,"key":"LiquidMemories"}],"is_trial":false,"path_per_floor":["R","M","?","M","?","M","T","M","E","R","$","E","R","T","M","B",null,"R_BF","M","M","M","?","R","MIM","E"],"character_chosen":"THE_AUTOMATON","items_purchased":["StuffTheSpire:Mouthbags"],"campfire_rested":0,"item_purchase_floors":[11],"current_hp_per_floor":[70,69,69,69,69,68,68,67,30,30,30,17,17,17,17,14,70,80,77,69,59,59,59,46,0,0,0],"gold":213,"neow_bonus":"BOSS_RELIC","is_daily":false,"chose_seed":false,"campfire_upgraded":4,"win_rate":0.0,"timestamp":1612920918,"path_taken":["R","M","?","M","?","?","T","?","E","R","$","E","R","?","M","BOSS","R_BF","M","M","M","?","R","MIM","E"],"items_purchased_type":["Relic"],"build_version":"2020-12-22","purchased_purges":0,"victory":false,"max_hp_per_floor":[70,70,70,70,70,70,70,70,70,70,70,70,70,70,70,70,70,80,80,80,80,80,80,80,80,80,80],"card_choices":[{"not_picked":["bronze:BronzeOrb","bronze:Overheat"],"picked":"bronze:Shield","floor":2},{"not_picked":["bronze:BitShift","bronze:Deprecate"],"picked":"bronze:Shield","floor":4},{"not_picked":["bronze:WhirlingStrike","bronze:BitShift"],"picked":"bronze:ChosenStrike","floor":6},{"not_picked":["bronze:Virus","bronze:Turbo"],"picked":"bronze:ItsAFeature","floor":8},{"not_picked":["bronze:TinkerersToolbox","bronze:Branch"],"picked":"bronze:Shield","floor":9},{"not_picked":["bronze:Separator","bronze:Allocate"],"picked":"bronze:FollowUp","floor":11},{"not_picked":["bronze:Separator","bronze:Allocate"],"picked":"bronze:ForceShield","floor":12},{"not_picked":["bronze:Frontload","bronze:Safeguard"],"picked":"bronze:OilSpill","floor":15},{"not_picked":["bronze:Break","bronze:AlphaBuild"],"picked":"bronze:HyperBeam","floor":16},{"not_picked":["bronze:Invalidate","bronze:BitShift","bronze:Philosophize"],"picked":"SKIP","floor":19},{"not_picked":["bronze:WildBeam+1","bronze:CutThrough","bronze:DelayedSlice"],"picked":"SKIP","floor":20},{"not_picked":["bronze:Flail","bronze:Constructor+1"],"picked":"bronze:Return","floor":21},{"not_picked":["bronze:Backtrace+1","bronze:FineTuning+1"],"picked":"bronze:Boost","floor":24}],"player_experience":809553,"relics_obtained":[{"floor":7,"key":"jedi:heavyjacket"},{"floor":9,"key":"Replay:Rubber Ducky"},{"floor":12,"key":"CeramicFish"},{"floor":24,"key":"reliquary:TridentHead"}],"event_choices":[{"damage_healed":0,"gold_gain":0,"player_choice":"Stole Relic","damage_taken":0,"relics_obtained":["Shuriken"],"max_hp_gain":0,"max_hp_loss":0,"event_name":"Addict","floor":22,"gold_loss":0,"cards_obtained":["Pride"]}],"is_beta":false,"boss_relics":[{"not_picked":["reliquary:Craggleroot","hubris:Backtick"],"picked":"Kintsugi"}],"items_purged_floors":[],"is_endless":false,"potions_floor_spawned":[4,8,9,15,19,21],"killed_by":"Gremlin Leader","ascension_level":4}}