{"host":"Cenci","time":1612965195,"event":{"mods":["BaseMod","Downfall","Highlight Path","Minty Spire (QoL Compilation)","StSLib","The Cursed"],"gold_per_floor":[117,136,2,22,22,22,57,57,57,57,57,72,97,108,108,213,213,227,247,247,142,153,153,179,179,179,209,17,17,37,47,47,148,148,164,184,198,209,67,99,111,111,135,85,85,0,0,15,15,15],"floor_reached":51,"language":"ENG","playtime":2666,"items_purged":["Normality"],"score":977,"play_id":"87ac467d-6f35-4880-9ee5-06daa883caef","local_time":"20210210145315","is_ascension_mode":false,"campfire_choices":[{"data":"1","floor":8,"key":"LIFT"},{"data":"2","floor":11,"key":"LIFT"},{"data":"3","floor":15,"key":"LIFT"},{"data":"TheCursedMod:HellsGateOpen","floor":23,"key":"SMITH"},{"data":"TheCursedMod:LuckyCharm","floor":25,"key":"SMITH"},{"data":"TheCursedMod:CursedRelics","floor":32,"key":"SMITH"},{"data":"TheCursedMod:VoidForm","floor":42,"key":"SMITH"},{"data":"TheCursedMod:VoidForm","floor":45,"key":"SMITH"},{"data":"TheCursedMod:BlessingInDisguise","floor":49,"key":"SMITH"}],"circlet_count":0,"master_deck":["TheCursedMod:Strike_TheCursed","TheCursedMod:Strike_TheCursed","TheCursedMod:Defend_TheCursed","TheCursedMod:Defend_TheCursed","TheCursedMod:Defend_TheCursed","TheCursedMod:Defend_TheCursed","TheCursedMod:CursedWand+1","TheCursedMod:CleanUpWorkshop","TheCursedMod:Dregs","TheCursedMod:CircleOfFlame","TheCursedMod:CursedShiv","TheCursedMod:LuckyCharm+1","TheCursedMod:CursedShiv","TheCursedMod:BlessingInDisguise","TheCursedMod:HellsGateOpen+1","TheCursedMod:SmokeScreen","TheCursedMod:CircleOfCorruption","TheCursedMod:SmokeScreen","TheCursedMod:CircleOfAbyss","TheCursedMod:WearCloak","TheCursedMod:CursedArmor","TheCursedMod:DoubleShield","TheCursedMod:SpitefulPlan","TheCursedMod:HellfireBreathing","TheCursedMod:CircleOfAbyss","TheCursedMod:CursedRelics+1","TheCursedMod:SoulCrush","TheCursedMod:LuckyCharm+1","TheCursedMod:VoidForm+1","CurseOfTheBell","TheCursedMod:Wield","TheCursedMod:CursedShiv+1","TheCursedMod:CursedShiv+1","TheCursedMod:VoidForm+1","Decay","TheCursedMod:BlessingInDisguise+1"],"relics":["TheCursedMod:BlackMagic101","Girya","FossilizedHelix","Calipers","Cursed Key","Ornamental Fan","White Beast Statue","Smiling Mask","Calling Bell","Ancient Tea Set","Pantograph","champ:DeflectingBracers","TheCursedMod:SoulVessel","Bronze Scales","Red Mask"],"acts_visited":["Exordium","TheCity","TheBeyond"],"potions_floor_usage":[27,27,31,38,41,50,50,50],"damage_taken":[{"damage":0,"enemies":"Small Slimes","floor":1,"turns":5},{"damage":0,"enemies":"Cultist","floor":2,"turns":3},{"damage":2,"enemies":"Jaw Worm","floor":4,"turns":3},{"damage":1,"enemies":"Gremlin Nob","floor":7,"turns":3},{"damage":0,"enemies":"Red Slaver","floor":12,"turns":4},{"damage":0,"enemies":"Lagavulin","floor":13,"turns":5},{"damage":0,"enemies":"2 Fungi Beasts","floor":14,"turns":4},{"damage":0,"enemies":"The Guardian","floor":16,"turns":9},{"damage":0,"enemies":"Chosen","floor":18,"turns":5},{"damage":10,"enemies":"3 Byrds","floor":19,"turns":7},{"damage":0,"enemies":"Sentry and Sphere","floor":22,"turns":6},{"damage":0,"enemies":"Gremlin Leader","floor":24,"turns":8},{"damage":0,"enemies":"Slavers","floor":27,"turns":6},{"damage":0,"enemies":"Snecko","floor":30,"turns":5},{"damage":9,"enemies":"3 Cultists","floor":31,"turns":5},{"damage":0,"enemies":"Champ","floor":33,"turns":13},{"damage":0,"enemies":"Orb Walker","floor":35,"turns":4},{"damage":0,"enemies":"3 Darklings","floor":36,"turns":5},{"damage":17,"enemies":"Jaw Worm Horde","floor":37,"turns":6},{"damage":20,"enemies":"Transient","floor":38,"turns":5},{"damage":1,"enemies":"Giant Head","floor":40,"turns":7},{"damage":11,"enemies":"Writhing Mass","floor":41,"turns":5},{"damage":0,"enemies":"Maw","floor":48,"turns":6},{"damage":30,"enemies":"Awakened One","floor":50,"turns":7}],"seed_played":"7406248583202259452","potions_obtained":[{"floor":2,"key":"SpeedPotion"},{"floor":7,"key":"SpeedPotion"},{"floor":12,"key":"champ:CounterPotion"},{"floor":18,"key":"Block Potion"},{"floor":27,"key":"Weak Potion"},{"floor":30,"key":"Regen Potion"},{"floor":31,"key":"AttackPotion"},{"floor":38,"key":"Fire Potion"},{"floor":41,"key":"SpeedPotion"}],"is_trial":false,"path_per_floor":["M","M","$","M","?","$","E","R","T","?","R","M","E","M","R","B",null,"M","M","?","$","M","R","E","R","T","E","$","?","M","M","R","B",null,"M","M","M","M","$","E","M","R","T","$","R","?","?","M","R","B",null],"character_chosen":"THE_CURSED","items_purchased":["TheCursedMod:LuckyCharm","TheCursedMod:CursedShiv","TheCursedMod:DoubleShield","TheCursedMod:SpitefulPlan","TheCursedMod:CursedRelics","TheCursedMod:SoulCrush","TheCursedMod:VoidForm"],"campfire_rested":0,"item_purchase_floors":[3,3,21,21,28,28,39],"current_hp_per_floor":[75,75,75,73,73,73,72,72,72,72,72,72,72,72,72,72,75,75,65,65,65,65,65,65,65,65,65,65,65,65,56,56,56,75,75,75,58,38,38,37,27,27,27,27,27,27,27,33,33,57],"gold":15,"neow_bonus":"UPGRADE_CARD","is_daily":false,"chose_seed":false,"campfire_upgraded":6,"win_rate":0.0,"timestamp":1612965195,"path_taken":["M","M","$","M","?","?","E","R","T","?","R","M","E","M","R","BOSS","M","M","?","$","M","R","E","R","T","E","$","?","M","M","R","BOSS","M","M","?","M","$","E","M","R","T","$","R","?","?","M","R","BOSS"],"items_purchased_type":["Card","Card","Card","Card","Card","Card","Card"],"build_version":"2020-11-17","purchased_purges":1,"victory":true,"max_hp_per_floor":[75,75,75,75,75,75,75,75,75,75,75,75,75,75,75,75,75,75,75,75,75,75,75,75,75,75,75,75,75,75,75,75,75,75,75,75,75,75,75,75,75,75,75,75,75,75,75,75,75,75],"card_choices":[{"not_picked":["TheCursedMod:TacticalStrike","TheCursedMod:SurpriseAttack"],"picked":"TheCursedMod:CircleOfFlame","floor":1},{"not_picked":["TheCursedMod:ReleasedStrength","TheCursedMod:SpreadPlague"],"picked":"TheCursedMod:CursedShiv","floor":2},{"not_picked":["TheCursedMod:Torture","TheCursedMod:StingEye"],"picked":"TheCursedMod:BlessingInDisguise","floor":4},{"not_picked":["TheCursedMod:RavingStaff","TheCursedMod:VitalStrike"],"picked":"TheCursedMod:SmokeScreen","floor":7},{"not_picked":["TheCursedMod:CursedShiv","TheCursedMod:FuryStrike"],"picked":"TheCursedMod:CircleOfCorruption","floor":12},{"not_picked":["TheCursedMod:HellsGateOpen","TheCursedMod:DemonicPact"],"picked":"TheCursedMod:SmokeScreen","floor":13},{"not_picked":["TheCursedMod:CircleOfAmplification","TheCursedMod:FleshFromBone","TheCursedMod:Mangle"],"picked":"SKIP","floor":14},{"not_picked":["TheCursedMod:OutForBlood","TheCursedMod:ShockAndAwe"],"picked":"TheCursedMod:CircleOfAbyss","floor":16},{"not_picked":["TheCursedMod:RavingStaff","TheCursedMod:SpitefulStrike+1"],"picked":"TheCursedMod:WearCloak","floor":18},{"not_picked":["TheCursedMod:Stretching","TheCursedMod:CursedMace"],"picked":"TheCursedMod:CursedArmor","floor":19},{"not_picked":["TheCursedMod:FleshFromBone","TheCursedMod:CursedStaff+1"],"picked":"TheCursedMod:HellfireBreathing","floor":22},{"not_picked":["TheCursedMod:CircleOfAmplification","TheCursedMod:LuckyCharm"],"picked":"TheCursedMod:CircleOfAbyss","floor":24},{"not_picked":["TheCursedMod:SoulCrush","TheCursedMod:ReleasedKnowledge","TheCursedMod:DoubleShield"],"picked":"SKIP","floor":27},{"not_picked":["TheCursedMod:Stigma","TheCursedMod:Stretching+1","TheCursedMod:SoulReap"],"picked":"SKIP","floor":30},{"not_picked":["TheCursedMod:Obscuration","TheCursedMod:SoulReap+1","TheCursedMod:AbyssShockwave"],"picked":"SKIP","floor":31},{"not_picked":["TheCursedMod:UltimatePain","TheCursedMod:CursedRelics"],"picked":"TheCursedMod:VoidForm","floor":33},{"not_picked":["TheCursedMod:CircleOfCorruption","TheCursedMod:Stigma","TheCursedMod:FleshFromBone"],"picked":"SKIP","floor":35},{"not_picked":["TheCursedMod:OutForBlood","TheCursedMod:CircleOfFlame+1"],"picked":"TheCursedMod:Wield","floor":36},{"not_picked":["TheCursedMod:CircleOfFlame+1","TheCursedMod:CircleOfWindfury+1"],"picked":"TheCursedMod:CursedShiv+1","floor":37},{"not_picked":["TheCursedMod:Torture","TheCursedMod:CursedMace+1"],"picked":"TheCursedMod:CursedShiv+1","floor":38},{"not_picked":["TheCursedMod:Stigma","TheCursedMod:UltimatePain","TheCursedMod:Torture+1"],"picked":"SKIP","floor":40},{"not_picked":["TheCursedMod:CursedBlade","TheCursedMod:SpitefulPlan+1","TheCursedMod:Grudge"],"picked":"SKIP","floor":41},{"not_picked":["TheCursedMod:DoubleShield+1","TheCursedMod:CursedBlade"],"picked":"TheCursedMod:BlessingInDisguise","floor":48}],"player_experience":306351,"relics_obtained":[{"floor":7,"key":"Girya"},{"floor":9,"key":"FossilizedHelix"},{"floor":13,"key":"Calipers"},{"floor":24,"key":"Ornamental Fan"},{"floor":26,"key":"White Beast Statue"},{"floor":27,"key":"Smiling Mask"},{"floor":34,"key":"Ancient Tea Set"},{"floor":34,"key":"Pantograph"},{"floor":34,"key":"champ:DeflectingBracers"},{"floor":40,"key":"TheCursedMod:SoulVessel"},{"floor":43,"key":"Bronze Scales"}],"event_choices":[{"damage_healed":0,"gold_gain":0,"cards_transformed":["TheCursedMod:Strike_TheCursed"],"player_choice":"Transformed","damage_taken":0,"max_hp_gain":0,"max_hp_loss":0,"event_name":"Transmorgrifier","floor":5,"gold_loss":0,"cards_obtained":["TheCursedMod:HellsGateOpen"]},{"damage_healed":0,"gold_gain":0,"player_choice":"Ignored","damage_taken":0,"max_hp_gain":0,"max_hp_loss":0,"event_name":"Fountain of Cleansing","floor":10,"gold_loss":0},{"damage_healed":0,"gold_gain":0,"player_choice":"Copied","damage_taken":0,"max_hp_gain":0,"max_hp_loss":0,"event_name":"Duplicator","floor":29,"gold_loss":0,"cards_obtained":["TheCursedMod:LuckyCharm"]},{"damage_healed":0,"gold_gain":0,"player_choice":"Paid","damage_taken":0,"relics_obtained":["Red Mask"],"max_hp_gain":0,"max_hp_loss":0,"event_name":"Tomb of Lord Red Mask","floor":46,"gold_loss":85},{"cards_removed":["TheCursedMod:Strike_TheCursed"],"damage_healed":0,"gold_gain":0,"player_choice":"Purged","damage_taken":0,"max_hp_gain":0,"max_hp_loss":0,"event_name":"Purifier","floor":47,"gold_loss":0}],"is_beta":true,"boss_relics":[{"not_picked":["Runic Dome","TheCursedMod:BlackMagicAdvanced"],"picked":"Cursed Key"},{"not_picked":["Velvet Choker","TheCursedMod:FourLeafCloverCharm"],"picked":"Calling Bell"}],"items_purged_floors":[44],"is_endless":false,"potions_floor_spawned":[2,7,12,13,16,18,24,27,30,31,33,35,36,37,38,40,41,48],"ascension_level":0}}