{"host":"n4fty02wqqi95laq","time":1612939634,"event":{"mods":["BaseMod","Highlight Path","Minty Spire (QoL Compilation)","Quick Restart","Rare Cards Sparkle","StSLib"],"gold_per_floor":[117,192,204,204,72,72,90,117,143,157,167,167,167,167],"floor_reached":13,"language":"ZHS","playtime":338,"items_purged":["Strike_G"],"score":170,"play_id":"c64fec54-a886-4977-9eb4-4d79850e4b45","local_time":"20210210144714","is_ascension_mode":true,"campfire_choices":[{"data":"Apotheosis","floor":6.0,"key":"SMITH"},{"data":"Footwork","floor":12,"key":"SMITH"}],"circlet_count":0,"master_deck":["AscendersBane","Strike_G","Strike_G","Strike_G","Strike_G","Defend_G","Defend_G","Defend_G","Defend_G","Defend_G","Survivor","Neutralize","Apotheosis+1","Footwork+1","Tactician","Prepared","Heel Hook","Noxious Fumes","Riddle With Holes"],"relics":["Ring of the Snake","MealTicket","Lantern"],"acts_visited":["Exordium"],"potions_floor_usage":[],"damage_taken":[{"damage":0.0,"enemies":"Jaw Worm","floor":1.0,"turns":4.0},{"damage":0.0,"enemies":"2 Louse","floor":3.0,"turns":5.0},{"damage":0.0,"enemies":"Cultist","floor":7.0,"turns":4.0},{"damage":2.0,"enemies":"Lagavulin","floor":8.0,"turns":9.0},{"damage":0.0,"enemies":"Exordium Thugs","floor":10.0,"turns":7.0},{"damage":0.0,"enemies":"Looter","floor":11.0,"turns":4.0},{"damage":34,"enemies":"Gremlin Nob","floor":13,"turns":3}],"seed_played":"-1030906272711446556","potions_obtained":[{"floor":3.0,"key":"Ancient Potion"},{"floor":10.0,"key":"AttackPotion"}],"is_trial":false,"path_per_floor":["M","?","M","?","$","R","M","E","T","M","M","R","E"],"character_chosen":"THE_SILENT","items_purchased":["Strength Potion"],"campfire_rested":0,"item_purchase_floors":[5],"current_hp_per_floor":[44,33,33,29,29,29,29,27,27,27,27,27,0,0],"gold":167,"neow_bonus":"RANDOM_COLORLESS_2","is_daily":false,"chose_seed":false,"campfire_upgraded":2,"win_rate":0.0,"timestamp":1612939634,"path_taken":["M","?","M","?","$","R","?","E","T","M","M","R","E"],"items_purchased_type":["Potion"],"build_version":"2020-12-22","purchased_purges":1,"victory":false,"max_hp_per_floor":[66,66,66,66,66,66,66,66,66,66,66,66,66,66],"card_choices":[{"not_picked":["The Bomb","Panache"],"picked":"Apotheosis","floor":0.0},{"not_picked":["Outmaneuver","Dagger Throw"],"picked":"Footwork","floor":1.0},{"not_picked":["Slice","Bane"],"picked":"Tactician","floor":3.0},{"not_picked":["Deflect","Quick Slash"],"picked":"Prepared","floor":7.0},{"not_picked":["Crippling Poison","Choke"],"picked":"Heel Hook","floor":8.0},{"not_picked":["Slice","Concentrate"],"picked":"Noxious Fumes","floor":10.0},{"not_picked":["Flying Knee","Venomology"],"picked":"Riddle With Holes","floor":11}],"player_experience":730737,"relics_obtained":[{"floor":8.0,"key":"MealTicket"},{"floor":9.0,"key":"Lantern"}],"event_choices":[{"damage_healed":0.0,"max_hp_gain":0.0,"max_hp_loss":0.0,"gold_gain":75.0,"event_name":"World of Goop","player_choice":"Gather Gold","floor":2.0,"gold_loss":0.0,"damage_taken":11.0},{"damage_healed":0.0,"max_hp_gain":0.0,"max_hp_loss":0.0,"gold_gain":0.0,"event_name":"The Woman in Blue","player_choice":"Bought 0 Potions","floor":4.0,"gold_loss":0.0,"damage_taken":0.0}],"is_beta":false,"boss_relics":[],"items_purged_floors":[5],"is_endless":false,"potions_floor_spawned":[3,7,10],"killed_by":"Gremlin Nob","ascension_level":20}}