{"host":"ndpbn7fqb3wjbd7p","time":1612945535,"event":{"mods":["AchievementEnabler","Act Like it!","AlwaysNeverKeys","BaseMod","Better Vampires","Block Reminder","Colored Powertips","DeckTracker","Defuse TimeMaze Blight","Friendly Minions","Hallownest","Hermit","Highlight Path","MarisaÅiñ∂âJÅ@ñÇóùçπÅj","Minty Spire (QoL Compilation)","Permanent Neow","Shade Mod","StSLib","SuperFastMode","Synergy Search","The Mystic","Unceasing Turn Reminder","Wandering Minibosses","egg"],"gold_per_floor":[116,41,54,54,70,99,99,129,201,201,227,227,46,121,121,223,223,243,200,75,75,84,84,92,92,92,116,116,123,123,134,134,217,217,227,221,1006,1006,1025,1025,397,397,421,466,496,496,515,32,32,32],"floor_reached":51,"language":"ENG","playtime":4153,"items_purged":["Strike_B","Dualcast","Zap","Strike_B","Defend_B"],"score":1195,"play_id":"1eb31ce1-49e4-4d15-ba06-6e99f86b54ad","local_time":"20210210092535","is_ascension_mode":true,"campfire_choices":[{"data":"Hologram","floor":7,"key":"SMITH"},{"floor":10,"key":"REST"},{"data":"Reprogram","floor":12,"key":"SMITH"},{"floor":15,"key":"REST"},{"data":"Impatience","floor":23,"key":"SMITH"},{"data":"Steam Power","floor":25,"key":"SMITH"},{"floor":28,"key":"REST"},{"floor":32,"key":"REST"},{"data":"Self Repair","floor":40,"key":"SMITH"},{"data":"Echo Form","floor":42,"key":"SMITH"},{"data":"Scrape","floor":49,"key":"SMITH"}],"circlet_count":0,"master_deck":["AscendersBane","Defend_B","Defend_B","Defend_B","Hello World","Genetic Algorithm","Go for the Eyes","Hologram+1","Reprogram+1","Echo Form+1","Impatience+1","Core Surge","Recycle+1","Steam Power+1","Seek","Echo Form+1","Self Repair+1","Gash","Recycle+1","Gash","Scrape+1","Gash","BootSequence"],"relics":["Cracked Core","Ice Cream","Akabeko","Bottled Flame","TungstenRod","SlaversCollar","Sundial","Lantern","Orichalcum","Black Star","wanderingMiniBosses:MasterThiefsPresence","CaptainsWheel","Juzu Bracelet","Potion Belt","CatCart","Frozen Egg 2","Bird Faced Urn","Pocketwatch","Bag of Preparation"],"acts_visited":["Exordium","TheCity","TheBeyond"],"potions_floor_usage":[6,8,16,27,31,36,37,50,50,50],"damage_taken":[{"damage":4,"enemies":"Small Slimes","floor":1,"turns":3},{"damage":0,"enemies":"Cultist","floor":3,"turns":3},{"damage":0,"enemies":"2 Louse","floor":5,"turns":5},{"damage":27,"enemies":"Gremlin Nob","floor":6,"turns":4},{"damage":13,"enemies":"3 Sentries","floor":8,"turns":8},{"damage":9,"enemies":"Lagavulin","floor":11,"turns":8},{"damage":2,"enemies":"Slime Boss","floor":16,"turns":10},{"damage":0,"enemies":"Shell Parasite","floor":18,"turns":8},{"damage":11,"enemies":"Chosen","floor":19,"turns":7},{"damage":3,"enemies":"Snecko","floor":22,"turns":6},{"damage":10,"enemies":"Centurion and Healer","floor":24,"turns":6},{"damage":34,"enemies":"Slavers","floor":27,"turns":8},{"damage":7,"enemies":"Shelled Parasite and Fungi","floor":29,"turns":7},{"damage":12,"enemies":"Gremlin Leader","floor":31,"turns":8},{"damage":13,"enemies":"Collector","floor":33,"turns":8},{"damage":13,"enemies":"Orb Walker","floor":35,"turns":5},{"damage":5,"enemies":"3 Shapes","floor":36,"turns":6},{"damage":26,"enemies":"3 Darklings","floor":37,"turns":7},{"damage":24,"enemies":"Jaw Worm Horde","floor":39,"turns":6},{"damage":3,"enemies":"Orin","floor":44,"turns":8},{"damage":0,"enemies":"Giant Head","floor":45,"turns":4},{"damage":12,"enemies":"Spire Growth","floor":47,"turns":4},{"damage":36,"enemies":"Donu and Deca","floor":50,"turns":6}],"seed_played":"7700231144611158856","potions_obtained":[{"floor":1,"key":"SpeedPotion"},{"floor":3,"key":"LiquidMemories"},{"floor":8,"key":"SteroidPotion"},{"floor":24,"key":"DuplicationPotion"},{"floor":29,"key":"Dexterity Potion"},{"floor":33,"key":"EssenceOfSteel"},{"floor":36,"key":"LiquidMemories"},{"floor":39,"key":"Regen Potion"},{"floor":45,"key":"FearPotion"}],"is_trial":false,"path_per_floor":["M","$","M","?","M","E","R","E","T","R","E","R","$","?","R","B",null,"M","M","$","?","M","R","M","R","T","E","R","M","$","E","R","B",null,"M","M","M","?","M","R","$","R","T","?","E","T","M","$","R","B",null],"character_chosen":"DEFECT","items_purchased":["Impatience","Gash","CaptainsWheel","Juzu Bracelet","Gash","Bag of Preparation","BootSequence","Dexterity Potion"],"campfire_rested":4,"item_purchase_floors":[13,41,41,41,48,48,48,48],"current_hp_per_floor":[46,46,46,46,46,19,19,6,6,28,19,19,19,9,31,29,64,64,53,53,53,50,50,40,40,40,6,28,21,21,9,31,18,61,48,57,45,45,35,35,35,35,35,52,72,72,75,75,75,65],"gold":32,"neow_bonus":"REMOVE_TWO","is_daily":false,"chose_seed":false,"campfire_upgraded":7,"win_rate":0.0,"timestamp":1612945535,"path_taken":["M","$","M","?","M","E","R","E","T","R","E","R","?","?","R","BOSS","M","M","$","?","M","R","M","R","T","E","R","M","$","E","R","BOSS","M","M","?","?","M","R","$","R","T","?","E","?","M","$","R","BOSS"],"items_purchased_type":["Card","Card","Relic","Relic","Card","Relic","Card","Potion"],"build_version":"2020-12-22","purchased_purges":5,"victory":true,"max_hp_per_floor":[75,75,75,75,75,75,75,75,75,75,75,75,75,75,75,75,75,75,75,75,75,75,75,75,75,75,75,75,75,75,75,75,75,75,75,75,75,75,75,75,75,75,75,75,75,75,75,75,75,75],"card_choices":[{"not_picked":["Aggregate","Redo"],"picked":"Hello World","floor":1},{"not_picked":["Undo","Fusion"],"picked":"Genetic Algorithm","floor":3},{"not_picked":["Glacier","Streamline"],"picked":"Go for the Eyes","floor":5},{"not_picked":["Capacitor","Coolheaded"],"picked":"Hologram","floor":6},{"not_picked":["BootSequence","Loop"],"picked":"Reprogram","floor":8},{"not_picked":["Chill","Leap"],"picked":"Echo Form","floor":11},{"not_picked":["Amplify","Biased Cognition"],"picked":"Core Surge","floor":16},{"not_picked":["Sweeping Beam","Streamline","Compile Driver"],"picked":"SKIP","floor":18},{"not_picked":["Stack","Leap"],"picked":"Recycle","floor":19},{"not_picked":["Coolheaded","Amplify","Steam"],"picked":"SKIP","floor":22},{"not_picked":["Coolheaded","Amplify","Steam"],"picked":"SKIP","floor":22},{"not_picked":["BootSequence+1","Gash"],"picked":"Steam Power","floor":24},{"not_picked":["Lockon","Cold Snap","Turbo+1"],"picked":"SKIP","floor":27},{"not_picked":["Lockon","Cold Snap","Turbo+1"],"picked":"SKIP","floor":27},{"not_picked":["Steam","Storm+1","Leap"],"picked":"SKIP","floor":29},{"not_picked":["Turbo","Beam Cell"],"picked":"Seek","floor":31},{"not_picked":["Multi-Cast","Amplify"],"picked":"Echo Form","floor":33},{"not_picked":["Turbo+1","Streamline"],"picked":"Self Repair","floor":35},{"not_picked":["Redo","Stack","Cold Snap"],"picked":"SKIP","floor":36},{"not_picked":["Chaos","Capacitor+1"],"picked":"Gash","floor":37},{"not_picked":["Cold Snap","Coolheaded"],"picked":"Recycle+1","floor":39},{"not_picked":["Redo","Buffer"],"picked":"Scrape","floor":44},{"not_picked":["Coolheaded","Leap","Storm+1"],"picked":"SKIP","floor":45},{"not_picked":["Go for the Eyes","Self Repair+1","Turbo"],"picked":"SKIP","floor":47}],"player_experience":1221848,"relics_obtained":[{"floor":6,"key":"Ice Cream"},{"floor":8,"key":"Akabeko"},{"floor":9,"key":"Bottled Flame"},{"floor":11,"key":"TungstenRod"},{"floor":26,"key":"Sundial"},{"floor":27,"key":"Lantern"},{"floor":31,"key":"Orichalcum"},{"floor":37,"key":"wanderingMiniBosses:MasterThiefsPresence"},{"floor":43,"key":"Potion Belt"},{"floor":44,"key":"CatCart"},{"floor":45,"key":"Frozen Egg 2"},{"floor":45,"key":"Bird Faced Urn"},{"floor":46,"key":"Pocketwatch"}],"event_choices":[{"damage_healed":0,"gold_gain":0,"player_choice":"Bought 0 Potions","damage_taken":0,"max_hp_gain":0,"max_hp_loss":0,"event_name":"The Woman in Blue","floor":4,"gold_loss":0},{"damage_healed":0,"gold_gain":75,"player_choice":"Gather Gold","damage_taken":11,"max_hp_gain":0,"max_hp_loss":0,"event_name":"World of Goop","floor":14,"gold_loss":0},{"damage_healed":0,"gold_gain":0,"player_choice":"Forge","damage_taken":0,"max_hp_gain":0,"max_hp_loss":0,"event_name":"Accursed Blacksmith","floor":21,"gold_loss":0,"cards_upgraded":["Recycle"]},{"damage_healed":0,"gold_gain":0,"player_choice":"Upgraded","damage_taken":0,"max_hp_gain":0,"max_hp_loss":0,"event_name":"Upgrade Shrine","floor":38,"gold_loss":0,"cards_upgraded":["Echo Form"]},{"damage_healed":0,"gold_gain":0,"player_choice":"Fight","damage_taken":0,"max_hp_gain":0,"max_hp_loss":0,"event_name":"OrinTheCat","floor":44,"gold_loss":0}],"is_beta":false,"boss_relics":[{"not_picked":["Coffee Dripper","Runic Pyramid"],"picked":"SlaversCollar"},{"not_picked":["Fusion Hammer","Nuclear Battery"],"picked":"Black Star"}],"items_purged_floors":[2,13,20,41,48],"is_endless":false,"potions_floor_spawned":[1,3,8,24,29,33,36,39,45],"ascension_level":12}}