{"host":"k87gk30kzrxagk11","time":1612984399,"event":{"mods":["BaseMod","Googly Eyes","Hermit","Infinite Spire","Minty Spire (QoL Compilation)","Replay The Spire","StSLib","The Bug Knight","The Cursed"],"gold_per_floor":[115,115,115,55,66,91,103,120,145,145,56,75,75,103,103,199,199,211,224,224,224,237,237,237,22,22,121,146,2,35,49,75,88,88,185,185,205,218,80,80,80,80,90,90,90,90,90,90],"floor_reached":47,"language":"ENG","playtime":3044,"items_purged":["Strike_R","Strike_R"],"score":471,"play_id":"8a98afef-d534-4be4-b5cf-eeb51f4de587","local_time":"20210210121319","is_ascension_mode":false,"campfire_choices":[{"floor":10,"key":"REST"},{"floor":13,"key":"REST"},{"data":"ReplayTheSpireMod:Black Plague","floor":15,"key":"SMITH"},{"floor":26,"key":"REST"},{"data":"Infernal Blade","floor":34,"key":"SMITH"},{"data":"Infernal Blade","floor":42,"key":"SMITH"},{"data":"Anger","floor":44,"key":"SMITH"},{"data":"Deep Breath","floor":46,"key":"SMITH"}],"circlet_count":0,"master_deck":["Strike_R","Strike_R+1","Defend_R","Defend_R","Defend_R","Defend_R","Bash+1","Whirlwind+1","ReplayTheSpireMod:Black Plague+1","Infernal Blade+1","Infernal Blade+1","Armaments","Ghostly Armor","Second Wind+1","Deep Breath+1","Replay:Many Hands+1","Clash","Bludgeon","Iron Wave","Battle Trance","Anger+1","Flash of Steel+1","Flame Barrier","Hemogenesis","Feel No Pain","Warcry+1"],"relics":["Burning Blood","Oddly Smooth Stone","Gremlin Food","Red Skull","Sozu","TungstenRod","Whetstone","King of Hearts","Centennial Puzzle","Smiling Mask","Philosopher\u0027s Stone","ReplayTheSpireMod:CursedCoin","Bottled Flame","Ring of Chaos","ReplayTheSpireMod:Ring of Challenge","Iron Hammer"],"acts_visited":["Exordium","TheCity","TheBeyond"],"potions_floor_usage":[17],"damage_taken":[{"damage":6,"enemies":"2 Louse","floor":1,"turns":2},{"damage":5,"enemies":"Small Slimes","floor":5,"turns":3},{"damage":40,"enemies":"Gremlin Nob","floor":6,"turns":5},{"damage":0,"enemies":"Cultist","floor":7,"turns":3},{"damage":4,"enemies":"Exordium Wildlife","floor":8,"turns":3},{"damage":13,"enemies":"Exordium Thugs","floor":12,"turns":5},{"damage":20,"enemies":"HollowMod:MossKnight","floor":14,"turns":9},{"damage":31,"enemies":"The Guardian","floor":16,"turns":8},{"damage":0,"enemies":"Chosen","floor":18,"turns":2},{"damage":26,"enemies":"Spheric Guardian","floor":19,"turns":5},{"damage":18,"enemies":"Snecko","floor":22,"turns":4},{"damage":13,"enemies":"Nightmare","floor":30,"turns":6},{"damage":0,"enemies":"Centurion and Healer","floor":31,"turns":4},{"damage":16,"enemies":"Gremlin Leader","floor":32,"turns":6},{"damage":0,"enemies":"Chosen and Byrds","floor":33,"turns":3},{"damage":48,"enemies":"Champ","floor":35,"turns":8},{"damage":9,"enemies":"3 Shapes","floor":37,"turns":3},{"damage":7,"enemies":"3 Darklings","floor":38,"turns":3},{"damage":11,"enemies":"Sphere and 2 Shapes","floor":43,"turns":4},{"damage":171,"enemies":"Spire Growth","floor":47,"turns":4}],"seed_played":"-9192530507346182308","potions_obtained":[{"floor":7,"key":"SkillPotion"},{"floor":8,"key":"BloodPotion"},{"floor":14,"key":"Block Potion"}],"is_trial":false,"path_per_floor":["M","?","?","$","M","E","M","M","T","R","$","M","R","E","R","B",null,"M","M","PTL","PTL","M","?","T","$","R","?","T","$","NM","M","E","M","R","B",null,"M","M","$","?","?","R","M","R","T","R","M"],"character_chosen":"IRONCLAD","items_purchased":["Infernal Blade","Deep Breath","Anger","Flash of Steel","King of Hearts","ReplayTheSpireMod:CursedCoin","Bottled Flame"],"campfire_rested":3,"item_purchase_floors":[4,11,25,25,29,39,39],"current_hp_per_floor":[80,60,60,60,61,27,33,35,35,59,59,52,76,62,62,37,80,80,60,60,60,48,33,33,33,58,58,58,58,51,57,47,53,53,11,85,82,81,81,81,81,81,80,80,80,80,0,0],"gold":90,"neow_bonus":"UPGRADE_CARD","is_daily":false,"chose_seed":false,"campfire_upgraded":5,"win_rate":0.0,"timestamp":1612984399,"path_taken":["M","?","?","$","?","E","M","?","T","R","$","M","R","E","R","BOSS","M","M","PTL","PTL","M","?","?","$","R","?","T","?","NM","?","E","M","R","BOSS","M","M","$","?","?","R","M","R","T","R","M"],"items_purchased_type":["Card","Card","Card","Card","Relic","Relic","Relic"],"build_version":"2020-12-22","purchased_purges":2,"victory":false,"max_hp_per_floor":[80,80,80,80,80,80,80,80,80,80,80,80,80,80,80,80,80,80,80,80,80,80,85,85,85,85,85,85,85,85,85,85,85,85,85,85,85,85,85,85,85,85,85,85,85,85,85,85],"card_choices":[{"not_picked":["Power Through","Intimidate"],"picked":"Whirlwind","floor":1},{"not_picked":["infinitespire:Gouge","infinitespire:Fortify"],"picked":"ReplayTheSpireMod:Black Plague","floor":2},{"not_picked":["True Grit","Iron Wave"],"picked":"Armaments","floor":5},{"not_picked":["Wild Strike","Twin Strike","Thunderclap"],"picked":"SKIP","floor":6},{"not_picked":["Wild Strike","Armaments"],"picked":"Ghostly Armor","floor":7},{"not_picked":["Cleave","Thunderclap"],"picked":"Second Wind","floor":8},{"not_picked":["Heavy Blade","Cleave"],"picked":"Replay:Many Hands","floor":12},{"not_picked":["Rupture","Whirlwind"],"picked":"Clash","floor":14},{"not_picked":["Barricade","Demon Form"],"picked":"Bludgeon","floor":16},{"not_picked":["ReplayTheSpireMod:Muscle Training","Pummel"],"picked":"Iron Wave","floor":18},{"not_picked":["Massacre+1","Run Through","Twin Strike"],"picked":"SKIP","floor":19},{"not_picked":["Thunderclap+1","Perfected Strike+1"],"picked":"Battle Trance","floor":22},{"not_picked":["Wild Strike","True Grit"],"picked":"Flame Barrier","floor":30},{"not_picked":["Clothesline","Havoc","Dropkick+1"],"picked":"SKIP","floor":31},{"not_picked":["Shockwave","Thunderclap","True Grit"],"picked":"SKIP","floor":32},{"not_picked":["Rampage","ReplayReversal","Twin Strike"],"picked":"SKIP","floor":33},{"not_picked":["Juggernaut","Demon Form"],"picked":"Hemogenesis","floor":35},{"not_picked":["ReplayTheSpireMod:Corrosion Curse","Headbutt"],"picked":"Feel No Pain","floor":37},{"not_picked":["Run Through","Iron Wave+1"],"picked":"ReplayTheSpireMod:Strike From Hell+1","floor":38},{"not_picked":["Run Through+1","Armaments+1"],"picked":"Warcry+1","floor":43}],"player_experience":103121,"relics_obtained":[{"floor":6,"key":"Oddly Smooth Stone"},{"floor":9,"key":"Gremlin Food"},{"floor":14,"key":"Red Skull"},{"floor":24,"key":"TungstenRod"},{"floor":28,"key":"Whetstone"},{"floor":30,"key":"Centennial Puzzle"},{"floor":32,"key":"Smiling Mask"},{"floor":40,"key":"Ring of Chaos"},{"floor":40,"key":"ReplayTheSpireMod:Ring of Challenge"},{"floor":45,"key":"Iron Hammer"}],"event_choices":[{"cards_removed":["Strike_R"],"damage_healed":0,"gold_gain":0,"player_choice":"Offered Basic","damage_taken":0,"max_hp_gain":0,"max_hp_loss":0,"event_name":"Bonfire Elementals","floor":3,"gold_loss":0},{"damage_healed":0,"gold_gain":0,"player_choice":"Shed Blood","damage_taken":20,"max_hp_gain":5,"max_hp_loss":0,"event_name":"Forgotten Altar","floor":23,"gold_loss":0},{"damage_healed":0,"gold_gain":99,"player_choice":"Stole From Cult","damage_taken":0,"max_hp_gain":0,"max_hp_loss":0,"event_name":"Nest","floor":27,"gold_loss":0},{"cards_removed":["ReplayTheSpireMod:Strike From Hell"],"damage_healed":0,"gold_gain":0,"player_choice":"Removed Attack","damage_taken":0,"max_hp_gain":0,"max_hp_loss":0,"event_name":"Falling","floor":41,"gold_loss":0}],"is_beta":false,"boss_relics":[{"not_picked":["Mark of Pain","Replay:Drink Me"],"picked":"Sozu"},{"not_picked":["Replay:Ancient Bell","Runic Dome"],"picked":"Philosopher\u0027s Stone"}],"items_purged_floors":[25,39],"is_endless":false,"potions_floor_spawned":[7,8,14,18,31,32],"killed_by":"Spire Growth","ascension_level":0}}