{"host":"fxrgx7wt2cpkbhka","time":1612953391,"event":{"mods":["AchievementEnabler","BaseMod","Colored Powertips","Dark Map","Minty Spire (QoL Compilation)","Permanent Neow","Quick Restart","Slay-I","StSLib","Waifu the Spire"],"gold_per_floor":[109,109,15,29,29,60,60,60,60,90,22,22,41,41,41,137,137,148,148,148,160,160,160,160,160],"floor_reached":24,"language":"ENG","playtime":746,"items_purged":[],"score":335,"play_id":"550165d5-6b72-4974-898d-fa99fab412eb","local_time":"20210210023631","is_ascension_mode":true,"campfire_choices":[{"floor":8,"key":"REST"},{"floor":15,"key":"REST"},{"floor":23,"key":"REST"}],"circlet_count":0,"master_deck":["AscendersBane","Strike_G","Strike_G","Strike_G","Defend_G","Defend_G","Defend_G","Defend_G","Survivor","Neutralize","Bouncing Flask","Cloak And Dagger","Sucker Punch","Dagger Spray","Footwork+1","Sucker Punch","Footwork","Die Die Die","Deflect+1","Noxious Fumes+1","Quick Slash+1","Deadly Poison+1","Ghostly","Ghostly","Ghostly","Ghostly","Ghostly"],"relics":["Ring of the Snake","Mummified Hand","Letter Opener","Omamori","Astrolabe","Necronomicon"],"acts_visited":["Exordium","TheCity"],"potions_floor_usage":[6,10,10,10,16],"damage_taken":[{"damage":4,"enemies":"Jaw Worm","floor":1,"turns":4},{"damage":0,"enemies":"Cultist","floor":4,"turns":6},{"damage":45,"enemies":"Gremlin Nob","floor":6,"turns":6},{"damage":6,"enemies":"3 Sentries","floor":10,"turns":7},{"damage":13,"enemies":"2 Louse","floor":13,"turns":3},{"damage":23,"enemies":"The Guardian","floor":16,"turns":13},{"damage":22,"enemies":"Spheric Guardian","floor":18,"turns":4},{"damage":8,"enemies":"Shell Parasite","floor":21,"turns":5},{"damage":23,"enemies":"Gremlin Leader","floor":24,"turns":8}],"seed_played":"5561375492479066367","potions_obtained":[{"floor":1,"key":"Explosive Potion"},{"floor":2,"key":"EntropicBrew"},{"floor":10,"key":"PowerPotion"},{"floor":13,"key":"Dexterity Potion"},{"floor":21,"key":"SteroidPotion"}],"is_trial":false,"path_per_floor":["M","?","$","M","$","E","?","R","T","E","$","?","M","?","R","B",null,"M","?","?","M","?","R","E"],"character_chosen":"THE_SILENT","items_purchased":["Sucker Punch","Dagger Spray","Footwork"],"campfire_rested":3,"item_purchase_floors":[3,3,11],"current_hp_per_floor":[59,59,59,59,59,14,14,35,35,29,29,29,16,33,54,31,60,38,22,22,14,14,24,1,1],"gold":160,"neow_bonus":"THREE_CARDS","is_daily":false,"chose_seed":false,"campfire_upgraded":0,"win_rate":0.0,"timestamp":1612953391,"path_taken":["M","?","$","M","?","E","?","R","T","E","$","?","M","?","R","BOSS","M","?","?","?","?","R","E"],"items_purchased_type":["Card","Card","Card"],"build_version":"2020-12-22","purchased_purges":0,"victory":false,"max_hp_per_floor":[70,70,70,70,70,70,70,70,70,70,70,70,70,70,70,70,70,70,70,70,70,35,35,35,35],"card_choices":[{"not_picked":["Endless Agony","Sucker Punch"],"picked":"Bouncing Flask","floor":0},{"not_picked":["Well Laid Plans","Predator"],"picked":"Cloak And Dagger","floor":1},{"not_picked":["PiercingWail","Poisoned Stab"],"picked":"Footwork","floor":4},{"not_picked":["Dagger Throw","Heel Hook"],"picked":"Sucker Punch","floor":6},{"not_picked":["Outmaneuver","Underhanded Strike","Heel Hook"],"picked":"SKIP","floor":10},{"not_picked":["PiercingWail","Flying Knee","Tactician"],"picked":"SKIP","floor":13},{"not_picked":["Burst","Grand Finale"],"picked":"Die Die Die","floor":16},{"not_picked":["Quick Slash","Dodge and Roll"],"picked":"Deadly Poison+1","floor":18},{"not_picked":["Dagger Spray","Venomology","Concentrate"],"picked":"SKIP","floor":21}],"player_experience":760272,"relics_obtained":[{"floor":6,"key":"Mummified Hand"},{"floor":9,"key":"Letter Opener"},{"floor":10,"key":"Omamori"},{"floor":19,"key":"Necronomicon"}],"event_choices":[{"damage_healed":0,"gold_gain":0,"player_choice":"Got Potions","damage_taken":0,"max_hp_gain":0,"max_hp_loss":0,"event_name":"Lab","floor":2,"gold_loss":0},{"damage_healed":0,"gold_gain":0,"player_choice":"Grow","damage_taken":0,"max_hp_gain":0,"max_hp_loss":0,"event_name":"Living Wall","floor":7,"gold_loss":0,"cards_upgraded":["Footwork"]},{"damage_healed":0,"gold_gain":0,"player_choice":"Ignored","damage_taken":0,"max_hp_gain":0,"max_hp_loss":0,"event_name":"Golden Idol","floor":12,"gold_loss":0},{"damage_healed":17,"gold_gain":0,"player_choice":"Healed and dodged fight","damage_taken":0,"max_hp_gain":0,"max_hp_loss":0,"event_name":"Mushrooms","floor":14,"gold_loss":0,"cards_obtained":["Parasite"]},{"damage_healed":0,"gold_gain":0,"player_choice":"Obtained Book","damage_taken":16,"max_hp_gain":0,"max_hp_loss":0,"event_name":"Cursed Tome","floor":19,"gold_loss":0},{"damage_healed":0,"gold_gain":0,"player_choice":"0 cards matched","damage_taken":0,"max_hp_gain":0,"max_hp_loss":0,"event_name":"Match and Keep!","floor":20,"gold_loss":0,"cards_obtained":[]},{"damage_healed":0,"gold_gain":0,"player_choice":"Became a Ghost","damage_taken":0,"max_hp_gain":0,"max_hp_loss":35,"event_name":"Ghosts","floor":22,"gold_loss":0,"cards_obtained":["Ghostly","Ghostly","Ghostly","Ghostly","Ghostly"]}],"is_beta":false,"boss_relics":[{"not_picked":["SlaversCollar","Velvet Choker"],"picked":"Astrolabe"}],"items_purged_floors":[],"is_endless":false,"potions_floor_spawned":[1,10,13,21],"killed_by":"Gremlin Leader","ascension_level":11}}