{"host":"wppa8gky53tnknhf","time":1612960246,"event":{"mods":["AchievementEnabler","Act Like it!","BaseMod","Better Third Choice","BetterRewards","Card Forge","Colored Powertips","Energized Spire","Hubris","Infinite Spire","Marked Mod","Minty Spire (QoL Compilation)","Permanent Neow","Quick Restart","Rare Cards Sparkle","Relic Stats","Reliquary","Remove Card Discount Mod","Replay The Spire","Spikes Relics","Spire Birthday Party","StSLib","Wandering Minibosses"],"gold_per_floor":[119,135,146,166,87,117,117,143,143,143,143,143,168,187,187,283,283,245,245,263,225,107,107,142,159,159,184,184,212,212,337,337,442,442,454,454,518,518,536,561,575,589,589,621,674,674,674,704,704,704,704,704,101,126,126],"floor_reached":56,"language":"ENG","playtime":1849,"items_purged":[],"score":1876,"play_id":"a71db4db-8112-43c5-bfe7-ce406a24cae2","local_time":"20210210123046","is_ascension_mode":true,"campfire_choices":[{"floor":7.0,"key":"RECALL"},{"floor":32.0,"key":"REST"}],"circlet_count":0,"master_deck":["Strike_R+1","Strike_R+1","Strike_R+1","Strike_R+1","Strike_R+1","Defend_R+1","Defend_R+1","Defend_R+1","Defend_R+1","Bash+1","Barricade+1","Body Slam+1","Clash+1","Inflame+1","Body Slam+1","Heavy Blade+1","hubris:StunningStrike+1","Cleave+1","Entrench+1","Shrug It Off+1","Metallicize+1","Iron Wave+1","Twin Strike+1","Infernal Blade+1","Perfected Strike+1","Shrug It Off+1","Berserk+1","Clash+1","Shrug It Off+1","BlessedFruit+1","BlessedFruit+1","Spot Weakness+1","Shrug It Off+1","infinitespire:Gouge+1","infinitespire:Punishment+1","infinitespire:SevenWalls+1","infinitespire:UltimateForm+1","Intimidate+1","Entrench+1"],"relics":["Burning Blood","Hammer of Thor","Seething Fire","Anvil of the Gods","FossilizedHelix","Chameleon Ring","hubris:Icosahedron","Mango","Painkiller Herb","hubris:Metronome","Matryoshka","infinitespire:Golems Mask","Art of War","Garlic","Blue Doll","CosmicIsotope","hubris:IronBody","HeavenlyBonsai","infinitespire:CursedDice","The Courier","infinitespire:CheckeredPen","Champion Belt","Pen Nib","reliquary:PrincelyHelmet","hubris:EmptyBottle","hubris:PeanutButter","Bottled Tornado"],"acts_visited":["Exordium","TheCity","TheBeyond","TheEnding"],"potions_floor_usage":[39,39,42,52,55,55,55,55],"damage_taken":[{"damage":6.0,"enemies":"Cultist","floor":1.0,"turns":3.0},{"damage":3.0,"enemies":"Jaw Worm","floor":2.0,"turns":4.0},{"damage":0.0,"enemies":"Small Slimes","floor":3.0,"turns":3.0},{"damage":4.0,"enemies":"Exordium Thugs","floor":4.0,"turns":4.0},{"damage":0.0,"enemies":"Lagavulin","floor":6.0,"turns":4.0},{"damage":0.0,"enemies":"Gremlin Nob","floor":8.0,"turns":3.0},{"damage":0.0,"enemies":"Lagavulin","floor":13.0,"turns":5.0},{"damage":0.0,"enemies":"Looter","floor":14.0,"turns":1.0},{"damage":0.0,"enemies":"Fading Forest","floor":16.0,"turns":11.0},{"damage":21.0,"enemies":"3 Byrds","floor":18.0,"turns":8.0},{"damage":0.0,"enemies":"Shell Parasite","floor":20.0,"turns":3.0},{"damage":12.0,"enemies":"Snake Plant","floor":21.0,"turns":4.0},{"damage":0.0,"enemies":"Gremlin Leader","floor":24.0,"turns":5.0},{"damage":0.0,"enemies":"Chosen and Byrds","floor":25.0,"turns":6.0},{"damage":0.0,"enemies":"Book of Stabbing","floor":27.0,"turns":4.0},{"damage":35.0,"enemies":"Slavers","floor":29.0,"turns":6.0},{"damage":0.0,"enemies":"Replay:Snechameleon","floor":31.0,"turns":4.0},{"damage":0.0,"enemies":"Collector","floor":33.0,"turns":5.0},{"damage":0,"enemies":"3 Shapes","floor":35,"turns":2},{"damage":1,"enemies":"3 Darklings","floor":37,"turns":6},{"damage":0,"enemies":"Transient","floor":39,"turns":5},{"damage":0,"enemies":"Reptomancer","floor":40,"turns":5},{"damage":0,"enemies":"4 Shapes","floor":41,"turns":6},{"damage":0,"enemies":"Spire Growth","floor":42,"turns":4},{"damage":0,"enemies":"Giant Head","floor":44,"turns":6},{"damage":3,"enemies":"Reptomancer","floor":48,"turns":5},{"damage":25,"enemies":"Donu and Deca","floor":50,"turns":9},{"damage":0,"enemies":"Shield and Spear","floor":54,"turns":4},{"damage":4,"enemies":"The Heart","floor":55,"turns":7}],"seed_played":"6234279132689497201","potions_obtained":[{"floor":1.0,"key":"FearPotion"},{"floor":3.0,"key":"Adrenaline Potion"},{"floor":15.0,"key":"EntropicBrew"},{"floor":15.0,"key":"EssenceOfSteel"},{"floor":16.0,"key":"Dexterity Potion"},{"floor":20.0,"key":"AttackPotion"},{"floor":23.0,"key":"Ancient Potion"},{"floor":23.0,"key":"SkillPotion"},{"floor":25.0,"key":"LifebloodPotion"},{"floor":28.0,"key":"Strength Potion"},{"floor":28.0,"key":"CultistPotion"},{"floor":33.0,"key":"Swift Potion"},{"floor":35,"key":"Languid Potion"},{"floor":37,"key":"AttackPotion"},{"floor":45,"key":"ElixirPotion"},{"floor":48,"key":"GamblersBrew"},{"floor":49,"key":"FairyPotion"},{"floor":52,"key":"Fruit Juice"},{"floor":52,"key":"FearPotion"}],"is_trial":false,"path_per_floor":["M","M","M","M","$","E","R","E","T","?","$","?","E","M","R","B",null,"?","?","?","?","T","T","E","?","T","E","T","E","T","E","T","B",null,"?","?","?","?","?","E","?","?","T","E","?","?","AVR","E","T","B",null,"T","T","E","B",null],"character_chosen":"IRONCLAD","items_purchased":["Inflame","Metallicize","Iron Wave","Entrench+1","reliquary:PrincelyHelmet","hubris:EmptyBottle","hubris:PeanutButter","Block Potion"],"campfire_rested":1,"item_purchase_floors":[5,22,22,53,53,53,53,53],"current_hp_per_floor":[80,80,80,80,80,80,80,80,80,80,80,80,94,94,94,94,94,79,79,85,79,79,79,85,94,94,94,94,65,65,71,94,94,94,94,94,94,94,94,94,96,98,98,100,75,75,75,82,82,67,108,115,115,117,119],"gold":126,"neow_bonus":"ONE_RANDOM_RARE_CARD","is_daily":false,"chose_seed":false,"campfire_upgraded":0,"win_rate":0.0,"timestamp":1612960246,"path_taken":["M","M","M","M","$","E","R","E","T","?","$","?","E","M","R","BOSS","?","?","?","?","T","T","E","?","T","E","T","E","?","E","T","BOSS","?","?","?","?","?","E","?","?","T","E","?","?","AVR","E","T","BOSS","T","T","E","BOSS"],"items_purchased_type":["Card","Card","Card","Card","Relic","Relic","Relic","Potion"],"build_version":"2020-12-22","purchased_purges":0,"victory":true,"max_hp_per_floor":[80,80,80,80,80,80,80,80,80,80,80,80,94,94,94,94,94,94,94,94,94,94,94,94,94,94,94,94,94,94,94,94,94,94,94,94,94,94,94,94,96,98,98,100,100,100,100,104,104,108,108,115,115,117,119],"relic_stats":{"counters":[29,142],"Pen Nib":[4],"Art of War":[4],"Champion Belt":[5],"obtain_stats":[{"hubris:Metronome":24,"reliquary:PrincelyHelmet":53,"Mango":13,"Painkiller Herb":17,"Blue Doll":31,"Hammer of Thor":0,"HeavenlyBonsai":40,"hubris:EmptyBottle":53,"Bottled Tornado":54,"Burning Blood":0,"Chameleon Ring":8,"hubris:Icosahedron":12,"Matryoshka":27,"infinitespire:Golems Mask":29,"hubris:IronBody":9,"infinitespire:CursedDice":43,"The Courier":44,"Pen Nib":48,"Seething Fire":0,"infinitespire:CheckeredPen":45,"Anvil of the Gods":0,"hubris:PeanutButter":53,"Art of War":30,"Garlic":30,"CosmicIsotope":34,"Champion Belt":47,"FossilizedHelix":6},{"hubris:Metronome":13,"reliquary:PrincelyHelmet":27,"Mango":7,"Painkiller Herb":9,"Blue Doll":17,"Hammer of Thor":0,"HeavenlyBonsai":22,"hubris:EmptyBottle":27,"Bottled Tornado":28,"Burning Blood":0,"Chameleon Ring":6,"hubris:Icosahedron":6,"Matryoshka":15,"infinitespire:Golems Mask":16,"hubris:IronBody":6,"infinitespire:CursedDice":24,"The Courier":25,"Pen Nib":26,"Seething Fire":0,"infinitespire:CheckeredPen":25,"Anvil of the Gods":0,"hubris:PeanutButter":27,"Art of War":16,"Garlic":16,"CosmicIsotope":18,"Champion Belt":25,"FossilizedHelix":5},{"hubris:Metronome":58,"reliquary:PrincelyHelmet":131,"Mango":26,"Painkiller Herb":38,"Blue Doll":78,"Hammer of Thor":0,"HeavenlyBonsai":101,"hubris:EmptyBottle":131,"Bottled Tornado":135,"Burning Blood":0,"Chameleon Ring":21,"hubris:Icosahedron":21,"Matryoshka":68,"infinitespire:Golems Mask":74,"hubris:IronBody":21,"infinitespire:CursedDice":111,"The Courier":117,"Pen Nib":122,"Seething Fire":0,"infinitespire:CheckeredPen":117,"Anvil of the Gods":0,"hubris:PeanutButter":131,"Art of War":74,"Garlic":74,"CosmicIsotope":83,"Champion Belt":117,"FossilizedHelix":18}],"Burning Blood":66},"card_choices":[{"not_picked":["Replay:Undeath\u0027s Touch","True Grit","Reckless Charge"],"picked":"SKIP","floor":1.0},{"not_picked":["Havoc","Wild Strike"],"picked":"Body Slam","floor":2.0},{"not_picked":["Headbutt","Massacre"],"picked":"Clash","floor":3.0},{"not_picked":["Wild Strike","True Grit"],"picked":"Perfected Strike","floor":4.0},{"not_picked":["Combust","Reaper","Headbutt"],"picked":"SKIP","floor":6.0},{"not_picked":["hubris:ReadiedAction","Twin Strike"],"picked":"Body Slam","floor":8.0},{"not_picked":["Flex","Invigoration","Headbutt"],"picked":"SKIP","floor":13.0},{"not_picked":["Rampage","Clothesline"],"picked":"Heavy Blade","floor":14.0},{"not_picked":["Hemogenesis","Immolate"],"picked":"hubris:StunningStrike","floor":16.0},{"not_picked":["Second Wind+1","Headbutt","Sword Boomerang"],"picked":"SKIP","floor":18.0},{"not_picked":["Bloodletting","Shockwave+1"],"picked":"Entrench","floor":20.0},{"not_picked":["Havoc","Clash"],"picked":"Shrug It Off+1","floor":21.0},{"not_picked":["ReplayTheSpireMod:Stacked","Anger"],"picked":"Twin Strike","floor":24.0},{"not_picked":["Twin Strike+1","Pommel Strike+1"],"picked":"Infernal Blade","floor":25.0},{"not_picked":["Battle Trance","ReplayTheSpireMod:Muscle Training+1","hubris:ReadiedAction"],"picked":"SKIP","floor":27.0},{"not_picked":["hubris:SharpeningStone","hubris:ReadiedAction+1"],"picked":"Perfected Strike","floor":29.0},{"not_picked":["Replay:Undeath\u0027s Touch","Offering"],"picked":"Shrug It Off","floor":31.0},{"not_picked":["Replay:Many Hands","Feed"],"picked":"Berserk","floor":33.0},{"not_picked":["Sword Boomerang","Seeing Red"],"picked":"Clash","floor":35},{"not_picked":["True Grit+1","Flex+1"],"picked":"Shrug It Off","floor":37},{"not_picked":["Headbutt","Havoc+1","Dropkick"],"picked":"SKIP","floor":39},{"not_picked":["Feel No Pain+1","ReplayReversal+1","Burning Pact+1"],"picked":"SKIP","floor":40},{"not_picked":["ReplayTheSpireMod:Strike From Hell+1","Body Slam"],"picked":"Spot Weakness","floor":41},{"not_picked":["Rampage","Pommel Strike"],"picked":"Shrug It Off+1","floor":42},{"not_picked":["Run Through+1","Rupture","Burning Pact"],"picked":"SKIP","floor":44},{"not_picked":["Offering","Pommel Strike"],"picked":"Intimidate+1","floor":48},{"not_picked":["Life Link","Ghostly Armor+1","Reckless Charge"],"picked":"SKIP","floor":54}],"player_experience":720640,"relics_obtained":[{"floor":6.0,"key":"FossilizedHelix"},{"floor":8.0,"key":"Chameleon Ring"},{"floor":9.0,"key":"hubris:IronBody"},{"floor":13.0,"key":"Mango"},{"floor":24.0,"key":"hubris:Metronome"},{"floor":27.0,"key":"Matryoshka"},{"floor":29.0,"key":"infinitespire:Golems Mask"},{"floor":30.0,"key":"Art of War"},{"floor":30.0,"key":"Garlic"},{"floor":31.0,"key":"Blue Doll"},{"floor":37,"key":"hubris:IronBody"},{"floor":40,"key":"HeavenlyBonsai"},{"floor":43,"key":"infinitespire:CursedDice"},{"floor":44,"key":"The Courier"},{"floor":45,"key":"infinitespire:CheckeredPen"},{"floor":48,"key":"Pen Nib"},{"floor":54,"key":"Bottled Tornado"}],"event_choices":[{"damage_healed":0.0,"max_hp_gain":0.0,"max_hp_loss":0.0,"gold_gain":0.0,"event_name":"The Cleric","player_choice":"Leave","floor":10.0,"gold_loss":0.0,"damage_taken":0.0},{"cards_removed":["Perfected Strike"],"damage_healed":0,"gold_gain":0,"player_choice":"Removed Attack","damage_taken":0,"max_hp_gain":0,"max_hp_loss":0,"event_name":"Falling","floor":36,"gold_loss":0},{"damage_healed":0,"gold_gain":0,"player_choice":"Bought 0 Potions","damage_taken":0,"max_hp_gain":0,"max_hp_loss":0,"event_name":"The Woman in Blue","floor":38,"gold_loss":0},{"damage_healed":0,"gold_gain":0,"player_choice":"Upgraded","damage_taken":0,"max_hp_gain":0,"max_hp_loss":0,"event_name":"Upgrade Shrine","floor":46,"gold_loss":0,"cards_upgraded":["Spot Weakness"]}],"is_beta":false,"boss_relics":[{"not_picked":["Sandwich","ReplayTheSpireMod:DimensionalGlitch"],"picked":"Painkiller Herb"},{"not_picked":["HailfireSword","Replay:Ancient Bell"],"picked":"CosmicIsotope"}],"items_purged_floors":[],"is_endless":false,"potions_floor_spawned":[1,3,16,20,25,29,33,35,37,48],"ascension_level":1}}