{"host":"h4lp0eeso8a0ssq0","time":1612932540,"event":{"mods":["2.2 Compatiblity","AchievementEnabler","BaseMod","CapriCore","Colored Map","Minty Spire (QoL Compilation)","StSLib","SuperFastMode"],"gold_per_floor":[14,33,33,33,43,43,76,76,76,126,145,155,155,172,172,243,243,262,279,33,46,57,57,57],"floor_reached":23,"language":"KOR","playtime":543,"items_purged":["Strike_G"],"score":380,"play_id":"ac7ca02c-870c-489a-8e08-873c6873f270","local_time":"20210210134900","is_ascension_mode":true,"campfire_choices":[{"data":"Poisoned Stab","floor":6.0,"key":"SMITH"},{"data":"Dash","floor":8.0,"key":"SMITH"},{"data":"Backflip","floor":13.0,"key":"SMITH"},{"floor":15.0,"key":"REST"}],"circlet_count":0,"master_deck":["AscendersBane","Strike_G","Defend_G","Defend_G","Defend_G","Defend_G+1","Defend_G+1","Survivor","Neutralize","Dagger Spray","Flying Knee","Masterful Stab","Poisoned Stab+1","Masterful Stab","Dash+1","Backstab","Poisoned Stab","Backflip+1","Backflip","Bullet Time","Prepared","Sucker Punch"],"relics":["Ring of the Snake","Thread and Needle","War Paint","Blue Candle","Philosopher\u0027s Stone","Dream Catcher"],"acts_visited":["Exordium","TheCity"],"potions_floor_usage":[16],"damage_taken":[{"damage":7.0,"enemies":"Small Slimes","floor":1.0,"turns":3.0},{"damage":4.0,"enemies":"Jaw Worm","floor":2.0,"turns":3.0},{"damage":0.0,"enemies":"Cultist","floor":5.0,"turns":3.0},{"damage":4.0,"enemies":"Gremlin Nob","floor":7.0,"turns":3.0},{"damage":0.0,"enemies":"Lots of Slimes","floor":11.0,"turns":2.0},{"damage":0.0,"enemies":"Large Slime","floor":12.0,"turns":4.0},{"damage":0.0,"enemies":"Looter","floor":14.0,"turns":2.0},{"damage":5,"enemies":"Slime Boss","floor":16,"turns":10},{"damage":4,"enemies":"2 Thieves","floor":18,"turns":4},{"damage":8,"enemies":"Chosen","floor":19,"turns":5},{"damage":2,"enemies":"Snake Plant","floor":21,"turns":4},{"damage":16,"enemies":"Snecko","floor":22,"turns":5},{"damage":38,"enemies":"Book of Stabbing","floor":23,"turns":5}],"seed_played":"-3721080873173677678","potions_obtained":[{"floor":1.0,"key":"FearPotion"},{"floor":2.0,"key":"BlessingOfTheForge"},{"floor":7.0,"key":"Dexterity Potion"},{"floor":14.0,"key":"Poison Potion"},{"floor":16,"key":"FearPotion"}],"is_trial":false,"path_per_floor":["M","M","?","?","M","R","E","R","T","?","M","M","R","M","R","B",null,"M","M","$","M","M","E"],"character_chosen":"THE_SILENT","items_purchased":["Dream Catcher"],"campfire_rested":1,"item_purchase_floors":[20],"current_hp_per_floor":[52,48,48,43,43,43,39,39,39,39,39,39,39,39,58,53,63,59,51,51,49,33,0,0],"gold":57,"neow_bonus":"TRANSFORM_TWO_CARDS","is_daily":false,"chose_seed":false,"campfire_upgraded":3,"win_rate":0.0,"timestamp":1612932540,"path_taken":["M","M","?","?","M","R","E","R","T","?","M","M","R","?","R","BOSS","M","M","$","M","M","E"],"items_purchased_type":["Relic"],"build_version":"2020-12-22","purchased_purges":1,"victory":false,"max_hp_per_floor":[66,66,66,66,66,66,66,66,66,66,66,66,66,66,66,66,66,66,66,66,66,66,66,66],"card_choices":[{"not_picked":["Deadly Poison","Infinite Blades"],"picked":"Masterful Stab","floor":1.0},{"not_picked":["Leg Sweep","PiercingWail"],"picked":"Poisoned Stab","floor":2.0},{"not_picked":["Flechettes","Prepared"],"picked":"Dash","floor":5.0},{"not_picked":["Dodge and Roll","Dagger Spray"],"picked":"Backstab","floor":7.0},{"not_picked":["Sucker Punch","Cloak And Dagger"],"picked":"Poisoned Stab","floor":11.0},{"not_picked":["Quick Slash","Deflect"],"picked":"Backflip","floor":12.0},{"not_picked":["Well Laid Plans","Concentrate"],"picked":"Backflip","floor":14.0},{"not_picked":["Unload","Venomology"],"picked":"Bullet Time","floor":16},{"not_picked":["Cloak And Dagger","Dash","Dagger Spray"],"picked":"SKIP","floor":18},{"not_picked":["Cloak And Dagger","Dash"],"picked":"Prepared","floor":19},{"not_picked":["Slice","Dodge and Roll+1","Underhanded Strike"],"picked":"SKIP","floor":21},{"not_picked":["Predator","Envenom"],"picked":"Sucker Punch","floor":22}],"player_experience":210529,"relics_obtained":[{"floor":7.0,"key":"War Paint"},{"floor":9.0,"key":"Blue Candle"}],"event_choices":[{"damage_healed":0.0,"max_hp_gain":0.0,"max_hp_loss":0.0,"gold_gain":0.0,"cards_transformed":["Strike_G"],"event_name":"Living Wall","player_choice":"Change","floor":3.0,"gold_loss":0.0,"damage_taken":0.0,"cards_obtained":["Masterful Stab"]},{"damage_healed":0.0,"max_hp_gain":0.0,"max_hp_loss":0.0,"gold_gain":0.0,"event_name":"Scrap Ooze","player_choice":"Success","floor":4.0,"gold_loss":0.0,"damage_taken":5.0,"relics_obtained":["Thread and Needle"]},{"damage_healed":0.0,"max_hp_gain":0.0,"max_hp_loss":0.0,"gold_gain":50.0,"event_name":"Golden Shrine","player_choice":"Pray","floor":10.0,"gold_loss":0.0,"damage_taken":0.0}],"is_beta":false,"boss_relics":[{"not_picked":["Tiny House","HoveringKite"],"picked":"Philosopher\u0027s Stone"}],"items_purged_floors":[20],"is_endless":false,"potions_floor_spawned":[1,2,7,14,16,21,22],"killed_by":"Book of Stabbing","ascension_level":19}}