{"host":"ztz3cefhdievx2yi","time":1612965621,"event":{"mods":["AchievementEnabler","BaseMod","Minty Spire (QoL Compilation)","Permanent Neow","Quick Restart","SuperFastMode"],"gold_per_floor":[20,20,46,46,71,115,130,130,130,211,230,155,155,180,180,306,306,324,324,224,235,160,160,191,204,204,204,217,217,233,251,251,354,354,367,385,8,23,36,36,36],"floor_reached":40,"language":"KOR","playtime":2397,"items_purged":["Strike_B","Capacitor","Amplify"],"score":492,"play_id":"e17df819-8bbd-4fa3-8cf5-7576ed334b25","local_time":"20210210230021","is_ascension_mode":true,"campfire_choices":[{"data":"White Noise","floor":8.0,"key":"SMITH"},{"data":"Turbo","floor":13.0,"key":"SMITH"},{"floor":15.0,"key":"REST"},{"data":"Reinforced Body","floor":23.0,"key":"SMITH"},{"data":"Steam Power","floor":27.0,"key":"SMITH"},{"floor":32.0,"key":"REST"}],"circlet_count":0,"master_deck":["Sunder","Turbo+1","White Noise+1","Heatsinks","Reinforced Body+1","Meteor Strike","Buffer","Machine Learning","Heatsinks","Meteor Strike","Steam Power+1","Skim","Echo Form","Skim+1"],"relics":["Cracked Core","Bloody Idol","Blood Vial","Bronze Scales","Meat on the Bone","Pandora\u0027s Box","Omamori","Anchor","Empty Cage","Bottled Tornado"],"acts_visited":["TheBeyond"],"potions_floor_usage":[],"damage_taken":[{"damage":14.0,"enemies":"Jaw Worm","floor":1.0,"turns":3.0},{"damage":0.0,"enemies":"2 Louse","floor":5.0,"turns":1.0},{"damage":23.0,"enemies":"Gremlin Nob","floor":6.0,"turns":4.0},{"damage":0.0,"enemies":"Small Slimes","floor":7.0,"turns":2.0},{"damage":11.0,"enemies":"Gremlin Nob","floor":10.0,"turns":3.0},{"damage":13.0,"enemies":"Red Slaver","floor":11.0,"turns":3.0},{"damage":12.0,"enemies":"Looter","floor":14.0,"turns":2.0},{"damage":33.0,"enemies":"Slime Boss","floor":16.0,"turns":11.0},{"damage":11.0,"enemies":"Spheric Guardian","floor":18.0,"turns":4.0},{"damage":38.0,"enemies":"Shell Parasite","floor":21.0,"turns":6.0},{"damage":20.0,"enemies":"Gremlin Leader","floor":24.0,"turns":4.0},{"damage":6.0,"enemies":"3 Cultists","floor":25.0,"turns":3.0},{"damage":0.0,"enemies":"Chosen and Byrds","floor":28.0,"turns":5.0},{"damage":28.0,"enemies":"Shelled Parasite and Fungi","floor":30.0,"turns":4.0},{"damage":41.0,"enemies":"3 Cultists","floor":31.0,"turns":5.0},{"damage":35.0,"enemies":"Collector","floor":33.0,"turns":6.0},{"damage":30.0,"enemies":"3 Darklings","floor":35.0,"turns":4.0},{"damage":16.0,"enemies":"Orb Walker","floor":36.0,"turns":3.0},{"damage":8.0,"enemies":"Spire Growth","floor":38.0,"turns":5.0},{"damage":12.0,"enemies":"Maw","floor":39.0,"turns":5.0},{"damage":49,"enemies":"Nemesis","floor":40,"turns":6}],"seed_played":"-629245832841460825","potions_obtained":[{"floor":5.0,"key":"Fire Potion"},{"floor":7.0,"key":"EssenceOfSteel"},{"floor":10.0,"key":"EssenceOfSteel"},{"floor":18.0,"key":"Fire Potion"},{"floor":21.0,"key":"Explosive Potion"},{"floor":28.0,"key":"LiquidMemories"}],"is_trial":false,"path_per_floor":["M","?","T","?","M","E","M","R","T","?","M","$","R","M","R","B",null,"M","?","$","M","?","R","E","M","T","R","M","?","M","M","R","B",null,"M","M","$","M","M","E"],"character_chosen":"DEFECT","items_purchased":["Bottled Tornado"],"campfire_rested":2,"item_purchase_floors":[37],"current_hp_per_floor":[61,61,61,61,63,42,44,44,44,35,36,36,36,38,58,39,69,58,58,58,39,39,39,38,51,51,51,58,58,49,27,47,31,69,44,47,47,46,41,0,0],"gold":36,"neow_bonus":"TRANSFORM_TWO_CARDS","is_daily":false,"chose_seed":false,"campfire_upgraded":4,"win_rate":0.0,"timestamp":1612965621,"path_taken":["M","?","?","?","M","E","M","R","T","?","M","$","R","M","R","BOSS","M","?","$","M","?","R","E","M","T","R","M","?","M","M","R","BOSS","M","M","$","M","M","E"],"items_purchased_type":["Relic"],"build_version":"2020-12-22","purchased_purges":3,"victory":false,"max_hp_per_floor":[75,69,69,69,69,69,69,69,69,69,69,69,69,69,69,69,69,69,69,69,69,69,69,69,69,69,69,69,69,69,69,69,69,69,69,69,69,69,69,69,69],"card_choices":[{"not_picked":["Ball Lightning","Sunder"],"picked":"Turbo","floor":1.0},{"not_picked":["Aggregate","Beam Cell","Reprogram"],"picked":"SKIP","floor":5.0},{"not_picked":["Glacier","Undo"],"picked":"Amplify","floor":6.0},{"not_picked":["Aggregate","Blizzard"],"picked":"White Noise","floor":7.0},{"not_picked":["Sunder","Turbo"],"picked":"Heatsinks","floor":10.0},{"not_picked":["Reprogram","Auto Shields","Tempest"],"picked":"SKIP","floor":11.0},{"not_picked":["Genetic Algorithm","Heatsinks"],"picked":"Reinforced Body","floor":14.0},{"not_picked":["Amplify","Echo Form"],"picked":"Meteor Strike","floor":16.0},{"not_picked":["Beam Cell","Steam","Leap"],"picked":"SKIP","floor":18.0},{"not_picked":["Coolheaded","Genetic Algorithm","Sweeping Beam"],"picked":"SKIP","floor":21.0},{"not_picked":["Machine Learning","Coolheaded","Auto Shields"],"picked":"SKIP","floor":24.0},{"not_picked":["Conserve Battery","Sweeping Beam+1"],"picked":"Steam Power","floor":25.0},{"not_picked":["Gash","Scrape"],"picked":"Skim","floor":28.0},{"not_picked":["Sweeping Beam","Go for the Eyes","Defragment"],"picked":"SKIP","floor":30.0},{"not_picked":["Streamline","Barrage","Gash"],"picked":"SKIP","floor":31.0},{"not_picked":["Electrodynamics","Creative AI"],"picked":"Echo Form","floor":33.0},{"not_picked":["Turbo+1","Redo","Coolheaded+1"],"picked":"SKIP","floor":35.0},{"not_picked":["Conserve Battery+1","Self Repair","Scrape"],"picked":"SKIP","floor":36.0},{"not_picked":["Gash+1","Streamline+1","Chaos+1"],"picked":"SKIP","floor":38.0},{"not_picked":["Cold Snap","Turbo+1"],"picked":"Skim+1","floor":39.0}],"player_experience":300745,"relics_obtained":[{"floor":3.0,"key":"Blood Vial"},{"floor":6.0,"key":"Bronze Scales"},{"floor":10.0,"key":"Meat on the Bone"},{"floor":24.0,"key":"Omamori"},{"floor":26.0,"key":"Anchor"}],"event_choices":[{"damage_healed":0.0,"max_hp_gain":0.0,"max_hp_loss":6.0,"gold_gain":0.0,"event_name":"Golden Idol","player_choice":"Lose Max HP","floor":2.0,"gold_loss":0.0,"damage_taken":0.0,"relics_obtained":["Golden Idol"]},{"damage_healed":0.0,"max_hp_gain":0.0,"max_hp_loss":0.0,"gold_gain":0.0,"event_name":"The Cleric","player_choice":"Leave","floor":4.0,"gold_loss":0.0,"damage_taken":0.0},{"damage_healed":0.0,"max_hp_gain":0.0,"max_hp_loss":0.0,"gold_gain":0.0,"event_name":"Dead Adventurer","player_choice":"Searched \u00271\u0027 times","floor":10.0,"gold_loss":0.0,"damage_taken":0.0},{"damage_healed":0.0,"max_hp_gain":0.0,"max_hp_loss":0.0,"gold_gain":0.0,"event_name":"Forgotten Altar","player_choice":"Gave Idol","floor":19.0,"relics_lost":["Golden Idol"],"gold_loss":0.0,"damage_taken":0.0,"relics_obtained":["Bloody Idol"]},{"cards_removed":["White Noise"],"damage_healed":0.0,"max_hp_gain":0.0,"max_hp_loss":0.0,"gold_gain":0.0,"event_name":"Beggar","player_choice":"Gave Gold","floor":22.0,"gold_loss":75.0,"damage_taken":0.0},{"damage_healed":0.0,"max_hp_gain":0.0,"max_hp_loss":0.0,"gold_gain":0.0,"cards_transformed":["Zap"],"event_name":"Transmorgrifier","player_choice":"Transformed","floor":29.0,"gold_loss":0.0,"damage_taken":0.0,"cards_obtained":["Hello World"]}],"is_beta":false,"boss_relics":[{"not_picked":["SacredBark","Philosopher\u0027s Stone"],"picked":"Pandora\u0027s Box"},{"not_picked":["Astrolabe","Inserter"],"picked":"Empty Cage"}],"items_purged_floors":[12,20,37],"is_endless":false,"potions_floor_spawned":[5,7,10,11,18,21,24,28,35,38],"killed_by":"Nemesis","ascension_level":4}}