{"host":"z609fbm6pkeriks8","time":1612916059,"event":{"mods":["AchievementEnabler","BaseMod","Colored Map","Colored Powertips","Highlight Path","Minty Spire (QoL Compilation)","StSLib"],"gold_per_floor":[118,133,151,151,151,151,186,186,186,186,527,527,492,506,506,630,630,654,331,331,349,169,213,213,213,213,213,237,237,281,62,62,183,183,201,534,534,118,118,143,143,155,230,245,245,259,269,283,283,283],"floor_reached":51,"language":"ZHS","playtime":2093,"items_purged":["Strike_R","Strike_R","Regret"],"score":904,"play_id":"c671729d-0717-4ba9-ad75-63997719e686","local_time":"20210210081419","is_ascension_mode":true,"campfire_choices":[{"data":"Armaments","floor":6,"key":"SMITH"},{"data":"Anger","floor":8,"key":"SMITH"},{"floor":12,"key":"REST"},{"data":"Fire Breathing","floor":15,"key":"SMITH"},{"data":"Enlightenment","floor":25,"key":"SMITH"},{"data":"Power Through","floor":27,"key":"SMITH"},{"data":"Uppercut","floor":32,"key":"SMITH"},{"data":"Second Wind","floor":41,"key":"SMITH"},{"data":"Impervious","floor":45,"key":"SMITH"},{"data":"Entrench","floor":49,"key":"SMITH"}],"circlet_count":0,"master_deck":["Strike_R","Defend_R","Defend_R","Defend_R","Defend_R","Bash","Uppercut+1","Anger+1","Armaments+1","Power Through+1","Reaper","Fire Breathing+1","Feed","CurseOfTheBell","Body Slam+1","Enlightenment+1","Brutality","Second Wind+1","Sentinel","Metallicize","Entrench+1","Feel No Pain","Feel No Pain","Impervious+1","Finesse","Infernal Blade","Entrench"],"relics":["Burning Blood","NeowsBlessing","Eternal Feather","Incense Burner","Pen Nib","Old Coin","Calling Bell","Happy Flower","Mercury Hourglass","Calipers","Orichalcum","Self Forming Clay","Bag of Preparation","Lee\u0027s Waffle","Mark of Pain","Ice Cream","MealTicket","White Beast Statue"],"acts_visited":["Exordium","TheCity","TheBeyond"],"potions_floor_usage":[11,23,23,23,35,48,48],"damage_taken":[{"damage":0,"enemies":"2 Louse","floor":1,"turns":1},{"damage":0,"enemies":"Small Slimes","floor":2,"turns":1},{"damage":0,"enemies":"Cultist","floor":3,"turns":1},{"damage":52,"enemies":"3 Sentries","floor":7,"turns":10},{"damage":30,"enemies":"Gremlin Nob","floor":11,"turns":4},{"damage":4,"enemies":"3 Louse","floor":14,"turns":6},{"damage":40,"enemies":"Hexaghost","floor":16,"turns":10},{"damage":15,"enemies":"Spheric Guardian","floor":18,"turns":5},{"damage":21,"enemies":"Chosen","floor":21,"turns":5},{"damage":57,"enemies":"Book of Stabbing","floor":23,"turns":6},{"damage":26,"enemies":"Snake Plant","floor":28,"turns":6},{"damage":25,"enemies":"Slavers","floor":30,"turns":4},{"damage":20,"enemies":"Collector","floor":33,"turns":9},{"damage":22,"enemies":"3 Shapes","floor":35,"turns":6},{"damage":7,"enemies":"Nemesis","floor":40,"turns":8},{"damage":3,"enemies":"3 Darklings","floor":42,"turns":7},{"damage":16,"enemies":"Writhing Mass","floor":44,"turns":9},{"damage":53,"enemies":"Transient","floor":46,"turns":5},{"damage":3,"enemies":"4 Shapes","floor":47,"turns":7},{"damage":10,"enemies":"3 Darklings","floor":48,"turns":5},{"damage":22,"enemies":"Time Eater","floor":50,"turns":10}],"seed_played":"-135678160609595280","potions_obtained":[{"floor":1,"key":"ElixirPotion"},{"floor":3,"key":"AttackPotion"},{"floor":14,"key":"FearPotion"},{"floor":18,"key":"BloodPotion"},{"floor":33,"key":"Fire Potion"},{"floor":44,"key":"Ancient Potion"},{"floor":46,"key":"BloodPotion"},{"floor":47,"key":"GamblersBrew"},{"floor":48,"key":"AttackPotion"}],"is_trial":false,"path_per_floor":["M","M","M","?","?","R","E","R","T","?","E","R","?","M","R","B",null,"M","$","?","M","$","E","?","R","T","R","M","?","E","$","R","B",null,"M","?","?","$","?","E","R","M","T","M","R","M","M","M","R","B",null],"character_chosen":"IRONCLAD","items_purchased":["Enlightenment","Brutality","Sentinel","Feel No Pain","Lee\u0027s Waffle","Ice Cream"],"campfire_rested":1,"item_purchase_floors":[19,19,22,31,31,38],"current_hp_per_floor":[80,80,80,80,73,79,33,39,39,39,15,46,64,74,74,45,74,72,72,72,57,57,36,36,48,48,60,40,40,24,87,87,73,87,75,75,75,75,75,77,90,90,90,80,90,53,66,90,90,74],"gold":283,"neow_bonus":"THREE_ENEMY_KILL","is_daily":false,"chose_seed":false,"campfire_upgraded":9,"win_rate":0.0,"timestamp":1612916059,"path_taken":["M","M","M","?","?","R","E","R","T","?","E","R","?","M","R","BOSS","M","$","?","M","$","E","?","R","T","R","M","?","E","$","R","BOSS","M","?","?","$","?","E","R","M","T","M","R","?","M","M","R","BOSS"],"items_purchased_type":["Card","Card","Card","Card","Relic","Relic"],"build_version":"2020-12-22","purchased_purges":3,"victory":true,"max_hp_per_floor":[80,80,80,80,80,80,80,80,80,74,74,74,74,74,74,74,74,77,77,77,77,77,77,77,77,77,77,77,77,80,87,87,87,87,87,87,87,87,87,90,90,90,90,90,90,90,90,90,90,90],"card_choices":[{"not_picked":["Whirlwind","Sentinel"],"picked":"Uppercut","floor":1},{"not_picked":["Ghostly Armor","Body Slam"],"picked":"Anger","floor":2},{"not_picked":["Perfected Strike","Carnage"],"picked":"Armaments","floor":3},{"not_picked":["Sever Soul","Iron Wave"],"picked":"Power Through","floor":7},{"not_picked":["Warcry","Barricade"],"picked":"Reaper","floor":11},{"not_picked":["Pommel Strike","Sword Boomerang"],"picked":"Fire Breathing","floor":14},{"not_picked":["Bludgeon","Exhume"],"picked":"Feed","floor":16},{"not_picked":["Havoc+1","Headbutt+1"],"picked":"Body Slam+1","floor":18},{"not_picked":["Clothesline","Searing Blow+1","Twin Strike"],"picked":"SKIP","floor":21},{"not_picked":["Wild Strike","Headbutt"],"picked":"Metallicize","floor":23},{"not_picked":["Burning Pact","Pommel Strike"],"picked":"Entrench","floor":28},{"not_picked":["Headbutt","Impervious"],"picked":"Feel No Pain","floor":30},{"not_picked":["Offering","Feed"],"picked":"Impervious","floor":33},{"not_picked":["Clash","Cleave+1","Heavy Blade"],"picked":"SKIP","floor":35},{"not_picked":["Forethought","Panache"],"picked":"Finesse","floor":37},{"not_picked":["Perfected Strike+1","Corruption"],"picked":"Infernal Blade","floor":40},{"not_picked":["Shrug It Off+1","Havoc"],"picked":"Entrench","floor":42},{"not_picked":["True Grit","Bloodletting","Thunderclap+1"],"picked":"SKIP","floor":44},{"not_picked":["Warcry+1","Armaments+1","Cleave+1"],"picked":"SKIP","floor":46},{"not_picked":["Sword Boomerang+1","Seeing Red+1","Havoc+1"],"picked":"SKIP","floor":47},{"not_picked":["Warcry+1","Sever Soul","Pommel Strike+1"],"picked":"SKIP","floor":48}],"player_experience":47286,"relics_obtained":[{"floor":7,"key":"Incense Burner"},{"floor":9,"key":"Pen Nib"},{"floor":11,"key":"Old Coin"},{"floor":17,"key":"Happy Flower"},{"floor":17,"key":"Mercury Hourglass"},{"floor":17,"key":"Calipers"},{"floor":23,"key":"Orichalcum"},{"floor":26,"key":"Self Forming Clay"},{"floor":30,"key":"Bag of Preparation"},{"floor":40,"key":"MealTicket"},{"floor":43,"key":"White Beast Statue"}],"event_choices":[{"damage_healed":0,"gold_gain":0,"player_choice":"Box","damage_taken":0,"relics_obtained":["Eternal Feather"],"max_hp_gain":0,"max_hp_loss":0,"event_name":"Big Fish","floor":4,"gold_loss":0,"cards_obtained":["Regret"]},{"cards_removed":["Strike_R"],"damage_healed":0,"gold_gain":0,"player_choice":"Card Removal","damage_taken":7,"max_hp_gain":0,"max_hp_loss":0,"event_name":"Golden Wing","floor":5,"gold_loss":0},{"damage_healed":0,"gold_gain":0,"player_choice":"Lose Max HP","damage_taken":0,"relics_obtained":["Golden Idol"],"max_hp_gain":0,"max_hp_loss":6,"event_name":"Golden Idol","floor":10,"gold_loss":0},{"damage_healed":18,"gold_gain":0,"player_choice":"Healed","damage_taken":0,"max_hp_gain":0,"max_hp_loss":0,"event_name":"The Cleric","floor":13,"gold_loss":35},{"damage_healed":0,"gold_gain":0,"player_choice":"Read","damage_taken":0,"max_hp_gain":0,"max_hp_loss":0,"event_name":"The Library","floor":20,"gold_loss":0,"cards_obtained":["Second Wind"]},{"cards_removed":["Strike_R"],"damage_healed":0,"gold_gain":0,"player_choice":"Elegance","damage_taken":0,"max_hp_gain":0,"max_hp_loss":0,"event_name":"Back to Basics","floor":24,"gold_loss":0},{"damage_healed":0,"gold_gain":0,"player_choice":"Cursed","damage_taken":0,"max_hp_gain":0,"max_hp_loss":0,"event_name":"Wheel of Change","floor":29,"gold_loss":0,"cards_obtained":["Decay"]},{"damage_healed":0,"gold_gain":333,"player_choice":"Gave Idol","damage_taken":0,"max_hp_gain":0,"max_hp_loss":0,"event_name":"The Moai Head","floor":36,"relics_lost":["Golden Idol"],"gold_loss":0},{"damage_healed":0,"gold_gain":0,"player_choice":"Memory 1","damage_taken":0,"max_hp_gain":0,"max_hp_loss":0,"event_name":"SensoryStone","floor":37,"gold_loss":0},{"cards_removed":["Decay"],"damage_healed":0,"gold_gain":0,"player_choice":"Purged","damage_taken":0,"max_hp_gain":0,"max_hp_loss":0,"event_name":"Purifier","floor":39,"gold_loss":0}],"is_beta":false,"boss_relics":[{"not_picked":["SacredBark","Empty Cage"],"picked":"Calling Bell"},{"not_picked":["Fusion Hammer","Cursed Key"],"picked":"Mark of Pain"}],"items_purged_floors":[19,22,38],"is_endless":false,"potions_floor_spawned":[1,3,14,18,33,44,46,47,48],"ascension_level":3}}