{"host":"3n5xmnb54n2y5mb4","time":1612926397,"event":{"mods":["BaseMod","Colored Map","Colored Powertips","Downfall","Minty Spire (QoL Compilation)","Permanent Neow","StSLib","Unceasing Turn Reminder","everything is the same but u backflip on backflip"],"gold_per_floor":[116,41,58,58,72,72,98,98,98,118,136,165,183,195,195,296,296,315,329,343,343,343],"floor_reached":21,"language":"ENG","playtime":810,"items_purged":["Regret"],"score":224,"play_id":"95db13ab-9ca8-432a-a85f-7c211c53d7ed","local_time":"20210209220637","is_ascension_mode":true,"campfire_choices":[{"floor":6.0,"key":"REST"},{"data":"Devotion","floor":8.0,"key":"SMITH"},{"floor":15.0,"key":"REST"}],"circlet_count":0,"master_deck":["Strike_P","Strike_P","Defend_P","Defend_P","Defend_P+1","Eruption+1","Vigilance","Devotion+1","DeceiveReality","EmptyFist","Vengeance","MentalFortress","LikeWater","Adaptation","Vault","BowlingBash+1","Wallop+1","DeusExMachina+1","Meditate","LikeWater+1"],"relics":["PureWater","Kunai","Vajra","Matryoshka","Astrolabe"],"acts_visited":["Exordium","TheCity"],"potions_floor_usage":[20],"damage_taken":[{"damage":7.0,"enemies":"Cultist","floor":1.0,"turns":4.0},{"damage":4.0,"enemies":"Small Slimes","floor":3.0,"turns":4.0},{"damage":2.0,"enemies":"2 Louse","floor":5.0,"turns":3.0},{"damage":18.0,"enemies":"Lagavulin","floor":7.0,"turns":6.0},{"damage":4.0,"enemies":"2 Fungi Beasts","floor":10.0,"turns":3.0},{"damage":2.0,"enemies":"Red Slaver","floor":11.0,"turns":4.0},{"damage":9.0,"enemies":"3 Sentries","floor":12.0,"turns":8.0},{"damage":9.0,"enemies":"Blue Slaver","floor":13.0,"turns":4.0},{"damage":23.0,"enemies":"Lots of Slimes","floor":14.0,"turns":4.0},{"damage":10.0,"enemies":"Slime Boss","floor":16.0,"turns":8.0},{"damage":37.0,"enemies":"2 Thieves","floor":18.0,"turns":4.0},{"damage":24,"enemies":"Shell Parasite","floor":19,"turns":5},{"damage":4,"enemies":"Snake Plant","floor":20,"turns":4},{"damage":8,"enemies":"Shelled Parasite and Fungi","floor":21,"turns":5}],"seed_played":"-7242331070953614366","potions_obtained":[{"floor":3.0,"key":"bronze:BurnAndBuffPotion"},{"floor":7.0,"key":"Block Potion"},{"floor":10.0,"key":"FearPotion"},{"floor":12.0,"key":"Energy Potion"}],"is_trial":false,"path_per_floor":["M","$","M","?","M","R","E","R","T","M","M","E","M","M","R","B",null,"M","M","M","M"],"character_chosen":"WATCHER","items_purchased":[],"campfire_rested":2,"item_purchase_floors":[],"current_hp_per_floor":[65,65,61,47,45,66,48,48,48,44,42,33,24,1,22,12,72,35,11,7,0,0],"gold":343,"neow_bonus":"THREE_RARE_CARDS","is_daily":false,"chose_seed":false,"campfire_upgraded":1,"win_rate":0.0,"timestamp":1612926397,"path_taken":["M","$","?","?","M","R","E","R","T","M","M","E","M","M","R","BOSS","M","M","M","M"],"items_purchased_type":[],"build_version":"2020-12-22","purchased_purges":1,"victory":false,"max_hp_per_floor":[72,72,72,72,72,72,72,72,72,72,72,72,72,72,72,72,72,72,72,72,72,72],"card_choices":[{"not_picked":["Vault","Establishment"],"picked":"Devotion","floor":0.0},{"not_picked":["Sanctity","PathToVictory"],"picked":"DeceiveReality","floor":1.0},{"not_picked":["FlurryOfBlows","InnerPeace"],"picked":"EmptyFist","floor":3.0},{"not_picked":["Halt","EmptyFist"],"picked":"Vengeance","floor":5.0},{"not_picked":["CrushJoints","Conclude"],"picked":"MentalFortress","floor":7.0},{"not_picked":["Nirvana","Halt"],"picked":"LikeWater","floor":10.0},{"not_picked":["PathToVictory","Tantrum","Crescendo"],"picked":"SKIP","floor":11.0},{"not_picked":["MasterReality","FollowUp","Crescendo"],"picked":"SKIP","floor":12.0},{"not_picked":["Tantrum","Study"],"picked":"Adaptation","floor":13.0},{"not_picked":["Weave","JustLucky","Swivel"],"picked":"SKIP","floor":14.0},{"not_picked":["Alpha","SpiritShield"],"picked":"Vault","floor":16.0},{"not_picked":["EmptyFist+1","Sanctity"],"picked":"Meditate","floor":18.0},{"not_picked":["ThirdEye","Crescendo"],"picked":"LikeWater+1","floor":19},{"not_picked":["CrushJoints","SignatureMove","JustLucky+1"],"picked":"SKIP","floor":20}],"player_experience":1013055,"relics_obtained":[{"floor":7.0,"key":"Kunai"},{"floor":9.0,"key":"Vajra"},{"floor":12.0,"key":"Matryoshka"}],"event_choices":[{"damage_healed":0.0,"max_hp_gain":0.0,"max_hp_loss":0.0,"gold_gain":0.0,"event_name":"Shining Light","player_choice":"Entered Light","floor":4.0,"gold_loss":0.0,"damage_taken":14.0,"cards_upgraded":["Defend_P","Eruption"]}],"is_beta":false,"boss_relics":[{"not_picked":["SacredBark","Runic Pyramid"],"picked":"Astrolabe"}],"items_purged_floors":[2],"is_endless":false,"potions_floor_spawned":[3,7,10,12,13],"killed_by":"Shelled Parasite and Fungi","ascension_level":3}}