{"host":"qxeepl7ydvsgmfdb","time":1612936877,"event":{"mods":["AchievementEnabler","BaseMod","Colored Powertips","Minty Spire (QoL Compilation)","Quick Restart","slay the spire mod where everything is the same but ironclad has a cowboy hat"],"gold_per_floor":[119,69,69,69,69,103,116,147,200,231,231,7,21,21,21,122,122,137,137,171,189,206,206,131,150,218,231,231,231],"floor_reached":28,"language":"ENG","playtime":1403,"items_purged":[],"score":326,"play_id":"8073170b-889f-4eef-9e8d-56ff07e425a5","local_time":"20210210010117","is_ascension_mode":true,"campfire_choices":[{"floor":11,"key":"REST"},{"floor":15,"key":"REST"},{"floor":23,"key":"REST"}],"circlet_count":0,"master_deck":["Strike_B","Strike_B","Strike_B","Defend_B","Defend_B","Defend_B","Zap+1","Dualcast","Conserve Battery","Auto Shields","Doom and Gloom","Defragment","Redo","Electrodynamics","Ball Lightning+1","Defragment"],"relics":["Cracked Core","NeowsBlessing","Pantograph","Art of War","Bottled Lightning","Strawberry","Lantern","Anchor","Vajra","Bottled Tornado","Nuclear Battery","Red Mask","Ornamental Fan"],"acts_visited":["Exordium","TheCity"],"potions_floor_usage":[10,22,27,28],"damage_taken":[{"damage":0,"enemies":"Jaw Worm","floor":1,"turns":1},{"damage":0,"enemies":"Gremlin Nob","floor":6,"turns":1},{"damage":0,"enemies":"2 Louse","floor":7,"turns":1},{"damage":12,"enemies":"Lagavulin","floor":8,"turns":5},{"damage":28,"enemies":"Gremlin Nob","floor":10,"turns":4},{"damage":0,"enemies":"Small Slimes","floor":13,"turns":2},{"damage":12,"enemies":"Slime Boss","floor":16,"turns":7},{"damage":0,"enemies":"Chosen","floor":18,"turns":4},{"damage":26,"enemies":"Masked Bandits","floor":20,"turns":3},{"damage":0,"enemies":"Spheric Guardian","floor":21,"turns":3},{"damage":0,"enemies":"Centurion and Healer","floor":22,"turns":2},{"damage":36,"enemies":"Shelled Parasite and Fungi","floor":25,"turns":5},{"damage":13,"enemies":"Snake Plant","floor":27,"turns":3},{"damage":19,"enemies":"Book of Stabbing","floor":28,"turns":3}],"seed_played":"-2666305728874516210","potions_obtained":[{"floor":6,"key":"Ancient Potion"},{"floor":8,"key":"Swift Potion"},{"floor":13,"key":"Dexterity Potion"},{"floor":20,"key":"SneckoOil"},{"floor":27,"key":"PowerPotion"}],"is_trial":false,"path_per_floor":["M","?","?","T","?","E","M","E","T","E","R","$","M","T","R","B",null,"M","?","?","M","M","R","?","M","T","M","E"],"character_chosen":"DEFECT","items_purchased":["Vajra","Defragment"],"campfire_rested":3,"item_purchase_floors":[12,12],"current_hp_per_floor":[75,75,75,75,63,63,63,58,58,30,54,54,54,54,78,70,79,79,63,37,37,37,63,63,27,27,14,0,0],"gold":231,"neow_bonus":"THREE_ENEMY_KILL","is_daily":false,"chose_seed":false,"campfire_upgraded":0,"win_rate":0.0,"timestamp":1612936877,"path_taken":["M","?","?","?","?","E","?","E","T","E","R","$","M","?","R","BOSS","M","?","?","M","M","R","?","M","T","M","E"],"items_purchased_type":["Relic","Card"],"build_version":"2020-12-22","purchased_purges":0,"victory":false,"max_hp_per_floor":[75,75,75,75,75,75,75,82,82,82,82,82,82,82,82,82,82,82,87,87,87,87,87,87,87,87,87,87,87],"card_choices":[{"not_picked":["Barrage","Beam Cell"],"picked":"Conserve Battery","floor":1},{"not_picked":["Beam Cell","Barrage"],"picked":"Auto Shields","floor":6},{"not_picked":["Streamline","Rebound"],"picked":"Doom and Gloom","floor":7},{"not_picked":["Gash","Streamline","Amplify"],"picked":"SKIP","floor":8},{"not_picked":["Steam","FTL","Turbo"],"picked":"SKIP","floor":10},{"not_picked":["Glacier","Rip and Tear"],"picked":"Redo","floor":13},{"not_picked":["Fission","Multi-Cast"],"picked":"Electrodynamics","floor":16},{"not_picked":["Gash","Compile Driver+1"],"picked":"Ball Lightning+1","floor":18},{"not_picked":["Compile Driver","Streamline","Hologram"],"picked":"SKIP","floor":21},{"not_picked":["Beam Cell","Steam Power+1"],"picked":"Defragment","floor":22},{"not_picked":["Gash","Barrage+1","Turbo"],"picked":"SKIP","floor":25},{"not_picked":["Barrage","Auto Shields","Gash"],"picked":"SKIP","floor":27}],"player_experience":141273,"relics_obtained":[{"floor":4,"key":"Pantograph"},{"floor":6,"key":"Bottled Lightning"},{"floor":8,"key":"Strawberry"},{"floor":9,"key":"Lantern"},{"floor":10,"key":"Anchor"},{"floor":14,"key":"Bottled Tornado"},{"floor":20,"key":"Red Mask"},{"floor":26,"key":"Ornamental Fan"}],"event_choices":[{"cards_removed":["Defend_B"],"damage_healed":0,"gold_gain":0,"player_choice":"Card Removal","damage_taken":0,"max_hp_gain":0,"max_hp_loss":0,"event_name":"The Cleric","floor":2,"gold_loss":50},{"damage_healed":0,"gold_gain":0,"player_choice":"Grow","damage_taken":0,"max_hp_gain":0,"max_hp_loss":0,"event_name":"Living Wall","floor":3,"gold_loss":0,"cards_upgraded":["Zap"]},{"damage_healed":0,"gold_gain":0,"player_choice":"Success","damage_taken":12,"relics_obtained":["Art of War"],"max_hp_gain":0,"max_hp_loss":0,"event_name":"Scrap Ooze","floor":5,"gold_loss":0},{"damage_healed":0,"gold_gain":0,"player_choice":"Shed Blood","damage_taken":21,"max_hp_gain":5,"max_hp_loss":0,"event_name":"Forgotten Altar","floor":19,"gold_loss":0},{"damage_healed":0,"gold_gain":0,"player_choice":"Fought Bandits","damage_taken":0,"max_hp_gain":0,"max_hp_loss":0,"event_name":"Masked Bandits","floor":20,"gold_loss":0},{"cards_removed":["Strike_B"],"damage_healed":0,"gold_gain":0,"player_choice":"Gave Gold","damage_taken":0,"max_hp_gain":0,"max_hp_loss":0,"event_name":"Beggar","floor":24,"gold_loss":75}],"is_beta":false,"boss_relics":[{"not_picked":["Tiny House","Pandora\u0027s Box"],"picked":"Nuclear Battery"}],"items_purged_floors":[],"is_endless":false,"potions_floor_spawned":[6,8,13,20,27],"killed_by":"Book of Stabbing","ascension_level":5}}