{"host":"msmkw03x1o7nq45i","time":1612985544,"event":{"mods":["AchievementEnabler","BaseMod","Bestiary","Colored Powertips","GifTheSpireLib","Highlight Path","Minty Spire (QoL Compilation)","Random Character Button","StSLib","everything is the same but u backflip on backflip"],"gold_per_floor":[216,216,62,5,25,25,50,50,76,95,95,95,136,152,152,247,247,266,191,216,216,216,216,247,262,262,262,281,325,345,345,345],"floor_reached":31,"language":"ENG","playtime":2343,"items_purged":["Injury"],"score":683,"play_id":"f2216ac8-b59d-4647-a752-a5a75abf84f5","local_time":"20210210213224","is_ascension_mode":true,"campfire_choices":[{"data":"Dagger Spray","floor":6,"key":"SMITH"},{"data":"Cloak And Dagger","floor":8,"key":"SMITH"},{"data":"Neutralize","floor":12,"key":"SMITH"},{"data":"Dash","floor":15,"key":"SMITH"},{"data":"Glass Knife","floor":23,"key":"SMITH"},{"data":"Burst","floor":27,"key":"SMITH"}],"circlet_count":0,"master_deck":["AscendersBane","Defend_G","Defend_G","Defend_G","Defend_G","Defend_G","Survivor","Neutralize+1","Infinite Blades","Dagger Throw","Dagger Spray+1","Cloak And Dagger+1","Backflip","Dash+1","Venomology","Glass Knife+1","Tools of the Trade+1","Adrenaline+1","Escape Plan+1","Terror","Cloak And Dagger","Shame","Burst+1","Backflip","Tactician","Envenom"],"relics":["Ring of the Snake","Golden Idol","Darkstone Periapt","Lantern","Kunai","Astrolabe","StoneCalendar","PreservedInsect","Potion Belt","Question Card"],"acts_visited":["Exordium","TheCity"],"potions_floor_usage":[13,16,18,20,24,25,29,29,29,30,30,30],"damage_taken":[{"damage":0,"enemies":"Jaw Worm","floor":1,"turns":6},{"damage":0,"enemies":"Cultist","floor":5,"turns":3},{"damage":2,"enemies":"Small Slimes","floor":7,"turns":4},{"damage":0,"enemies":"3 Louse","floor":10,"turns":2},{"damage":30,"enemies":"Gremlin Nob","floor":13,"turns":5},{"damage":1,"enemies":"Large Slime","floor":14,"turns":7},{"damage":0,"enemies":"Hexaghost","floor":16,"turns":10},{"damage":0,"enemies":"Shell Parasite","floor":18,"turns":5},{"damage":0,"enemies":"Spheric Guardian","floor":20,"turns":3},{"damage":0,"enemies":"Slavers","floor":24,"turns":7},{"damage":5,"enemies":"3 Cultists","floor":25,"turns":6},{"damage":3,"enemies":"Snake Plant","floor":28,"turns":4},{"damage":1,"enemies":"Book of Stabbing","floor":29,"turns":4},{"damage":50,"enemies":"Cultist and Chosen","floor":30,"turns":7},{"damage":6,"enemies":"Gremlin Leader","floor":31,"turns":2}],"seed_played":"7083246623049540628","potions_obtained":[{"floor":5,"key":"Weak Potion"},{"floor":10,"key":"Ancient Potion"},{"floor":13,"key":"Strength Potion"},{"floor":25,"key":"SkillPotion"}],"is_trial":false,"path_per_floor":["M","?","$","?","M","R","M","R","T","M","?","R","E","M","R","B",null,"M","?","M","?","?","R","E","M","T","R","M","E","M","E"],"character_chosen":"THE_SILENT","items_purchased":["Dagger Throw","Weak Potion"],"campfire_rested":0,"item_purchase_floors":[3,3],"current_hp_per_floor":[59,59,59,59,59,59,57,57,57,57,50,50,20,19,19,19,54,54,54,54,54,60,60,60,55,55,55,52,51,1,0,0],"gold":345,"neow_bonus":"HUNDRED_GOLD","is_daily":false,"chose_seed":false,"campfire_upgraded":6,"win_rate":0.0,"timestamp":1612985544,"path_taken":["M","?","$","?","?","R","M","R","T","M","?","R","E","M","R","BOSS","M","?","M","?","?","R","E","?","T","R","M","E","M","E"],"items_purchased_type":["Card","Potion"],"build_version":"2020-12-22","purchased_purges":1,"victory":false,"max_hp_per_floor":[66,66,66,66,66,66,66,66,66,66,66,66,66,66,66,66,66,66,66,66,66,72,72,72,72,72,72,72,72,72,72,72],"card_choices":[{"not_picked":["Deflect","Backflip"],"picked":"Infinite Blades","floor":1},{"not_picked":["Dagger Throw","Deadly Poison"],"picked":"Dagger Spray","floor":5},{"not_picked":["Choke","Flechettes"],"picked":"Cloak And Dagger","floor":7},{"not_picked":["Quick Slash","Slice"],"picked":"Backflip","floor":10},{"not_picked":["Noxious Fumes","Escape Plan"],"picked":"Dash","floor":13},{"not_picked":["Slice","Acrobatics"],"picked":"Venomology","floor":14},{"not_picked":["Unload","Storm of Steel"],"picked":"Glass Knife","floor":16},{"not_picked":["Calculated Gamble","Backflip"],"picked":"Terror","floor":18},{"not_picked":["Predator","Poisoned Stab","Masterful Stab"],"picked":"SKIP","floor":20},{"not_picked":["Cloak And Dagger","Quick Slash"],"picked":"Burst","floor":24},{"not_picked":["Outmaneuver","Poisoned Stab"],"picked":"Backflip","floor":25},{"not_picked":["Outmaneuver+1","Underhanded Strike"],"picked":"Tactician","floor":28},{"not_picked":["Deadly Poison","Backstab"],"picked":"Envenom","floor":29},{"not_picked":["Slice+1","Eviscerate","Prepared","Quick Slash"],"picked":"SKIP","floor":30}],"player_experience":521088,"relics_obtained":[{"floor":9,"key":"Lantern"},{"floor":13,"key":"Kunai"},{"floor":24,"key":"PreservedInsect"},{"floor":26,"key":"Potion Belt"},{"floor":29,"key":"Question Card"}],"event_choices":[{"damage_healed":0,"gold_gain":0,"player_choice":"Take Wound","damage_taken":0,"relics_obtained":["Golden Idol"],"max_hp_gain":0,"max_hp_loss":0,"event_name":"Golden Idol","floor":2,"gold_loss":0,"cards_obtained":["Injury"]},{"damage_healed":0,"gold_gain":0,"player_choice":"Paid Gold","damage_taken":0,"relics_obtained":["Darkstone Periapt"],"max_hp_gain":0,"max_hp_loss":0,"event_name":"WeMeetAgain","floor":4,"gold_loss":57},{"cards_removed":["Strike_G"],"damage_healed":0,"gold_gain":0,"player_choice":"Card Removal","damage_taken":7,"max_hp_gain":0,"max_hp_loss":0,"event_name":"Golden Wing","floor":11,"gold_loss":0},{"cards_removed":["Strike_G"],"damage_healed":0,"gold_gain":0,"player_choice":"Gave Gold","damage_taken":0,"max_hp_gain":0,"max_hp_loss":0,"event_name":"Beggar","floor":19,"gold_loss":75},{"damage_healed":0,"gold_gain":0,"player_choice":"Read","damage_taken":0,"max_hp_gain":0,"max_hp_loss":0,"event_name":"The Library","floor":21,"gold_loss":0,"cards_obtained":["Cloak And Dagger"]},{"damage_healed":0,"gold_gain":0,"player_choice":"Stole Relic","damage_taken":0,"relics_obtained":["StoneCalendar"],"max_hp_gain":0,"max_hp_loss":0,"event_name":"Addict","floor":22,"gold_loss":0,"cards_obtained":["Shame"]}],"is_beta":false,"boss_relics":[{"not_picked":["Ectoplasm","Calling Bell"],"picked":"Astrolabe"}],"items_purged_floors":[3],"is_endless":false,"potions_floor_spawned":[5,10,13,18,24,25],"killed_by":"Gremlin Leader","ascension_level":19}}