{"host":"wyloba13dxa5qu9d","time":1612947022,"event":{"mods":["100% Spire Juice","AchievementEnabler","BaseMod","Bestiary","Colored Map","Colored Powertips","Curses Come First","Downfall","Lobotomy","Marked Mod","Minty Spire (QoL Compilation)","Quick Restart","StSLib","SuperFastMode"],"gold_per_floor":[109,109,109,109,12,12,36,36,36,54,134,157,0,25,25,25,25],"floor_reached":16,"language":"ZHS","playtime":454,"items_purged":[],"score":92,"play_id":"8fdf9dfc-2870-4da0-b1c5-c678b1a08e28","local_time":"20210210165022","is_ascension_mode":false,"campfire_choices":[{"floor":6,"key":"REST"},{"data":"Moonworks:Ambush","floor":8,"key":"SMITH"},{"floor":15,"key":"REST"}],"circlet_count":0,"master_deck":["Moonworks:Strike","Moonworks:Strike+1","Moonworks:Strike","Moonworks:Defend","Moonworks:Defend","Moonworks:Defend","Moonworks:Defend","Moonworks:Ambush+1","Moonworks:LongDistanceShot","Moonworks:CloudOfSeagulls+1","Moonworks:JonathanRush","Moonworks:Poppoformation","Moonworks:CloudOfSeagulls","Moonworks:TreasureThief","Moonworks:CloudOfSeagulls"],"relics":["Moonworks:BrokenBomb","Moonworks:Homemark","Omamori","Golden Idol","Blue Candle","FossilizedHelix","Sundial","Whetstone"],"acts_visited":["Exordium"],"potions_floor_usage":[],"damage_taken":[{"damage":0,"enemies":"Cultist","floor":1,"turns":3},{"damage":15,"enemies":"Small Slimes","floor":5,"turns":4},{"damage":0,"enemies":"2 Louse","floor":7,"turns":4},{"damage":3,"enemies":"2 Fungi Beasts","floor":10,"turns":3},{"damage":31,"enemies":"Lagavulin Event","floor":11,"turns":8},{"damage":8,"enemies":"Red Slaver","floor":12,"turns":5},{"damage":0,"enemies":"Blue Slaver","floor":14,"turns":4},{"damage":29,"enemies":"Hexaghost","floor":16,"turns":7}],"seed_played":"199609826720831986","potions_obtained":[{"floor":5,"key":"GamblersBrew"},{"floor":14,"key":"bronze:BurnAndBuffPotion"}],"is_trial":false,"path_per_floor":["M","?","?","?","M","R","M","R","T","M","?","M","$","M","R","B"],"character_chosen":"THE_STARBREAKER","items_purchased":["Whetstone"],"campfire_rested":2,"item_purchase_floors":[13],"current_hp_per_floor":[60,60,53,50,35,53,53,53,53,50,19,11,11,11,29,0,0],"gold":25,"neow_bonus":"RANDOM_COMMON_RELIC","is_daily":false,"chose_seed":false,"campfire_upgraded":1,"win_rate":0.0,"timestamp":1612947022,"path_taken":["M","?","?","?","M","R","M","R","T","M","?","M","$","M","R","BOSS"],"items_purchased_type":["Relic"],"build_version":"2020-12-22","purchased_purges":0,"victory":false,"max_hp_per_floor":[60,60,60,60,60,60,60,60,60,60,60,60,60,60,60,60,60],"card_choices":[{"not_picked":["Moonworks:BigMagnum","Moonworks:JonathanRush"],"picked":"Moonworks:CloudOfSeagulls","floor":1},{"not_picked":["Moonworks:EvilSpyWorkPreparation","Moonworks:ForcedRevival"],"picked":"Moonworks:JonathanRush","floor":5},{"not_picked":["Moonworks:SakisCookie","Moonworks:StiffCrystal"],"picked":"Moonworks:Poppoformation","floor":7},{"not_picked":["Moonworks:ReproductionOfRecords","Moonworks:IndiscriminateFireSupport","Moonworks:BigMagnum"],"picked":"SKIP","floor":10},{"not_picked":["Moonworks:RagingMadness","Moonworks:Assault"],"picked":"Moonworks:CloudOfSeagulls","floor":11},{"not_picked":["Moonworks:Assault","Moonworks:WindyEnchantment"],"picked":"Moonworks:TreasureThief","floor":12},{"not_picked":["Moonworks:RocketCannon","Moonworks:NicePresent"],"picked":"Moonworks:CloudOfSeagulls","floor":14}],"player_experience":147247,"relics_obtained":[{"floor":9,"key":"FossilizedHelix"},{"floor":11,"key":"Sundial"}],"event_choices":[{"damage_healed":0,"gold_gain":0,"player_choice":"Take Wound","damage_taken":0,"relics_obtained":["Golden Idol"],"max_hp_gain":0,"max_hp_loss":0,"event_name":"Golden Idol","floor":2,"gold_loss":0,"cards_obtained":["Injury"]},{"cards_removed":["Moonworks:Strike"],"damage_healed":0,"gold_gain":0,"player_choice":"Card Removal","damage_taken":7,"max_hp_gain":0,"max_hp_loss":0,"event_name":"Golden Wing","floor":3,"gold_loss":0},{"damage_healed":0,"gold_gain":0,"player_choice":"Success","damage_taken":3,"relics_obtained":["Blue Candle"],"max_hp_gain":0,"max_hp_loss":0,"event_name":"Scrap Ooze","floor":4,"gold_loss":0},{"damage_healed":0,"gold_gain":0,"player_choice":"Searched \u00271\u0027 times","damage_taken":0,"max_hp_gain":0,"max_hp_loss":0,"event_name":"Dead Adventurer","floor":11,"gold_loss":0}],"is_beta":false,"boss_relics":[],"items_purged_floors":[],"is_endless":false,"potions_floor_spawned":[5,14],"killed_by":"Hexaghost","ascension_level":0}}