{"host":"hk6dyp3pgs92n0l4","time":1612929222,"event":{"mods":["AchievementEnabler","BaseMod","Colored Powertips","GifTheSpireLib","Infinite Spire","Minty Spire (QoL Compilation)","Random Character Mod","StSLib","The Bug Knight","The Construct","The Cursed","The Disciple","The Hierophant","The Runesmith"],"gold_per_floor":[115,133,147,162,176,176,202,202,202,202,235,247,13,33,33,129,129,140,153,166,181,193,224,224,255,255,255,270,288,288,288,288,387,387,398,414,431,431,431],"floor_reached":38,"language":"ENG","playtime":1839,"items_purged":["Strike_B"],"score":477,"play_id":"0dded915-8d1a-464a-8bf2-57f1a4f9c98f","local_time":"20210209195342","is_ascension_mode":true,"campfire_choices":[{"data":"Glacier","floor":6,"key":"SMITH"},{"data":"Zap","floor":8,"key":"SMITH"},{"data":"Coolheaded","floor":10,"key":"SMITH"},{"floor":15,"key":"REST"},{"floor":24,"key":"REST"},{"data":"Loop","floor":27,"key":"SMITH"},{"floor":32,"key":"REST"}],"circlet_count":0,"master_deck":["Strike_B","Strike_B","Strike_B","Defend_B","Defend_B","Zap+1","Dualcast","Ball Lightning","Coolheaded+1","Doom and Gloom","Glacier+1","Coolheaded","Consume","Loop+1","Thunder Strike","Capacitor+1","Cold Snap","Chill+1","Storm","Coolheaded+1","Echo Form","Darkness","Ball Lightning+1","Consume+1","Chaos","Rainbow"],"relics":["Cracked Core","NeowsBlessing","Potion Belt","infinitespire:WardingShard","infinitespire:ShieldingShard","DataDisk","Nuclear Battery","Blood Vial","Chemical X","Empty Cage"],"acts_visited":["Exordium","TheCity","TheBeyond"],"potions_floor_usage":[7,11,16,23,25,29,29,33,33,33],"damage_taken":[{"damage":0,"enemies":"Cultist","floor":1,"turns":1},{"damage":0,"enemies":"2 Louse","floor":2,"turns":1},{"damage":0,"enemies":"Jaw Worm","floor":3,"turns":1},{"damage":10,"enemies":"Looter","floor":4,"turns":3},{"damage":5,"enemies":"Blue Slaver","floor":5,"turns":4},{"damage":28,"enemies":"Gremlin Nob","floor":7,"turns":4},{"damage":17,"enemies":"3 Sentries","floor":11,"turns":4},{"damage":1,"enemies":"Exordium Thugs","floor":12,"turns":4},{"damage":0,"enemies":"Looter","floor":14,"turns":4},{"damage":2,"enemies":"The Guardian","floor":16,"turns":15},{"damage":14,"enemies":"2 Thieves","floor":18,"turns":4},{"damage":12,"enemies":"Spheric Guardian","floor":19,"turns":4},{"damage":12,"enemies":"Centurion and Healer","floor":20,"turns":6},{"damage":0,"enemies":"Shelled Parasite and Fungi","floor":21,"turns":7},{"damage":6,"enemies":"Sentry and Sphere","floor":22,"turns":6},{"damage":20,"enemies":"Nightmare","floor":23,"turns":7},{"damage":8,"enemies":"Slavers","floor":25,"turns":5},{"damage":0,"enemies":"Centurion and Healer","floor":28,"turns":10},{"damage":23,"enemies":"Cultist and Chosen","floor":29,"turns":5},{"damage":7,"enemies":"Collector","floor":33,"turns":7},{"damage":40,"enemies":"3 Darklings","floor":35,"turns":5},{"damage":2,"enemies":"3 Shapes","floor":36,"turns":4},{"damage":21,"enemies":"Jaw Worm Horde","floor":37,"turns":6},{"damage":18,"enemies":"Spire Growth","floor":38,"turns":4}],"seed_played":"5630273097983696675","potions_obtained":[{"floor":3,"key":"Fire Potion"},{"floor":7,"key":"Dexterity Potion"},{"floor":11,"key":"GamblersBrew"},{"floor":12,"key":"EssenceOfDarkness"},{"floor":16,"key":"DistilledChaos"},{"floor":20,"key":"PowerPotion"},{"floor":21,"key":"EssenceOfDarkness"},{"floor":22,"key":"CultistPotion"},{"floor":23,"key":"Ancient Potion"},{"floor":25,"key":"FocusPotion"},{"floor":29,"key":"PowerPotion"}],"is_trial":false,"path_per_floor":["M","M","M","M","M","R","E","R","T","R","E","M","$","M","R","B",null,"M","M","M","M","M","NM","R","E","T","R","M","M","?","AVR","R","B",null,"M","M","M","M"],"character_chosen":"DEFECT","items_purchased":["Consume","DataDisk"],"campfire_rested":3,"item_purchase_floors":[13,13],"current_hp_per_floor":[75,75,75,65,60,60,32,32,32,32,15,14,14,14,36,34,75,61,49,37,37,31,11,33,25,25,25,27,6,6,6,28,23,75,35,35,16,0,0],"gold":431,"neow_bonus":"THREE_ENEMY_KILL","is_daily":false,"chose_seed":false,"campfire_upgraded":4,"win_rate":0.0,"timestamp":1612929222,"path_taken":["M","M","M","M","?","R","E","R","T","R","E","M","$","M","R","BOSS","M","M","M","M","M","NM","R","E","T","R","M","M","?","AVR","R","BOSS","M","?","M","?"],"items_purchased_type":["Card","Relic"],"build_version":"2020-12-22","purchased_purges":1,"victory":false,"max_hp_per_floor":[75,75,75,75,75,75,75,75,75,75,75,75,75,75,75,75,75,75,75,75,75,75,75,75,75,75,75,75,75,75,75,75,75,75,75,75,75,75,75],"card_choices":[{"not_picked":["Cold Snap","Double Energy"],"picked":"Ball Lightning","floor":1},{"not_picked":["Turbo","Leap"],"picked":"Coolheaded","floor":2},{"not_picked":["Conserve Battery","Steam Power","Undo"],"picked":"SKIP","floor":3},{"not_picked":["Redo","Biased Cognition"],"picked":"Doom and Gloom","floor":4},{"not_picked":["Skim","Beam Cell"],"picked":"Glacier","floor":5},{"not_picked":["Sweeping Beam","Sunder","Recycle"],"picked":"SKIP","floor":7},{"not_picked":["Sweeping Beam","Melter"],"picked":"Coolheaded","floor":11},{"not_picked":["Rebound","Leap","Conserve Battery"],"picked":"SKIP","floor":12},{"not_picked":["Chill","Rebound"],"picked":"Loop","floor":14},{"not_picked":["Machine Learning","Buffer"],"picked":"Thunder Strike","floor":16},{"not_picked":["Force Field","Hologram+1"],"picked":"Capacitor+1","floor":18},{"not_picked":["Doom and Gloom","Turbo+1"],"picked":"Cold Snap","floor":19},{"not_picked":["Stack+1","Reinforced Body"],"picked":"Chill","floor":20},{"not_picked":["Fusion","Ball Lightning+1"],"picked":"Storm","floor":21},{"not_picked":["Conserve Battery","Turbo"],"picked":"Coolheaded+1","floor":22},{"not_picked":["Leap","Chaos"],"picked":"Echo Form","floor":23},{"not_picked":["Coolheaded","Sunder"],"picked":"Darkness","floor":25},{"not_picked":["Stack+1","Compile Driver"],"picked":"Ball Lightning+1","floor":28},{"not_picked":["Turbo","Redo+1","Conserve Battery"],"picked":"SKIP","floor":29},{"not_picked":["Steam Power+1","Sweeping Beam"],"picked":"Consume+1","floor":35},{"not_picked":["Beam Cell","Sweeping Beam+1"],"picked":"Chaos","floor":36},{"not_picked":["Hologram","Leap+1"],"picked":"Rainbow","floor":37}],"player_experience":124723,"relics_obtained":[{"floor":7,"key":"Potion Belt"},{"floor":9,"key":"infinitespire:WardingShard"},{"floor":11,"key":"infinitespire:ShieldingShard"},{"floor":25,"key":"Blood Vial"}],"event_choices":[{"damage_healed":0,"gold_gain":0,"player_choice":"Upgraded","damage_taken":0,"max_hp_gain":0,"max_hp_loss":0,"event_name":"Upgrade Shrine","floor":30,"gold_loss":0,"cards_upgraded":["Chill"]}],"is_beta":false,"boss_relics":[{"not_picked":["construct:WeddingRing","Velvet Choker"],"picked":"Nuclear Battery"},{"not_picked":["Coffee Dripper","Runic Pyramid"],"picked":"Empty Cage"}],"items_purged_floors":[31],"is_endless":false,"potions_floor_spawned":[3,7,11,12,16,20,21,22,23,25,29],"killed_by":"Spire Growth","ascension_level":2}}