{"host":"4eao2pkwlmv012cz","time":1612945550,"event":{"mods":["BaseMod","Colored Powertips","Minty Spire (QoL Compilation)","Permanent Neow","Quick Restart","Random Character Button","StSLib"],"gold_per_floor":[99,49,49,49,49,49,4,4,4,4,4,4,4,4,4,4,4],"floor_reached":16,"language":"ENG","playtime":440,"items_purged":[],"score":182,"play_id":"b9619902-c257-4258-817f-0fbf59452dc8","local_time":"20210210032550","is_ascension_mode":true,"campfire_choices":[{"data":"Riddle With Holes","floor":6,"key":"SMITH"},{"data":"Leg Sweep","floor":10,"key":"SMITH"},{"data":"Backflip","floor":12,"key":"SMITH"},{"data":"Sucker Punch","floor":15,"key":"SMITH"}],"circlet_count":0,"master_deck":["AscendersBane","Strike_G","Strike_G","Strike_G","Strike_G","Defend_G","Defend_G","Defend_G","Defend_G","Defend_G","Survivor","Neutralize","All Out Attack","Leg Sweep+1","Bullet Time","Riddle With Holes+1","Underhanded Strike","Backflip+1","Accuracy","Riddle With Holes","Sucker Punch+1","Dagger Spray"],"relics":["Ectoplasm","Nunchaku","Centennial Puzzle","Question Card"],"acts_visited":["Exordium"],"potions_floor_usage":[8,8,14,14],"damage_taken":[{"damage":0.0,"enemies":"Cultist","floor":1.0,"turns":4.0},{"damage":6.0,"enemies":"2 Louse","floor":4.0,"turns":3.0},{"damage":7,"enemies":"Jaw Worm","floor":5,"turns":4},{"damage":24,"enemies":"Lagavulin","floor":8,"turns":7},{"damage":2,"enemies":"Exordium Wildlife","floor":11,"turns":3},{"damage":1,"enemies":"Blue Slaver","floor":13,"turns":3},{"damage":6,"enemies":"Gremlin Nob","floor":14,"turns":3},{"damage":34,"enemies":"Slime Boss","floor":16,"turns":5}],"seed_played":"6581744569326983893","potions_obtained":[{"floor":1.0,"key":"Regen Potion"},{"floor":5,"key":"Fire Potion"},{"floor":11,"key":"SkillPotion"},{"floor":13,"key":"LiquidMemories"}],"is_trial":false,"path_per_floor":["M","?","?","M","M","R","$","E","T","R","M","R","M","E","R","B"],"character_chosen":"THE_SILENT","items_purchased":["Backflip"],"campfire_rested":0,"item_purchase_floors":[7],"current_hp_per_floor":[63,63,63,57,50,50,50,41,41,41,39,39,38,32,32,0,0],"gold":4,"neow_bonus":"BOSS_RELIC","is_daily":false,"chose_seed":false,"campfire_upgraded":4,"win_rate":0.0,"timestamp":1612945550,"path_taken":["M","?","?","?","M","R","$","E","T","R","M","R","M","E","R","BOSS"],"items_purchased_type":["Card"],"build_version":"2020-12-22","purchased_purges":0,"victory":false,"max_hp_per_floor":[70,70,70,70,70,70,70,70,70,70,70,70,70,70,70,70,70],"card_choices":[{"not_picked":["Well Laid Plans","Cloak And Dagger"],"picked":"All Out Attack","floor":1.0},{"not_picked":["Quick Slash","Masterful Stab"],"picked":"Riddle With Holes","floor":4.0},{"not_picked":["Masterful Stab","Backflip"],"picked":"Underhanded Strike","floor":5},{"not_picked":["Tactician","Deflect"],"picked":"Accuracy","floor":8},{"not_picked":["Reflex","Prepared"],"picked":"Riddle With Holes","floor":11},{"not_picked":["Concentrate","Quick Slash"],"picked":"Sucker Punch","floor":13},{"not_picked":["Riddle With Holes","Slice"],"picked":"Dagger Spray","floor":14}],"player_experience":2917583,"relics_obtained":[{"floor":8,"key":"Nunchaku"},{"floor":9,"key":"Centennial Puzzle"},{"floor":14,"key":"Question Card"}],"event_choices":[{"cards_removed":["Strike_G"],"damage_healed":0.0,"max_hp_gain":0.0,"max_hp_loss":0.0,"gold_gain":0.0,"event_name":"The Cleric","player_choice":"Card Removal","floor":2.0,"gold_loss":50.0,"damage_taken":0.0},{"damage_healed":0.0,"max_hp_gain":0.0,"max_hp_loss":0.0,"gold_gain":0.0,"event_name":"Match and Keep!","player_choice":"2 cards matched","floor":3.0,"gold_loss":0.0,"damage_taken":0.0,"cards_obtained":["Leg Sweep","Bullet Time"]}],"is_beta":false,"boss_relics":[],"items_purged_floors":[],"is_endless":false,"potions_floor_spawned":[1,5,11,13],"killed_by":"Slime Boss","ascension_level":13}}