{"host":"w3q5ijqu8eoknil3","time":1612992574,"event":{"mods":["AchievementEnabler","BaseMod","Block Reminder","Colored Map","Colored Powertips","Curses Come First","Dark Map","Minty Spire (QoL Compilation)","Quick Restart","Relic Stats","StSLib","ojb\u0027s Better Paths Mod","ojb\u0027s Info Mod","slay the spire mod where everything is the same but ironclad has a cowboy hat"],"gold_per_floor":[117,137,148,198,218,218,237,269,292,292,303,333,353,369,369,443,443,463,478,478,493,4,4,4,4],"floor_reached":24,"language":"ENG","playtime":1596,"items_purged":["Strike_G"],"score":413,"play_id":"ed8ab684-ef19-487e-9979-1586fcc5d7c7","local_time":"20210210212934","is_ascension_mode":true,"campfire_choices":[{"data":"Predator","floor":6,"key":"SMITH"},{"floor":10,"key":"REST"},{"floor":15,"key":"REST"},{"data":"Crippling Poison","floor":23,"key":"SMITH"}],"circlet_count":0,"master_deck":["AscendersBane","Strike_G","Strike_G","Strike_G","Strike_G","Defend_G","Defend_G","Defend_G","Defend_G","Defend_G","Survivor","Neutralize","Dagger Throw","Predator+1","Backstab","Underhanded Strike","Crippling Poison+1","Dagger Throw","Eviscerate","Blade Dance","Bouncing Flask","Bullet Time","Leg Sweep","PiercingWail+1"],"relics":["Ring of the Snake","NeowsBlessing","Matryoshka","Bronze Scales","Smiling Mask","Art of War","Snecko Eye","Nilry\u0027s Codex","TwistedFunnel","Paper Crane"],"acts_visited":["Exordium","TheCity"],"potions_floor_usage":[8,12,14,16,24],"damage_taken":[{"damage":0,"enemies":"Jaw Worm","floor":1,"turns":1},{"damage":0,"enemies":"Cultist","floor":2,"turns":1},{"damage":0,"enemies":"2 Louse","floor":3,"turns":1},{"damage":3,"enemies":"Looter","floor":5,"turns":3},{"damage":8,"enemies":"Large Slime","floor":7,"turns":3},{"damage":40,"enemies":"Lagavulin","floor":8,"turns":8},{"damage":2,"enemies":"Red Slaver","floor":11,"turns":3},{"damage":8,"enemies":"Gremlin Nob","floor":12,"turns":3},{"damage":14,"enemies":"3 Louse","floor":13,"turns":2},{"damage":0,"enemies":"Gremlin Gang","floor":14,"turns":4},{"damage":17,"enemies":"Hexaghost","floor":16,"turns":9},{"damage":11,"enemies":"2 Thieves","floor":18,"turns":3},{"damage":1,"enemies":"Spheric Guardian","floor":19,"turns":3},{"damage":0,"enemies":"Snake Plant","floor":21,"turns":3},{"damage":29,"enemies":"Gremlin Leader","floor":24,"turns":6}],"seed_played":"-2577889214955468744","potions_obtained":[{"floor":5,"key":"LiquidMemories"},{"floor":7,"key":"EssenceOfSteel"},{"floor":8,"key":"Poison Potion"},{"floor":12,"key":"LiquidBronze"},{"floor":18,"key":"Dexterity Potion"}],"is_trial":false,"path_per_floor":["M","M","M","?","M","R","M","E","T","R","M","E","M","M","R","B",null,"M","M","?","M","$","R","E"],"character_chosen":"THE_SILENT","items_purchased":["TwistedFunnel","Paper Crane"],"campfire_rested":2,"item_purchase_floors":[22,22],"current_hp_per_floor":[59,59,59,59,56,56,48,8,8,27,25,17,3,3,22,5,51,40,39,18,18,18,18,0,0],"gold":4,"neow_bonus":"THREE_ENEMY_KILL","is_daily":false,"chose_seed":false,"campfire_upgraded":2,"win_rate":0.0,"timestamp":1612992574,"path_taken":["M","M","M","?","M","R","M","E","T","R","M","E","M","M","R","BOSS","M","M","?","M","$","R","E"],"items_purchased_type":["Relic","Relic"],"build_version":"2020-12-22","purchased_purges":1,"victory":false,"max_hp_per_floor":[66,66,66,66,66,66,66,66,66,66,66,66,66,66,66,66,66,66,66,66,66,66,66,66,66],"relic_stats":{"counters":[15,53],"Bronze Scales":[102],"Snecko Eye":[31,29,33,27],"Art of War":[2],"Smiling Mask":25,"obtain_stats":[{"TwistedFunnel":22,"Matryoshka":8,"NeowsBlessing":0,"Nilry\u0027s Codex":20,"Bronze Scales":9,"Snecko Eye":17,"Art of War":12,"Paper Crane":22,"Smiling Mask":9,"Ring of the Snake":0},{"TwistedFunnel":14,"Matryoshka":6,"NeowsBlessing":0,"Nilry\u0027s Codex":13,"Bronze Scales":6,"Snecko Eye":11,"Art of War":8,"Paper Crane":14,"Smiling Mask":6,"Ring of the Snake":0},{"TwistedFunnel":47,"Matryoshka":17,"NeowsBlessing":0,"Nilry\u0027s Codex":44,"Bronze Scales":17,"Snecko Eye":38,"Art of War":23,"Paper Crane":47,"Smiling Mask":17,"Ring of the Snake":0}],"Ring of the Snake":[30]},"card_choices":[{"not_picked":["Underhanded Strike","Dodge and Roll"],"picked":"Dagger Throw","floor":1},{"not_picked":["Blade Dance","Masterful Stab"],"picked":"Predator","floor":2},{"not_picked":["Quick Slash","Distraction"],"picked":"Backstab","floor":3},{"not_picked":["Outmaneuver","Quick Slash"],"picked":"Underhanded Strike","floor":5},{"not_picked":["Bane","Flying Knee"],"picked":"Crippling Poison","floor":7},{"not_picked":["Distraction","Unload"],"picked":"Dagger Throw","floor":8},{"not_picked":["Deflect","Calculated Gamble"],"picked":"Eviscerate","floor":11},{"not_picked":["Endless Agony","Acrobatics"],"picked":"Blade Dance","floor":12},{"not_picked":["Masterful Stab","Blur"],"picked":"Bouncing Flask","floor":13},{"not_picked":["Quick Slash","Backstab","Flying Knee"],"picked":"SKIP","floor":14},{"not_picked":["After Image","Doppelganger"],"picked":"Bullet Time","floor":16},{"not_picked":["Outmaneuver","Infinite Blades"],"picked":"Leg Sweep","floor":18},{"not_picked":["Skewer","Acrobatics"],"picked":"PiercingWail+1","floor":19},{"not_picked":["Skewer","PiercingWail","Outmaneuver"],"picked":"SKIP","floor":21}],"player_experience":1045146,"relics_obtained":[{"floor":8,"key":"Matryoshka"},{"floor":9,"key":"Bronze Scales"},{"floor":9,"key":"Smiling Mask"},{"floor":12,"key":"Art of War"},{"floor":20,"key":"Nilry\u0027s Codex"}],"event_choices":[{"damage_healed":0,"gold_gain":50,"player_choice":"Pray","damage_taken":0,"max_hp_gain":0,"max_hp_loss":0,"event_name":"Golden Shrine","floor":4,"gold_loss":0},{"damage_healed":0,"gold_gain":0,"player_choice":"Obtained Book","damage_taken":21,"max_hp_gain":0,"max_hp_loss":0,"event_name":"Cursed Tome","floor":20,"gold_loss":0}],"is_beta":false,"boss_relics":[{"not_picked":["WristBlade","Empty Cage"],"picked":"Snecko Eye"}],"items_purged_floors":[22],"is_endless":false,"potions_floor_spawned":[5,7,8,12,13,18],"killed_by":"Gremlin Leader","ascension_level":19}}