{"host":"m552uo5jodlktm3e","time":1612948234,"event":{"mods":["BaseMod","Colored Powertips","Downfall","Minty Spire (QoL Compilation)","Quick Restart","StSLib"],"gold_per_floor":[99,112,112,22,22,22,67,87,87,87,105,118,293,328,344,449,449,449,468,484,484,503,518,518,200,200,225,225,225,225],"floor_reached":28,"language":"ENG","playtime":1514,"items_purged":["Guardian:Defend_Guardian","Guardian:DonusPower"],"score":243,"play_id":"9f989aaa-e694-4488-bc2e-a66c30812f49","local_time":"20210210011034","is_ascension_mode":false,"campfire_choices":[{"data":"Guardian:TwinSlam","floor":1,"key":"SMITH"},{"data":"Guardian:GuardianWhirl","floor":6,"key":"SMITH"},{"data":"Guardian:ArmoredProtocol","floor":9,"key":"SMITH"},{"floor":18,"key":"RECALL"},{"data":"Guardian:StasisStrike","floor":26,"key":"SMITH"}],"circlet_count":0,"master_deck":["Guardian:CurlUp","Guardian:TwinSlam+1","Guardian:GuardianWhirl+1","Guardian:ArmoredProtocol+1","Guardian:DecasProtection","Guardian:PolyBeam","Guardian:DonusPower","Guardian:BodySlam","Guardian:PrismaticBarrier","Guardian:TimeBomb","Guardian:RollAttack","Guardian:StasisStrike+1","Guardian:Gem_Red","Slimebound:SplitAcid+1"],"relics":["Guardian:ModeShifter","Pen Nib","Eternal Feather","Pandora\u0027s Box","PrismaticShard","Red Mask"],"acts_visited":["Exordium","TheCity"],"potions_floor_usage":[16,23,27,27,27,27],"damage_taken":[{"damage":8,"enemies":"2 Louse","floor":2,"turns":3},{"damage":0,"enemies":"downfall:FleeingMerchant","floor":4,"turns":4},{"damage":5,"enemies":"Cultist","floor":8,"turns":4},{"damage":1,"enemies":"Jaw Worm","floor":11,"turns":4},{"damage":8,"enemies":"Gremlin Gang","floor":12,"turns":6},{"damage":18,"enemies":"3 Sentries","floor":14,"turns":12},{"damage":18,"enemies":"Blue Slaver","floor":15,"turns":5},{"damage":14,"enemies":"WA_ARCHETYPE_RETAIN","floor":16,"turns":8},{"damage":28,"enemies":"3 Byrds","floor":19,"turns":6},{"damage":26,"enemies":"Chosen","floor":20,"turns":5},{"damage":20,"enemies":"Centurion and Healer","floor":22,"turns":3},{"damage":7,"enemies":"Shelled Parasite and Fungi","floor":23,"turns":2},{"damage":0,"enemies":"downfall:FleeingMerchant","floor":25,"turns":4},{"damage":24,"enemies":"Masked Bandits","floor":27,"turns":4},{"damage":2,"enemies":"downfall:FleeingMerchant","floor":28,"turns":2}],"seed_played":"-761994924055032477","potions_obtained":[{"floor":2,"key":"SpeedPotion"},{"floor":11,"key":"PowerPotion"},{"floor":16,"key":"SpeedPotion"},{"floor":20,"key":"EntropicBrew"},{"floor":23,"key":"SpeedPotion"}],"is_trial":false,"path_per_floor":["R","M","?","$","?","R","T","M","R","?","M","M","?","E","M","B",null,"R","M","M","?","M","M","T","$","R","?","$"],"character_chosen":"GUARDIAN","items_purchased":["Guardian:Gem_Red","PrismaticShard"],"campfire_rested":0,"item_purchase_floors":[25,25],"current_hp_per_floor":[88,80,80,80,98,98,98,93,93,93,92,84,84,66,48,34,98,98,70,44,44,24,17,17,17,26,2,0,0,0],"gold":225,"neow_bonus":"TEN_PERCENT_HP_BONUS","is_daily":false,"chose_seed":false,"campfire_upgraded":4,"win_rate":0.0,"timestamp":1612948234,"path_taken":["R","M","?","?","?","R","T","?","R","?","M","M","?","E","M","BOSS","R","M","M","?","M","M","T","$","R","?","$"],"items_purchased_type":["Card","Relic"],"build_version":"2020-12-22","purchased_purges":2,"victory":false,"max_hp_per_floor":[88,88,88,88,98,98,98,98,98,98,98,98,98,98,98,98,98,98,98,98,98,98,98,98,98,98,98,98,98,98],"card_choices":[{"not_picked":["Guardian:WalkerClaw","Guardian:ShieldCharger"],"picked":"Guardian:GuardianWhirl","floor":2},{"not_picked":["Guardian:Harden","Guardian:Planning"],"picked":"Guardian:ArmoredProtocol","floor":4},{"not_picked":["Guardian:WalkerClaw","Guardian:Gem_Lightblue","Guardian:GuardianWhirl"],"picked":"SKIP","floor":8},{"not_picked":["Guardian:Gem_Cyan","Guardian:RollAttack"],"picked":"Guardian:DecasProtection","floor":11},{"not_picked":["Guardian:Repulse","Guardian:ShieldSpikes"],"picked":"Guardian:PolyBeam","floor":12},{"not_picked":["Guardian:DecasProtection","Guardian:ChargeCore"],"picked":"Guardian:DonusPower","floor":14},{"not_picked":["Guardian:TemporalStrike","Guardian:Gem_Yellow"],"picked":"Guardian:Gem_Red","floor":15},{"not_picked":["Guardian:FastForward","Guardian:Gem_Synthetic"],"picked":"Guardian:Gem_Orange","floor":16},{"not_picked":["Guardian:VentSteam+1","Guardian:SpikerProtocol"],"picked":"Guardian:Gem_Yellow","floor":19},{"not_picked":["Guardian:Planning+1","Guardian:Gem_Cyan"],"picked":"Guardian:Gem_Crimson","floor":20},{"not_picked":["Guardian:PiercingHide","Guardian:ArmoredProtocol","Guardian:Suspension"],"picked":"SKIP","floor":22},{"not_picked":["Guardian:EvasiveProtocol+1","Guardian:Repulse"],"picked":"Guardian:RollAttack","floor":23},{"not_picked":["Guardian:Reroute","Guardian:Suspension"],"picked":"Guardian:StasisStrike","floor":25},{"not_picked":["Guardian:Recover","Guardian:Gem_Cyan"],"picked":"Slimebound:SplitAcid+1","floor":27}],"player_experience":1030585,"relics_obtained":[{"floor":7,"key":"Pen Nib"},{"floor":14,"key":"Eternal Feather"},{"floor":27,"key":"Red Mask"}],"event_choices":[{"cards_removed":["Guardian:HyperBeam_Guardian"],"damage_healed":8,"gold_gain":0,"player_choice":"Offered Rare","damage_taken":0,"max_hp_gain":10,"max_hp_loss":0,"event_name":"Bonfire Elementals","floor":5,"gold_loss":0},{"damage_healed":0,"gold_gain":0,"player_choice":"Fought Bandits","damage_taken":0,"max_hp_gain":0,"max_hp_loss":0,"event_name":"Masked Bandits","floor":27,"gold_loss":0}],"is_beta":false,"boss_relics":[{"not_picked":["SlaversCollar","Guardian:StasisSlotReductionRelic"],"picked":"Pandora\u0027s Box"}],"items_purged_floors":[4,25],"is_endless":false,"potions_floor_spawned":[2,11,16,20,22,23],"killed_by":"downfall:FleeingMerchant","ascension_level":0}}