{"host":"kig4ty9d1aubg29s","time":1612945424,"event":{"mods":["BaseMod","Minty Spire (QoL Compilation)","READ ME - Guardian Mod","READ ME - Snecko Mod","StSLib","The Cursed","The Gatherer","The Hierophant","The Runesmith"],"gold_per_floor":[116,130,130,55,72,100,100,134,134,134,145,157,157,171,171,250,250,266,100,100,100,7,7,19,19,46,46,46,46,62,62,62,139,139,153,11,11,11,11,11,0,0,26,26,26,80,80,94,94,94,94],"floor_reached":50,"language":"KOR","playtime":5382,"items_purged":["Pain"],"score":843,"play_id":"f68a6261-a3f0-4427-92a7-67f1c900debc","local_time":"20210210172344","is_ascension_mode":true,"campfire_choices":[{"floor":7.0,"key":"REST"},{"floor":10.0,"key":"REST"},{"floor":13.0,"key":"REST"},{"floor":15.0,"key":"REST"},{"floor":23.0,"key":"REST"},{"data":"Noxious Fumes","floor":25.0,"key":"SMITH"},{"data":"Noxious Fumes","floor":29.0,"key":"SMITH"},{"floor":32.0,"key":"REST"},{"floor":40,"key":"REST"},{"floor":45,"key":"REST"},{"floor":47,"key":"REST"},{"floor":49,"key":"REST"}],"circlet_count":0,"master_deck":["AscendersBane","Strike_G+1","Strike_G+1","Strike_G+1","Defend_G+1","Defend_G+1","Defend_G+1","Neutralize","Dagger Spray","Blade Dance","Accuracy+1","Footwork","PiercingWail","PiercingWail","Choke","Poisoned Stab","Bullet Time","Noxious Fumes+1","Noxious Fumes+1","Outmaneuver+1","Noxious Fumes+1","Die Die Die","Terror+1","Madness","Madness","Accuracy","Sucker Punch+1"],"relics":["Empty Cage","WarpedTongs","Blue Candle","Unceasing Top","WingedGreaves","WristBlade","Membership Card","Juzu Bracelet","Pen Nib","SlaversCollar","Bottled Tornado","Red Mask","Centennial Puzzle","Shovel"],"acts_visited":["Exordium","TheCity","TheBeyond"],"potions_floor_usage":[46,50],"damage_taken":[{"damage":0.0,"enemies":"Small Slimes","floor":1.0,"turns":5.0},{"damage":11.0,"enemies":"Cultist","floor":2.0,"turns":4.0},{"damage":0.0,"enemies":"2 Louse","floor":5.0,"turns":3.0},{"damage":7.0,"enemies":"Lagavulin","floor":6.0,"turns":8.0},{"damage":37.0,"enemies":"3 Sentries","floor":8.0,"turns":6.0},{"damage":10.0,"enemies":"Red Slaver","floor":11.0,"turns":4.0},{"damage":17.0,"enemies":"Exordium Thugs","floor":12.0,"turns":3.0},{"damage":16.0,"enemies":"Large Slime","floor":14.0,"turns":6.0},{"damage":19.0,"enemies":"Slime Boss","floor":16.0,"turns":6.0},{"damage":22.0,"enemies":"Shell Parasite","floor":18.0,"turns":6.0},{"damage":8.0,"enemies":"Chosen","floor":24.0,"turns":4.0},{"damage":24.0,"enemies":"Centurion and Healer","floor":30.0,"turns":6.0},{"damage":38.0,"enemies":"Champ","floor":33.0,"turns":9.0},{"damage":11,"enemies":"3 Shapes","floor":35,"turns":8},{"damage":35,"enemies":"2 Orb Walkers","floor":46,"turns":3},{"damage":34,"enemies":"Orb Walker","floor":48,"turns":4},{"damage":39,"enemies":"Time Eater","floor":50,"turns":4}],"seed_played":"-3725456791176447733","potions_obtained":[{"floor":1.0,"key":"DistilledChaos"},{"floor":8.0,"key":"ColorlessPotion"},{"floor":11.0,"key":"EssenceOfSteel"},{"floor":14.0,"key":"Strength Potion"},{"floor":24.0,"key":"AttackPotion"},{"floor":30.0,"key":"Block Potion"},{"floor":35,"key":"SteroidPotion"},{"floor":46,"key":"FearPotion"}],"is_trial":false,"path_per_floor":["M","M","?","$","M","E","R","E","T","R","M","M","R","M","R","B",null,"M","$","?","?","?","R","M","R","T","?","$","R","M","?","R","B",null,"M","$","$","?","?","R","?","?","T","?","R","?","R","M","R","B"],"character_chosen":"THE_SILENT","items_purchased":["Membership Card","Bottled Tornado"],"campfire_rested":10,"item_purchase_floors":[19,36],"current_hp_per_floor":[59,48,48,48,48,41,60,23,23,42,32,15,34,18,37,18,54,32,32,45,45,45,64,56,56,56,56,56,56,32,32,51,13,53,42,42,42,42,42,61,61,49,49,49,66,31,50,16,35,0,0],"gold":94,"neow_bonus":"BOSS_RELIC","is_daily":false,"chose_seed":false,"campfire_upgraded":2,"win_rate":0.0,"timestamp":1612945424,"path_taken":["M","M","?","?","?","E","R","E","T","R","M","?","R","M","R","BOSS","M","$","?","?","?","R","M","R","T","?","?","R","M","?","R","BOSS","M","?","$","?","?","R","?","?","T","?","R","?","R","M","R","BOSS"],"items_purchased_type":["Relic","Relic"],"build_version":"2020-12-22","purchased_purges":1,"victory":false,"max_hp_per_floor":[66,66,66,66,66,66,66,66,66,66,66,66,66,66,66,66,66,66,66,66,66,66,66,66,66,66,66,66,66,66,66,66,66,66,66,66,66,66,66,66,66,66,66,66,66,66,66,66,66,66,66],"card_choices":[{"not_picked":["Crippling Poison","Deflect"],"picked":"Dagger Spray","floor":1.0},{"not_picked":["Finisher","Concentrate"],"picked":"Blade Dance","floor":2.0},{"not_picked":["Slice","Dagger Throw"],"picked":"Accuracy","floor":5.0},{"not_picked":["Eviscerate","Slice"],"picked":"Footwork","floor":6.0},{"not_picked":["Predator","Heel Hook"],"picked":"PiercingWail","floor":8.0},{"not_picked":["Prepared","Predator"],"picked":"PiercingWail","floor":11.0},{"not_picked":["Bouncing Flask","Bane"],"picked":"Choke","floor":12.0},{"not_picked":["Night Terror","Prepared"],"picked":"Poisoned Stab","floor":14.0},{"not_picked":["Tools of the Trade","Malaise"],"picked":"Bullet Time","floor":16.0},{"not_picked":["Bane","Heel Hook"],"picked":"Noxious Fumes","floor":18.0},{"not_picked":["Flechettes","Acrobatics"],"picked":"Noxious Fumes","floor":24.0},{"not_picked":["Riddle With Holes","PiercingWail"],"picked":"Outmaneuver+1","floor":30.0},{"not_picked":["Storm of Steel","Night Terror"],"picked":"Die Die Die","floor":33.0},{"not_picked":["Quick Slash","Dagger Throw"],"picked":"Terror+1","floor":35},{"not_picked":["Reflex","Escape Plan"],"picked":"Accuracy","floor":46},{"not_picked":["Underhanded Strike+1","Slice"],"picked":"Sucker Punch+1","floor":48}],"player_experience":1973143,"relics_obtained":[{"floor":6.0,"key":"Blue Candle"},{"floor":8.0,"key":"Unceasing Top"},{"floor":9.0,"key":"WingedGreaves"},{"floor":26.0,"key":"Pen Nib"},{"floor":43,"key":"Centennial Puzzle"},{"floor":46,"key":"Shovel"}],"event_choices":[{"damage_healed":0.0,"max_hp_gain":0.0,"max_hp_loss":0.0,"gold_gain":0.0,"event_name":"Accursed Blacksmith","player_choice":"Rummage","floor":3.0,"gold_loss":0.0,"damage_taken":0.0,"relics_obtained":["WarpedTongs"],"cards_obtained":["Pain"]},{"damage_healed":13.0,"max_hp_gain":0.0,"max_hp_loss":0.0,"gold_gain":0.0,"event_name":"The Library","player_choice":"Heal","floor":20.0,"gold_loss":0.0,"damage_taken":0.0},{"damage_healed":0.0,"max_hp_gain":0.0,"max_hp_loss":0.0,"gold_gain":0.0,"event_name":"Back to Basics","player_choice":"Simplicity","floor":21.0,"gold_loss":0.0,"damage_taken":0.0,"cards_upgraded":["Strike_G","Strike_G","Strike_G","Strike_G","Defend_G","Defend_G","Defend_G","Defend_G"]},{"damage_healed":0.0,"max_hp_gain":0.0,"max_hp_loss":0.0,"gold_gain":0.0,"event_name":"WeMeetAgain","player_choice":"Paid Gold","floor":22.0,"gold_loss":93.0,"damage_taken":0.0,"relics_obtained":["Juzu Bracelet"]},{"cards_removed":["Survivor"],"damage_healed":0.0,"max_hp_gain":0.0,"max_hp_loss":0.0,"gold_gain":0.0,"event_name":"Purifier","player_choice":"Purged","floor":27.0,"gold_loss":0.0,"damage_taken":0.0},{"damage_healed":0.0,"max_hp_gain":0.0,"max_hp_loss":0.0,"gold_gain":0.0,"event_name":"Duplicator","player_choice":"Copied","floor":31.0,"gold_loss":0.0,"damage_taken":0.0,"cards_obtained":["Noxious Fumes"]},{"cards_removed":["Defend_G"],"damage_healed":0,"gold_gain":0,"player_choice":"Removed Skill","damage_taken":0,"max_hp_gain":0,"max_hp_loss":0,"event_name":"Falling","floor":38,"gold_loss":0},{"cards_removed":["Strike_G"],"damage_healed":0,"gold_gain":0,"player_choice":"Purged","damage_taken":0,"max_hp_gain":0,"max_hp_loss":0,"event_name":"Purifier","floor":39,"gold_loss":0},{"damage_healed":0,"gold_gain":0,"player_choice":"Paid","damage_taken":0,"relics_obtained":["Red Mask"],"max_hp_gain":0,"max_hp_loss":0,"event_name":"Tomb of Lord Red Mask","floor":41,"gold_loss":11},{"damage_healed":0,"gold_gain":0,"player_choice":"Embrace Madness","damage_taken":12,"max_hp_gain":0,"max_hp_loss":0,"event_name":"Winding Halls","floor":42,"gold_loss":0,"cards_obtained":["Madness","Madness"]},{"damage_healed":0,"gold_gain":0,"player_choice":"Upgraded","damage_taken":0,"max_hp_gain":0,"max_hp_loss":0,"event_name":"Upgrade Shrine","floor":44,"gold_loss":0,"cards_upgraded":["Accuracy"]},{"damage_healed":0,"gold_gain":0,"player_choice":"Fight","damage_taken":0,"max_hp_gain":0,"max_hp_loss":0,"event_name":"Mysterious Sphere","floor":46,"gold_loss":0}],"is_beta":false,"boss_relics":[{"not_picked":["Runesmith:UraniumAnvil","Sozu"],"picked":"WristBlade"},{"not_picked":["HoveringKite","Velvet Choker"],"picked":"SlaversCollar"}],"items_purged_floors":[4],"is_endless":false,"potions_floor_spawned":[1,8,11,14,24,30,35,46],"killed_by":"Time Eater","ascension_level":17}}