{"host":"5dhwd44u3dydylwe","time":1612955321,"event":{"mods":["AchievementEnabler","BaseMod","BetterRewards","Dota2Spire","Downfall","Hubris","Minty Spire (QoL Compilation)","Shop Mod","StSLib","Wandering Minibosses"],"gold_per_floor":[99,115,25,125,137,170,160,207,278,278,307,307,307,289,315,115,115,147,165,263,263,263,283,4,104,118,22,97,121,141,41,41,94,129,142,142,154,258,258,258,273,283,283,283,283,283,353,388,405,439,439,439,469,486,501,518,518,518,548,80,80,80,80],"floor_reached":64,"language":"ENG","playtime":4183,"items_purged":["bronze:Strike","bronze:Strike"],"score":1853,"play_id":"922c0785-d51e-41ba-992a-ee447475457b","local_time":"20210210190841","is_ascension_mode":true,"campfire_choices":[{"data":"bronze:Goto","floor":1.0,"key":"SMITH"},{"floor":16,"key":"REST"},{"data":"bronze:Iterate","floor":17,"key":"SMITH"},{"floor":22,"key":"RECALL"},{"floor":31,"key":"REST"},{"floor":40,"key":"REST"},{"floor":45,"key":"REST"},{"floor":52,"key":"REST"},{"floor":61,"key":"REST"}],"circlet_count":0,"master_deck":["champ:TripleStrike+1","bronze:Strike+1","bronze:Strike","bronze:Defend","bronze:Defend","bronze:Defend","bronze:Defend+1","bronze:Replicate","bronze:Goto+1","bronze:Iterate+1","bronze:Shell","bronze:FineTuning+1","bronze:DelayedSlice","bronze:AlphaBuild","bronze:ItsAFeature+1","Apotheosis","bronze:Repulsor","bronze:Assembly","bronze:BronzeOrb+1","bronze:Assembly","Body Slam","bronze:Separator+1","Demon Form","bronze:Repulsor"],"relics":["bronze:BronzeCore","Dota2Spire:MaskOfMadness","Sundial","Bird Faced Urn","downfall:HeartBlessingBlue","downfall:HeartBlessingGreen","Tiny Chest","Fusion Hammer","Potion Belt","wanderingMiniBosses:ThiefScarf","MealTicket","Dota2Spire:Mjollnir","Dota2Spire:LotusOrb","downfall:HeartBlessingRed","hubris:GlazedTorus","Strawberry","Happy Flower","Dota2Spire:RefresherOrb","bronze:BottledCode","hubris:SphereOfDissonance","hubris:DisguiseKit","Dota2Spire:HeartOfTarrasque","Bronze Scales","PreservedInsect","Nunchaku","bronze:SilverBullet","Bag of Preparation","hubris:CrystalStatue"],"acts_visited":["Exordium","TheCity","TheBeyond","TheEnding"],"potions_floor_usage":[13,15,20,20,27,63,63,63,63,63],"damage_taken":[{"damage":0.0,"enemies":"Cultist","floor":2.0,"turns":4.0},{"damage":0.0,"enemies":"downfall:FleeingMerchant","floor":3.0,"turns":4.0},{"damage":3.0,"enemies":"Small Slimes","floor":5.0,"turns":2.0},{"damage":17.0,"enemies":"Gremlin Nob","floor":6.0,"turns":4.0},{"damage":1.0,"enemies":"Jaw Worm","floor":7.0,"turns":5.0},{"damage":13,"enemies":"Lagavulin","floor":11,"turns":7},{"damage":0,"enemies":"Gremlin Gang","floor":13,"turns":1},{"damage":12,"enemies":"Exordium Thugs","floor":14,"turns":6},{"damage":16,"enemies":"Gremlin Nob","floor":15,"turns":4},{"damage":12,"enemies":"Lagavulin","floor":18,"turns":4},{"damage":2,"enemies":"Red Slaver","floor":19,"turns":6},{"damage":13,"enemies":"DF_ARCHETYPE_STREAMLINE","floor":20,"turns":8},{"damage":4,"enemies":"Shell Parasite","floor":23,"turns":6},{"damage":15,"enemies":"downfall:FleeingMerchant","floor":24,"turns":4},{"damage":4,"enemies":"downfall:LadyInBlue","floor":25,"turns":10},{"damage":11,"enemies":"3 Cultists","floor":26,"turns":5},{"damage":7,"enemies":"downfall:FleeingMerchant","floor":27,"turns":4},{"damage":15,"enemies":"Centurion and Healer","floor":28,"turns":8},{"damage":0,"enemies":"Cultist and Chosen","floor":30,"turns":5},{"damage":21,"enemies":"Book of Stabbing","floor":34,"turns":4},{"damage":3,"enemies":"3 Cultists","floor":35,"turns":4},{"damage":5,"enemies":"Snake Plant","floor":37,"turns":3},{"damage":7,"enemies":"IC_MUSHROOM_ARCHETYPE","floor":38,"turns":7},{"damage":0,"enemies":"3 Shapes","floor":41,"turns":2},{"damage":6,"enemies":"Orb Walker","floor":42,"turns":4},{"damage":0,"enemies":"Giant Head","floor":48,"turns":6},{"damage":0,"enemies":"Maw","floor":49,"turns":5},{"damage":25,"enemies":"Nemesis","floor":50,"turns":3},{"damage":0,"enemies":"Reptomancer","floor":53,"turns":4},{"damage":0,"enemies":"4 Shapes","floor":54,"turns":3},{"damage":0,"enemies":"Spire Growth","floor":55,"turns":3},{"damage":0,"enemies":"Maw","floor":56,"turns":4},{"damage":0,"enemies":"WA_ARCHETYPE_DIVINITY","floor":57,"turns":7},{"damage":18,"enemies":"downfall:CharBossMerchant","floor":59,"turns":5},{"damage":0,"enemies":"downfall:NeowBoss","floor":62,"turns":8},{"damage":34,"enemies":"downfall:NeowBossFinal","floor":63,"turns":7}],"seed_played":"-6282905914435840515","potions_obtained":[{"floor":5.0,"key":"SmokeBomb"},{"floor":6.0,"key":"Dexterity Potion"},{"floor":14,"key":"Weak Potion"},{"floor":15,"key":"DistilledChaos"},{"floor":23,"key":"SteroidPotion"},{"floor":25,"key":"DuplicationPotion"},{"floor":25,"key":"Dota2Spire:Clarity"},{"floor":25,"key":"LiquidBronze"},{"floor":25,"key":"SkillPotion"},{"floor":34,"key":"Fire Potion"},{"floor":35,"key":"EssenceOfSteel"},{"floor":54,"key":"CultistPotion"}],"is_trial":false,"path_per_floor":["R","M","$","?","M","E","M","T","T","?","E","?","M","M","E","R","R","E","M","B",null,"R","M","$","?","M","$","M","T","M","R","T","T","E","M","?","M","B",null,"R","M","M","?","?","R","T","T","E","M","E","T","R","E","M","M","M","B",null,"E","$","R","B","B",null],"character_chosen":"THE_AUTOMATON","items_purchased":["Apotheosis","bronze:Repulsor","Bag of Preparation","hubris:CrystalStatue","bronze:Repulsor"],"campfire_rested":6,"item_purchase_floors":[24,27,60,60,60],"current_hp_per_floor":[70,70,70,70,67,50,49,49,49,49,36,36,36,26,10,44,44,32,30,17,80,80,78,63,63,54,51,40,40,42,66,66,73,56,57,57,56,55,87,87,87,83,83,77,77,77,77,85,85,62,62,85,85,85,85,85,85,85,67,82,85,85,51],"gold":80,"neow_bonus":"RANDOM_COMMON_RELIC","is_daily":false,"chose_seed":false,"campfire_upgraded":2,"win_rate":0.0,"timestamp":1612955321,"path_taken":["R","M","$","?","M","E","M","T","T","?","E","?","M","?","E","R","R","E","M","BOSS","R","M","$","?","M","$","M","T","?","R","?","?","E","M","?","M","BOSS","R","M","M","?","?","R","T","T","E","M","E","?","R","E","M","M","M","BOSS","E","$","R","BOSS","BOSS"],"items_purchased_type":["Card","Card","Relic","Relic","Card"],"build_version":"2020-12-22","purchased_purges":2,"victory":true,"max_hp_per_floor":[70,70,70,70,70,70,70,70,70,70,70,70,70,70,70,80,80,80,80,80,80,80,80,80,80,80,80,80,80,80,80,80,87,87,87,87,87,87,87,87,87,87,87,77,77,77,77,85,85,85,85,85,85,85,85,85,85,85,85,85,85,85,85],"card_choices":[{"not_picked":["bronze:Shield","bronze:DelayedGuard","bronze:Frontload"],"picked":"SKIP","floor":2.0},{"not_picked":["bronze:WildBeam","bronze:DelayedSlice"],"picked":"bronze:Iterate","floor":3.0},{"not_picked":["bronze:BugBarrage","bronze:BitShift","bronze:WildBeam"],"picked":"SKIP","floor":5.0},{"not_picked":["bronze:ClassDefault","bronze:Invalidate"],"picked":"bronze:Shell","floor":6.0},{"not_picked":["bronze:FindAndReplace","bronze:Allocate"],"picked":"bronze:FineTuning","floor":7.0},{"not_picked":["bronze:ChildClass","bronze:WildBeam","bronze:Shield"],"picked":"SKIP","floor":11},{"not_picked":["bronze:Frontload","bronze:MaxOutput"],"picked":"bronze:DelayedSlice","floor":14},{"not_picked":["bronze:ForceShield","bronze:Deprecate","bronze:FindAndReplace"],"picked":"SKIP","floor":15},{"not_picked":["bronze:OilSpill","bronze:FollowUp","bronze:WildBeam"],"picked":"SKIP","floor":18},{"not_picked":["bronze:Branch","bronze:Iterate","bronze:Optimize"],"picked":"SKIP","floor":19},{"not_picked":["bronze:ThunderWave","bronze:RecursiveStrike"],"picked":"bronze:AlphaBuild","floor":20},{"not_picked":["bronze:ChosenStrike+1","bronze:ForLoop","bronze:Backtrace"],"picked":"SKIP","floor":23},{"not_picked":["bronze:CutThrough","bronze:BugBarrage"],"picked":"bronze:ItsAFeature+1","floor":24},{"not_picked":["bronze:ClassDefault+1","bronze:WildBeam","bronze:NullPointer"],"picked":"SKIP","floor":26},{"not_picked":["bronze:Deprecate+1","bronze:BugBarrage","bronze:HyperBeam"],"picked":"SKIP","floor":27},{"not_picked":["bronze:Branch","bronze:BitShift+1","bronze:ForceShield+1"],"picked":"SKIP","floor":28},{"not_picked":["bronze:BronzeArmor","bronze:Backtrace","bronze:Frontload+1"],"picked":"SKIP","floor":30},{"not_picked":["bronze:Deprecate","bronze:ItsAFeature","bronze:Verify"],"picked":"SKIP","floor":34},{"not_picked":["bronze:Invalidate","bronze:WhirlingStrike","bronze:BitShift"],"picked":"SKIP","floor":35},{"not_picked":["bronze:Iterate","bronze:Shell","bronze:Turbo"],"picked":"SKIP","floor":37},{"not_picked":["bronze:FindAndReplace","bronze:HardenedForm"],"picked":"bronze:Assembly","floor":38},{"not_picked":["bronze:BitShift","bronze:Frontload","bronze:Shell"],"picked":"SKIP","floor":41},{"not_picked":["bronze:Overheat+1","bronze:CutThrough+1"],"picked":"bronze:BronzeOrb+1","floor":42},{"not_picked":["bronze:Branch+1","bronze:OilSpill+1","Flex"],"picked":"bronze:Assembly","floor":48},{"not_picked":["bronze:Turbo+1","bronze:Optimize","bronze:ClassDefault","Shrug It Off"],"picked":"SKIP","floor":49},{"not_picked":["bronze:BugBarrage+1","bronze:Deprecate+1","bronze:Turbo+1","Sever Soul"],"picked":"SKIP","floor":50},{"not_picked":["bronze:Iterate+1","bronze:FineTuning+1","bronze:Safeguard"],"picked":"Body Slam","floor":53},{"not_picked":["bronze:BuggyMess+1","bronze:BurnOut","Flex"],"picked":"bronze:Separator+1","floor":54},{"not_picked":["bronze:Shield+1","bronze:ItsAFeature","bronze:MaxOutput+1","Armaments"],"picked":"SKIP","floor":55},{"not_picked":["bronze:ChosenStrike","bronze:CutThrough","bronze:Optimize","hubris:ReadiedAction"],"picked":"SKIP","floor":56},{"not_picked":["bronze:WildBeam+1","bronze:Constructor+1","bronze:DarkDash"],"picked":"Demon Form","floor":59}],"player_experience":247784,"relics_obtained":[{"floor":6.0,"key":"Dota2Spire:MaskOfMadness"},{"floor":9.0,"key":"Sundial"},{"floor":11,"key":"Dota2Spire:Mjollnir"},{"floor":15,"key":"Bird Faced Urn"},{"floor":18,"key":"Tiny Chest"},{"floor":25,"key":"Potion Belt"},{"floor":28,"key":"wanderingMiniBosses:ThiefScarf"},{"floor":28,"key":"MealTicket"},{"floor":28,"key":"Dota2Spire:Mjollnir"},{"floor":29,"key":"Dota2Spire:LotusOrb"},{"floor":32,"key":"hubris:GlazedTorus"},{"floor":33,"key":"Strawberry"},{"floor":34,"key":"Happy Flower"},{"floor":46,"key":"hubris:SphereOfDissonance"},{"floor":47,"key":"hubris:DisguiseKit"},{"floor":48,"key":"Dota2Spire:HeartOfTarrasque"},{"floor":50,"key":"Bronze Scales"},{"floor":51,"key":"PreservedInsect"},{"floor":53,"key":"Nunchaku"},{"floor":59,"key":"bronze:SilverBullet"}],"event_choices":[],"is_beta":false,"boss_relics":[{"not_picked":["Runic Pyramid","expansioncontent:StudyCardRelic"],"picked":"Fusion Hammer"},{"not_picked":["Astrolabe","hubris:VirtuousBlindfold"],"picked":"Dota2Spire:RefresherOrb"}],"items_purged_floors":[3,24],"is_endless":false,"potions_floor_spawned":[5,6,13,14,15,23,25,26,34,35,42,49,54,55,59],"ascension_level":1}}