{"host":"si2ec0wbmfkjihef","time":1612994669,"event":{"mods":["AchievementEnabler","Act Like it!","BaseMod","BetterRewards","Colored Map","Colored Powertips","Energized Spire","Evolution","Gold Saver","Highlight Path","Infinite Spire","Minty Spire (QoL Compilation)","Quick Restart","Reworked Bosses","StSLib","The Jungle"],"gold_per_floor":[303,48,61,61,76,76,106,106,106,119,139,173,203,203,203,304,304,324,599,223,234,253,253,253,265,312,312,323,323,333,333,333,434,434,445,461,214,227,239,239,273,288,367,367,383,395,395,395,395,395,395],"floor_reached":50,"language":"DEU","playtime":2252,"items_purged":["Regret","Dualcast"],"score":560,"play_id":"0be4bb73-6387-49c8-adf1-b05a6a4ba1e3","local_time":"20210210230429","is_ascension_mode":true,"campfire_choices":[{"data":"Storm","floor":6,"key":"SMITH"},{"data":"Zap","floor":8,"key":"SMITH"},{"data":"Conserve Battery","floor":15,"key":"SMITH"},{"floor":23,"key":"REST"},{"data":"Mayhem","floor":27,"key":"SMITH"},{"floor":32,"key":"REST"},{"floor":40,"key":"REST"},{"floor":44,"key":"REST"},{"floor":47,"key":"REST"},{"floor":49,"key":"REST"}],"circlet_count":0,"master_deck":["Barrage","Barrage","Barrage","Barrage","Conserve Battery+1","Conserve Battery","Conserve Battery","Conserve Battery","Zap+1","Ball Lightning","BootSequence","Storm+1","Creative AI","Genetic Algorithm","Mayhem+1","Static Discharge","Defragment+1","Genetic Algorithm+1","Electrodynamics"],"relics":["Cracked Core","EVO:Axolotl","infinitespire:WardingShard","Ginger","Blue Candle","PreservedInsect","Anchor","Inserter","Juzu Bracelet","Lantern","Vajra","Bottled Tornado"],"acts_visited":["Exordium","TheCity","TheBeyond"],"potions_floor_usage":[],"damage_taken":[{"damage":0,"enemies":"Cultist","floor":1,"turns":3},{"damage":0,"enemies":"Jaw Worm","floor":3,"turns":3},{"damage":0,"enemies":"2 Louse","floor":5,"turns":3},{"damage":20,"enemies":"3 Sentries","floor":7,"turns":6},{"damage":4,"enemies":"Gremlin Gang","floor":10,"turns":4},{"damage":0,"enemies":"Lots of Slimes","floor":11,"turns":4},{"damage":5,"enemies":"Lagavulin","floor":12,"turns":5},{"damage":33,"enemies":"The Guardian","floor":16,"turns":12},{"damage":1,"enemies":"Chosen","floor":18,"turns":5},{"damage":22,"enemies":"3 Byrds","floor":21,"turns":5},{"damage":20,"enemies":"Centurion and Healer","floor":22,"turns":5},{"damage":21,"enemies":"Cultist and Chosen","floor":25,"turns":5},{"damage":14,"enemies":"Snecko","floor":28,"turns":4},{"damage":20,"enemies":"Colosseum Slavers","floor":29,"turns":4},{"damage":5,"enemies":"Sentry and Sphere","floor":30,"turns":5},{"damage":53,"enemies":"bossMod:newCollector","floor":33,"turns":7},{"damage":42,"enemies":"3 Shapes","floor":35,"turns":4},{"damage":0,"enemies":"Orb Walker","floor":36,"turns":3},{"damage":6,"enemies":"Sphere and 2 Shapes","floor":38,"turns":6},{"damage":24,"enemies":"3 Darklings","floor":39,"turns":4},{"damage":27,"enemies":"Reptomancer","floor":41,"turns":5},{"damage":0,"enemies":"Transient","floor":42,"turns":5},{"damage":25,"enemies":"Maw","floor":45,"turns":6},{"damage":1,"enemies":"4 Shapes","floor":46,"turns":2},{"damage":63,"enemies":"infinitespire:MassOfShapes","floor":50,"turns":7}],"seed_played":"-2253020791319644655","potions_obtained":[{"floor":1,"key":"Fire Potion"},{"floor":7,"key":"PotionOfCapacity"}],"is_trial":false,"path_per_floor":["M","$","M","$","M","R","E","R","T","M","M","E","?","?","R","B",null,"M","?","$","M","M","R","?","M","T","R","M","?","M","?","R","B",null,"M","M","$","M","M","R","E","M","T","R","M","M","R","$","R","B"],"character_chosen":"DEFECT","items_purchased":["infinitespire:WardingShard","Genetic Algorithm","Mayhem","Static Discharge","Lantern"],"campfire_rested":6,"item_purchase_floors":[2,20,20,20,37],"current_hp_per_floor":[89,89,89,89,89,89,69,69,69,65,65,60,60,60,60,27,86,85,85,85,63,43,68,68,47,47,47,33,13,8,36,61,8,86,44,44,44,38,14,39,12,12,12,37,12,11,36,36,61,0,0],"gold":395,"neow_bonus":"TWENTY_PERCENT_HP_BONUS","is_daily":false,"chose_seed":false,"campfire_upgraded":4,"win_rate":0.0,"timestamp":1612994669,"path_taken":["M","$","M","$","M","R","E","R","T","M","M","E","?","?","R","BOSS","M","?","$","?","M","R","?","?","T","R","M","?","M","?","R","BOSS","M","M","$","M","M","R","E","M","T","R","M","M","R","$","R","BOSS"],"items_purchased_type":["Relic","Card","Card","Card","Relic"],"build_version":"2020-12-22","purchased_purges":2,"victory":false,"max_hp_per_floor":[89,89,89,89,89,89,89,89,89,89,89,89,89,86,86,86,86,86,86,86,86,86,86,86,86,86,86,86,86,86,86,86,86,86,86,86,86,86,86,86,86,86,86,86,86,86,86,86,86,86,86],"card_choices":[{"not_picked":["Beam Cell","Cold Snap"],"picked":"Ball Lightning","floor":1},{"not_picked":["Coolheaded","Leap"],"picked":"BootSequence","floor":3},{"not_picked":["Reprogram","Rip and Tear"],"picked":"Storm","floor":5},{"not_picked":["Melter","Streamline","Redo"],"picked":"SKIP","floor":7},{"not_picked":["Rebound","Scrape","Sunder"],"picked":"SKIP","floor":10},{"not_picked":["Go for the Eyes","Steam Power","Reinforced Body"],"picked":"SKIP","floor":11},{"not_picked":["Steam Power","Blizzard","Multi-Cast"],"picked":"SKIP","floor":12},{"not_picked":["Meteor Strike","Echo Form"],"picked":"Creative AI","floor":16},{"not_picked":["Gash","Rebound","Steam"],"picked":"SKIP","floor":18},{"not_picked":["Compile Driver+1","Steam"],"picked":"Defragment+1","floor":21},{"not_picked":["Rip and Tear+1","Hologram","Storm"],"picked":"SKIP","floor":22},{"not_picked":["Beam Cell","Rainbow","Coolheaded+1"],"picked":"SKIP","floor":25},{"not_picked":["Conserve Battery","Doom and Gloom","Streamline"],"picked":"SKIP","floor":28},{"not_picked":["Stack","Consume+1","White Noise"],"picked":"SKIP","floor":30},{"not_picked":["Streamline","Chaos+1"],"picked":"Genetic Algorithm+1","floor":35},{"not_picked":["Rebound+1","Compile Driver","Cold Snap"],"picked":"SKIP","floor":36},{"not_picked":["Conserve Battery+1","Leap"],"picked":"Electrodynamics","floor":38},{"not_picked":["Conserve Battery+1","Darkness+1","Rebound"],"picked":"SKIP","floor":39},{"not_picked":["Hello World+1","Thunder Strike","Ball Lightning+1"],"picked":"SKIP","floor":41},{"not_picked":["Beam Cell+1","Compile Driver+1","Lockon"],"picked":"SKIP","floor":42},{"not_picked":["Barrage+1","Leap+1","Aggregate"],"picked":"SKIP","floor":45},{"not_picked":["Hologram","Sunder+1","Reinforced Body+1"],"picked":"SKIP","floor":46}],"player_experience":105419,"relics_obtained":[{"floor":7,"key":"Ginger"},{"floor":9,"key":"Blue Candle"},{"floor":12,"key":"PreservedInsect"},{"floor":26,"key":"Juzu Bracelet"},{"floor":41,"key":"Vajra"},{"floor":43,"key":"Bottled Tornado"}],"event_choices":[{"damage_healed":0,"gold_gain":30,"player_choice":"Searched \u00272\u0027 times","damage_taken":0,"relics_obtained":["Anchor"],"max_hp_gain":0,"max_hp_loss":0,"event_name":"Dead Adventurer","floor":13,"gold_loss":0},{"cards_removed":["Parasite"],"damage_healed":0,"gold_gain":0,"player_choice":"Removed Curses","damage_taken":0,"max_hp_gain":0,"max_hp_loss":0,"event_name":"Fountain of Cleansing","floor":14,"gold_loss":0},{"damage_healed":0,"gold_gain":275,"player_choice":"Desecrate","damage_taken":0,"max_hp_gain":0,"max_hp_loss":0,"event_name":"Golden Shrine","floor":19,"gold_loss":0,"cards_obtained":["Regret"]},{"damage_healed":0,"gold_gain":0,"player_choice":"0 cards matched","damage_taken":0,"max_hp_gain":0,"max_hp_loss":0,"event_name":"Match and Keep!","floor":24,"gold_loss":0,"cards_obtained":[]},{"damage_healed":0,"gold_gain":0,"player_choice":"Fight","damage_taken":0,"max_hp_gain":0,"max_hp_loss":0,"event_name":"Colosseum","floor":29,"gold_loss":0},{"damage_healed":0,"gold_gain":0,"player_choice":"Fled From Nobs","damage_taken":0,"max_hp_gain":0,"max_hp_loss":0,"event_name":"Colosseum","floor":29,"gold_loss":0},{"damage_healed":28,"gold_gain":0,"player_choice":"Heal","damage_taken":0,"max_hp_gain":0,"max_hp_loss":0,"event_name":"The Library","floor":31,"gold_loss":0}],"is_beta":false,"boss_relics":[{"not_picked":["energizedSpire:SpiderWeb","energizedSpire:EnergizedDie"],"picked":"Inserter"},{"not_picked":["energizedSpire:StickyHand","Coffee Dripper","Runic Dome"]}],"items_purged_floors":[20,37],"is_endless":false,"potions_floor_spawned":[1,7,10,11,16,22,28,30,36,39,45],"killed_by":"infinitespire:MassOfShapes","ascension_level":1}}