{"host":"e3zuhorjxi9w14q4","time":1612962923,"event":{"mods":["AchievementEnabler","Aspiration","BaseMod","Defuse TimeMaze Blight","Downfall","Energized Spire","GifTheSpireLib","Hubris","Infinite Spire","Jorbs\u0027s Wanderer Trilogy","Minty Spire (QoL Compilation)","Reliquary","Replay The Spire","Spicy Shops","Spikes Relics","StSLib","Stuff the Spire","The Marked","The Servant 0.9.4"],"gold_per_floor":[99,99,99,109,18,18,88,113,113,26,40,60,60,75,90,90,90,90],"floor_reached":16,"language":"ENG","playtime":685,"items_purged":[],"score":100,"play_id":"98153215-07f2-4095-bf66-7de1eb7d0c4e","local_time":"20210210141523","is_ascension_mode":false,"campfire_choices":[{"floor":1,"key":"DIG"},{"floor":13,"key":"REST"}],"circlet_count":0,"master_deck":["Guardian:Strike_Guardian+1","Guardian:Strike_Guardian+1","Guardian:Strike_Guardian","Guardian:Strike_Guardian","Guardian:Defend_Guardian","Guardian:Defend_Guardian","Guardian:Defend_Guardian","Guardian:Defend_Guardian","Guardian:CurlUp+1","Guardian:TwinSlam","hexamod:Incineration","hexamod:Incineration","Guardian:PrismaticBarrier","Guardian:CrystalBeam","Guardian:Orbwalk","Guardian:SentryBeam","Noxious Fumes","Guardian:SphericShield"],"relics":["m_HexaRing","Shovel","StoneCalendar","Guide Book","infinitespire:Cubic Diamond","Replay:Accelerometer","reliquary:Firecrackers","Orrery"],"acts_visited":["Exordium"],"potions_floor_usage":[15,16,16,16],"damage_taken":[{"damage":0,"enemies":"Cultist","floor":3,"turns":1},{"damage":6,"enemies":"Jaw Worm","floor":4,"turns":4},{"damage":5,"enemies":"downfall:FleeingMerchant","floor":5,"turns":4},{"damage":30,"enemies":"Lagavulin","floor":8,"turns":7},{"damage":5,"enemies":"downfall:FleeingMerchant","floor":10,"turns":4},{"damage":10,"enemies":"Small Slimes","floor":11,"turns":2},{"damage":8,"enemies":"Red Slaver","floor":12,"turns":3},{"damage":15,"enemies":"Exordium Wildlife","floor":14,"turns":4},{"damage":9,"enemies":"Large Slime","floor":15,"turns":4},{"damage":6,"enemies":"SI_SHIV_ARCHETYPE","floor":16,"turns":5}],"seed_played":"-5730153512829230262","potions_obtained":[{"floor":8,"key":"Adrenaline Potion"},{"floor":12,"key":"SteroidPotion"},{"floor":14,"key":"CultistPotion"},{"floor":15,"key":"PowerPotion"}],"is_trial":false,"path_per_floor":["R","?","M","M","$","?","T","E","?","$","M","M","R","M","M","B"],"character_chosen":"GUARDIAN","items_purchased":["Guide Book","Orrery"],"campfire_rested":1,"item_purchase_floors":[5,10],"current_hp_per_floor":[72,72,72,66,61,61,61,31,31,26,16,8,29,14,5,0,0,0],"gold":90,"neow_bonus":"ONE_RARE_RELIC","is_daily":false,"chose_seed":false,"campfire_upgraded":0,"win_rate":0.0,"timestamp":1612962923,"path_taken":["R","?","M","M","$","?","T","E","?","$","?","M","R","M","M","BOSS"],"items_purchased_type":["Relic","Relic"],"build_version":"2020-12-22","purchased_purges":0,"victory":false,"max_hp_per_floor":[72,72,72,72,72,72,72,72,72,72,72,72,72,72,72,72,72,72],"card_choices":[{"not_picked":["Guardian:Gem_Green","Guardian:Harden"],"picked":"Guardian:Gem_Fragmented","floor":3},{"not_picked":["Guardian:PiercingHide","Guardian:TimeCapacitor"],"picked":"Guardian:Gem_Blue","floor":4},{"not_picked":["Guardian:TemporalStrike","Guardian:CrystalBeam","Guardian:Suspension"],"picked":"SKIP","floor":5},{"not_picked":["Guardian:VentSteam","Guardian:SentryBeam"],"picked":"Guardian:Gem_Purple","floor":8},{"not_picked":["Guardian:Gem_Yellow","Guardian:Emergency","Guardian:Preprogram"],"picked":"SKIP","floor":10},{"not_picked":["Guardian:RevengeProtocol","hexamod:BurningTouch"],"picked":"hexamod:Incineration","floor":10},{"not_picked":["Guardian:GatlingBeam","Guardian:Planning"],"picked":"hexamod:Incineration","floor":10},{"not_picked":["Guardian:TimeCapacitor","Guardian:Recover"],"picked":"Guardian:Gem_Green","floor":10},{"not_picked":["Guardian:TemporalStrike","Guardian:MultiBeam"],"picked":"Guardian:PrismaticBarrier","floor":10},{"not_picked":["hexamod:Firestarter","Guardian:ShieldCharger"],"picked":"Guardian:CrystalBeam","floor":10},{"not_picked":["Guardian:TemporalShield","Guardian:Planning"],"picked":"Guardian:Orbwalk","floor":11},{"not_picked":["hexamod:ExtraCrispy","Bane"],"picked":"Guardian:SentryBeam","floor":12},{"not_picked":["Guardian:Incinerate","Guardian:TemporalStrike"],"picked":"Noxious Fumes","floor":14},{"not_picked":["Guardian:RollAttack","Guardian:Orbwalk"],"picked":"Guardian:SphericShield","floor":15}],"player_experience":279992,"relics_obtained":[{"floor":1,"key":"StoneCalendar"},{"floor":7,"key":"Replay:Accelerometer"},{"floor":8,"key":"reliquary:Firecrackers"}],"event_choices":[],"is_beta":false,"boss_relics":[],"items_purged_floors":[],"is_endless":false,"potions_floor_spawned":[8,12,14,15],"killed_by":"SI_SHIV_ARCHETYPE","ascension_level":0}}