{"host":"abo8h6rpy4i6n2au","time":1612952729,"event":{"mods":["AchievementEnabler","Act Like it!","Aspiration","BaseMod","Better Altar","Better Match","Better Note","Better Sensory Stone","Better Skull","Better Third Choice","BetterRewards","Colored Map","Colored Powertips","Conspire","DeckTracker","Energized Spire","Gensokyo","GungeonMod","Hallownest","Hermit","Highlight Path","HololiveMod","Hubris","Jedi Mod","Jorbs\u0027s Wanderer Trilogy","Marisa????????","Minty Spire (QoL Compilation)","Remilia??????","Shop Mod","StSLib","The Bug Knight","The Cursed","The Hierophant","The Jungle","The Kombatant","The Necromancer","The Runesmith","The Senshi","The Servant 0.9.4","Yuri Mod"],"gold_per_floor":[114,114,44,44,55,55,89,99,99,99,115,115,37,37,37,139,139,154,154,173,21,21,39,59,59,59,71,112,124,124],"floor_reached":29,"language":"ENG","playtime":1475,"items_purged":["Clumsy"],"score":221,"play_id":"2d5f5b19-6cb0-4721-89e1-a54bd99121ae","local_time":"20210210112529","is_ascension_mode":false,"campfire_choices":[{"data":"jedi:pocketpoison","floor":6,"key":"SMITH"},{"floor":12,"key":"REST"},{"floor":15,"key":"REST"}],"circlet_count":0,"master_deck":["Strike_G","Strike_G","Strike_G","Strike_G","Strike_G","Defend_G","Defend_G","Defend_G+1","Defend_G","Defend_G","Survivor","Neutralize","Leg Sweep+1","jedi:pocketpoison+1","Cloak And Dagger","jedi:collectorvenom","Setup","Catalyst","jedi:poisonivy","A Thousand Cuts","Sucker Punch","A Thousand Cuts","Writhe","jedi:pocketpoison","Caltrops","Pride","Well Laid Plans"],"relics":["Ring of the Snake","aspiration:Nostalgia","Burning Blood","Gensokyo:NagashiBinaDoll","jedi:sprinkler","The Specimen","Happy Flower","Vajra","energizedSpire:MagnifyingGlass","DemoMod:WhiteGuonStone","hubris:Icosahedron","MawBank","GreatHeart","Red Mask"],"acts_visited":["Gensokyo:Gensokyo","TheCity"],"potions_floor_usage":[7,24,24,28,28],"damage_taken":[{"damage":1,"enemies":"Gensokyo:2_Kodama","floor":1,"turns":3},{"damage":0,"enemies":"Gensokyo:3_Fairies","floor":5,"turns":4},{"damage":58,"enemies":"Gensokyo:Mamizou","floor":7,"turns":12},{"damage":1,"enemies":"Gensokyo:Python","floor":8,"turns":4},{"damage":9,"enemies":"Gensokyo:2_Rabbits","floor":11,"turns":6},{"damage":12,"enemies":"Gensokyo:Reimu","floor":16,"turns":10},{"damage":27,"enemies":"Chosen","floor":18,"turns":8},{"damage":9,"enemies":"3 Byrds","floor":20,"turns":6},{"damage":1,"enemies":"Centurion and Healer","floor":23,"turns":7},{"damage":15,"enemies":"3 Cultists","floor":24,"turns":7},{"damage":41,"enemies":"Masked Bandits","floor":28,"turns":5},{"damage":9,"enemies":"Chosen and Byrds","floor":29,"turns":4}],"seed_played":"3574253951897418472","potions_obtained":[{"floor":1,"key":"Poison Potion"},{"floor":5,"key":"SneckoOil"},{"floor":8,"key":"ColorlessPotion"},{"floor":24,"key":"AttackPotion"}],"is_trial":false,"path_per_floor":["M","?","?","?","M","R","E","M","T","?","M","R","$","?","R","B",null,"M","?","M","$","?","M","M","?","T","?","?","M"],"character_chosen":"THE_SILENT","items_purchased":["jedi:poisonivy","A Thousand Cuts"],"campfire_rested":2,"item_purchase_floors":[13,21],"current_hp_per_floor":[70,70,70,70,70,70,18,23,23,23,20,41,41,27,48,42,70,49,49,46,46,46,51,42,42,42,42,7,0,0],"gold":124,"neow_bonus":"NOSTALGIA","is_daily":false,"chose_seed":false,"campfire_upgraded":1,"win_rate":0.0,"timestamp":1612952729,"path_taken":["M","?","?","?","?","R","E","M","T","?","M","R","$","?","R","BOSS","M","?","M","?","?","?","M","?","T","?","?","M"],"items_purchased_type":["Card","Card"],"build_version":"2020-12-22","purchased_purges":1,"victory":false,"max_hp_per_floor":[70,70,70,70,70,70,70,70,70,70,70,70,70,70,70,70,70,70,70,70,70,70,70,70,70,70,70,70,70,70],"card_choices":[{"not_picked":["Dagger Throw","Concentrate"],"picked":"Leg Sweep","floor":1},{"not_picked":["Blade Dance","Dagger Spray"],"picked":"jedi:pocketpoison","floor":4},{"not_picked":["Dagger Throw","hubris:TrickCloak"],"picked":"Cloak And Dagger","floor":4},{"not_picked":["Reflex","hubris:SlightOfHand"],"picked":"Endless Agony","floor":5},{"not_picked":["Bane","Finisher"],"picked":"jedi:collectorvenom","floor":7},{"not_picked":["Backflip","PiercingWail"],"picked":"Setup","floor":8},{"not_picked":["Tactician","Flying Knee"],"picked":"Catalyst","floor":11},{"not_picked":["Storm of Steel","Phantasmal Killer"],"picked":"A Thousand Cuts","floor":16},{"not_picked":["Cloak And Dagger","Dagger Throw"],"picked":"Sucker Punch","floor":18},{"not_picked":["Endless Agony","Leg Sweep"],"picked":"jedi:collectorvenom","floor":20},{"not_picked":["PiercingWail","Blur"],"picked":"jedi:pocketpoison","floor":23},{"not_picked":["Backflip","Dagger Throw"],"picked":"Caltrops","floor":24},{"not_picked":["Acrobatics","Backflip"],"picked":"Well Laid Plans","floor":28}],"player_experience":132214,"relics_obtained":[{"floor":7,"key":"jedi:sprinkler"},{"floor":9,"key":"The Specimen"},{"floor":26,"key":"MawBank"},{"floor":28,"key":"Red Mask"}],"event_choices":[{"damage_healed":0,"gold_gain":0,"player_choice":"Ignored","damage_taken":0,"max_hp_gain":0,"max_hp_loss":0,"event_name":"Ghosts","floor":19,"gold_loss":0},{"damage_healed":0,"gold_gain":0,"player_choice":"Opened","damage_taken":0,"relics_obtained":["DemoMod:WhiteGuonStone"],"max_hp_gain":0,"max_hp_loss":0,"event_name":"The Mausoleum","floor":22,"gold_loss":0,"cards_obtained":["Writhe"]},{"damage_healed":0,"gold_gain":0,"player_choice":"Fought Bandits","damage_taken":0,"max_hp_gain":0,"max_hp_loss":0,"event_name":"Masked Bandits","floor":28,"gold_loss":0}],"is_beta":false,"boss_relics":[{"not_picked":["Sozu","hubris:BlackHole"],"picked":"energizedSpire:MagnifyingGlass"}],"items_purged_floors":[21],"is_endless":false,"potions_floor_spawned":[1,5,8,24],"killed_by":"Chosen and Byrds","ascension_level":0}}