{"host":"5h6e4l6hpn0p5lap","time":1612985784,"event":{"mods":["AchievementEnabler","BaseMod","Better Altar","Better Match","Better Sensory Stone","Better Skull","Better Third Choice","Colored Map","Filter the Spire","Minty Spire (QoL Compilation)","StSLib"],"gold_per_floor":[366,23,36,36,52,52,82,97,151,193,193,217,217,243,243,243,243],"floor_reached":16,"language":"ENG","playtime":570,"items_purged":[],"score":168,"play_id":"c6718f50-900d-4a13-9d03-04b7d0ebf52c","local_time":"20210210143624","is_ascension_mode":true,"campfire_choices":[{"data":"TalkToTheHand","floor":6.0,"key":"SMITH"},{"floor":15,"key":"REST"}],"circlet_count":0,"master_deck":["AscendersBane","Strike_P","Strike_P","Strike_P","Strike_P","Defend_P","Defend_P","Defend_P","Defend_P","Eruption","Vigilance","TalkToTheHand+1","Wallop","Conclude","CutThroughFate","EmptyBody+1","Fasting2","FlyingSleeves","CutThroughFate","ClearTheMind+1"],"relics":["PureWater","Lantern","Toolbox","Toxic Egg 2","Bronze Scales","CeramicFish"],"acts_visited":["Exordium"],"potions_floor_usage":[16],"damage_taken":[{"damage":1.0,"enemies":"Small Slimes","floor":1.0,"turns":3.0},{"damage":0.0,"enemies":"Jaw Worm","floor":3.0,"turns":3.0},{"damage":0.0,"enemies":"2 Louse","floor":5.0,"turns":2.0},{"damage":9.0,"enemies":"Gremlin Nob","floor":7.0,"turns":4.0},{"damage":20.0,"enemies":"Gremlin Gang","floor":8.0,"turns":3.0},{"damage":20.0,"enemies":"3 Sentries","floor":10.0,"turns":6.0},{"damage":0.0,"enemies":"Large Slime","floor":12.0,"turns":2.0},{"damage":0,"enemies":"Looter","floor":14,"turns":2},{"damage":27,"enemies":"Hexaghost","floor":16,"turns":8}],"seed_played":"-5385209185440958464","potions_obtained":[{"floor":3.0,"key":"Explosive Potion"},{"floor":7.0,"key":"SteroidPotion"},{"floor":10.0,"key":"Strength Potion"},{"floor":12.0,"key":"SpeedPotion"}],"is_trial":false,"path_per_floor":["M","$","M","?","M","R","E","M","T","E","?","M","?","M","R","B"],"character_chosen":"WATCHER","items_purchased":["Lantern","Toolbox","Wallop"],"campfire_rested":1,"item_purchase_floors":[2,2,2],"current_hp_per_floor":[64,64,64,69,69,69,60,40,40,20,20,20,20,20,41,14,14],"gold":243,"neow_bonus":"TWO_FIFTY_GOLD","is_daily":false,"chose_seed":false,"campfire_upgraded":1,"win_rate":0.0,"timestamp":1612985784,"path_taken":["M","$","M","?","M","R","E","M","T","E","?","M","?","?","R","BOSS"],"items_purchased_type":["Relic","Relic","Card"],"build_version":"2020-12-22","purchased_purges":0,"victory":false,"max_hp_per_floor":[65,65,65,70,70,70,70,70,70,70,70,70,70,70,70,70,70],"card_choices":[{"not_picked":["JustLucky","Vengeance"],"picked":"TalkToTheHand","floor":1.0},{"not_picked":["Adaptation","JustLucky"],"picked":"Conclude","floor":3.0},{"not_picked":["WreathOfFlame","Prostrate"],"picked":"CutThroughFate","floor":5.0},{"not_picked":["Protect+1","CutThroughFate"],"picked":"EmptyBody+1","floor":7.0},{"not_picked":["EmptyFist","ConjureBlade+1"],"picked":"Fasting2","floor":8.0},{"not_picked":["Swivel+1","LikeWater"],"picked":"FlyingSleeves","floor":10.0},{"not_picked":["BowlingBash","FlyingSleeves"],"picked":"CutThroughFate","floor":12.0},{"not_picked":["EmptyBody+1","Protect+1"],"picked":"ClearTheMind+1","floor":14}],"player_experience":1100715,"relics_obtained":[{"floor":7.0,"key":"Toxic Egg 2"},{"floor":9.0,"key":"Bronze Scales"},{"floor":10.0,"key":"CeramicFish"}],"event_choices":[{"damage_healed":0.0,"max_hp_gain":5.0,"max_hp_loss":0.0,"gold_gain":0.0,"event_name":"Big Fish","player_choice":"Donut","floor":4.0,"gold_loss":0.0,"damage_taken":0.0},{"damage_healed":0.0,"max_hp_gain":0.0,"max_hp_loss":0.0,"gold_gain":0.0,"event_name":"betterThird:BetterSerpent","player_choice":"Ignored","floor":11.0,"gold_loss":0.0,"damage_taken":193.0},{"damage_healed":0,"gold_gain":0,"player_choice":"Leave","damage_taken":0,"max_hp_gain":0,"max_hp_loss":0,"event_name":"FaceTrader","floor":13,"gold_loss":0}],"is_beta":false,"boss_relics":[],"items_purged_floors":[],"is_endless":false,"potions_floor_spawned":[3,7,10,12],"killed_by":"Hexaghost","ascension_level":10}}