{"host":"uv231blk40vjdojr","time":1612966198,"event":{"mods":["BaseMod","Minty Spire (QoL Compilation)","Relic Stats","ojb\u0027s Info Mod"],"gold_per_floor":[111,125,125,145,145,145,180,180,180,194,230,254,287,307,307,430,430,455,455,478,491,491,524,524,560,586,626,24,24,449,465,465,465,465],"floor_reached":33,"language":"ENG","playtime":1335,"items_purged":[],"score":550,"play_id":"96fbb01d-4f8f-490f-98f4-165585fa0890","local_time":"20210210150958","is_ascension_mode":true,"campfire_choices":[{"data":"Eruption","floor":6.0,"key":"SMITH"},{"data":"TalkToTheHand","floor":8.0,"key":"SMITH"},{"data":"CrushJoints","floor":15,"key":"SMITH"},{"floor":24,"key":"REST"},{"floor":32,"key":"RECALL"}],"circlet_count":0,"master_deck":["Strike_P+1","Strike_P+1","Strike_P+1","Strike_P+1","Defend_P+1","Defend_P+1","Defend_P+1","Defend_P+1","Eruption+1","Vigilance","CrushJoints+1","Consecrate","TalkToTheHand+1","ReachHeaven+1","Tantrum+1","BowlingBash+1","Halt","SpiritShield","SashWhip+1","Ghostly","Ghostly","Ghostly","Ghostly","Ghostly","Perseverance","Evaluate+1","Prostrate+1","Vault","CrushJoints+1","Adaptation"],"relics":["Philosopher\u0027s Stone","Golden Idol","Molten Egg 2","HornCleat","Bag of Marbles","Fusion Hammer","Pear","Anchor","MealTicket","MawBank","Question Card","Oddly Smooth Stone","Toolbox","Old Coin","Eternal Feather"],"acts_visited":["Exordium","TheCity"],"potions_floor_usage":[16,18,25,30,33,33],"damage_taken":[{"damage":0.0,"enemies":"Cultist","floor":1.0,"turns":2.0},{"damage":8.0,"enemies":"Small Slimes","floor":2.0,"turns":3.0},{"damage":0.0,"enemies":"Jaw Worm","floor":4.0,"turns":3.0},{"damage":22.0,"enemies":"Gremlin Nob","floor":7.0,"turns":4.0},{"damage":0.0,"enemies":"Large Slime","floor":10.0,"turns":2.0},{"damage":2.0,"enemies":"Lagavulin","floor":11.0,"turns":5.0},{"damage":0.0,"enemies":"2 Fungi Beasts","floor":12.0,"turns":1.0},{"damage":0,"enemies":"Gremlin Nob","floor":13,"turns":3},{"damage":2,"enemies":"Looter","floor":14,"turns":2},{"damage":8,"enemies":"Hexaghost","floor":16,"turns":4},{"damage":9,"enemies":"Chosen","floor":18,"turns":2},{"damage":14,"enemies":"2 Thieves","floor":20,"turns":3},{"damage":0,"enemies":"Centurion and Healer","floor":21,"turns":4},{"damage":0,"enemies":"Gremlin Leader","floor":23,"turns":4},{"damage":37,"enemies":"Slavers","floor":25,"turns":5},{"damage":0,"enemies":"Gremlin Leader","floor":27,"turns":4},{"damage":0,"enemies":"Colosseum Slavers","floor":30,"turns":3},{"damage":0,"enemies":"Colosseum Nobs","floor":30,"turns":2},{"damage":2,"enemies":"Sentry and Sphere","floor":31,"turns":6},{"damage":46,"enemies":"Champ","floor":33,"turns":8}],"seed_played":"-6887477607567412691","potions_obtained":[{"floor":1.0,"key":"ColorlessPotion"},{"floor":7.0,"key":"EssenceOfSteel"},{"floor":10.0,"key":"Regen Potion"},{"floor":11.0,"key":"SkillPotion"},{"floor":14,"key":"StancePotion"},{"floor":23,"key":"Energy Potion"},{"floor":25,"key":"FearPotion"},{"floor":27,"key":"PowerPotion"}],"is_trial":false,"path_per_floor":["M","M","?","M","?","R","E","R","T","M","E","M","E","M","R","B",null,"M","?","M","M","?","E","R","E","T","E","$","?","?","M","R","B"],"character_chosen":"WATCHER","items_purchased":["Question Card","Oddly Smooth Stone","Toolbox","CrushJoints+1"],"campfire_rested":1,"item_purchase_floors":[28,28,28,28],"current_hp_per_floor":[72,64,64,64,64,64,42,42,42,42,54,54,54,52,52,44,61,52,33,19,19,19,29,41,4,4,4,19,33,33,31,43,0,0],"gold":465,"neow_bonus":"BOSS_RELIC","is_daily":false,"chose_seed":false,"campfire_upgraded":3,"win_rate":0.0,"timestamp":1612966198,"path_taken":["M","M","?","M","?","R","E","R","T","?","E","M","E","M","R","BOSS","M","?","M","M","?","E","R","E","T","E","$","?","?","M","R","BOSS"],"items_purchased_type":["Relic","Relic","Relic","Card"],"build_version":"2020-12-22","purchased_purges":0,"victory":false,"max_hp_per_floor":[72,72,72,72,67,67,67,67,67,67,67,67,67,67,67,67,67,67,33,33,33,33,43,43,43,43,43,43,43,43,43,43,43,43],"relic_stats":{"counters":[20,70],"Golden Idol":121,"MealTicket":15,"Eternal Feather":12,"MawBank":12,"Question Card":2,"obtain_stats":[{"Pear":23,"Golden Idol":5,"Oddly Smooth Stone":28,"Eternal Feather":30,"MawBank":27,"Question Card":28,"Old Coin":30,"Anchor":25,"HornCleat":11,"Toolbox":28,"Philosopher\u0027s Stone":0,"Molten Egg 2":7,"MealTicket":26,"Fusion Hammer":17,"Bag of Marbles":13,"PureWater":0},{"Pear":14,"Golden Idol":3,"Oddly Smooth Stone":16,"Eternal Feather":18,"MawBank":16,"Question Card":16,"Old Coin":18,"Anchor":15,"HornCleat":6,"Toolbox":16,"Philosopher\u0027s Stone":0,"Molten Egg 2":4,"MealTicket":15,"Fusion Hammer":10,"Bag of Marbles":8,"PureWater":0},{"Pear":42,"Golden Idol":8,"Oddly Smooth Stone":51,"Eternal Feather":56,"MawBank":51,"Question Card":51,"Old Coin":56,"Anchor":47,"HornCleat":19,"Toolbox":51,"Philosopher\u0027s Stone":0,"Molten Egg 2":12,"MealTicket":47,"Fusion Hammer":29,"Bag of Marbles":23,"PureWater":0}]},"card_choices":[{"not_picked":["Collect","SashWhip"],"picked":"CrushJoints","floor":1.0},{"not_picked":["Nirvana","Halt"],"picked":"Consecrate","floor":2.0},{"not_picked":["Indignation","FollowUp"],"picked":"TalkToTheHand","floor":4.0},{"not_picked":["Nirvana","BowlingBash+1"],"picked":"ReachHeaven+1","floor":7.0},{"not_picked":["FollowUp+1","Halt"],"picked":"Tantrum+1","floor":10.0},{"not_picked":["SashWhip+1","Vengeance"],"picked":"BowlingBash+1","floor":11.0},{"not_picked":["Crescendo","MentalFortress","FlyingSleeves+1"],"picked":"SKIP","floor":12.0},{"not_picked":["Prostrate","Judgement"],"picked":"Halt","floor":13},{"not_picked":["MentalFortress","BowlingBash+1","FlyingSleeves+1"],"picked":"SKIP","floor":14},{"not_picked":["DeusExMachina","Establishment"],"picked":"SpiritShield","floor":16},{"not_picked":["FlyingSleeves+1","BowlingBash+1"],"picked":"SashWhip+1","floor":18},{"not_picked":["SashWhip+1","FollowUp+1"],"picked":"Perseverance","floor":20},{"not_picked":["JustLucky+1","ForeignInfluence"],"picked":"Evaluate+1","floor":21},{"not_picked":["ClearTheMind","FlurryOfBlows+1"],"picked":"Prostrate+1","floor":23},{"not_picked":["Wallop+1","SashWhip+1"],"picked":"Vault","floor":25},{"not_picked":["FlurryOfBlows+1","ClearTheMind","Blasphemy"],"picked":"SKIP","floor":27},{"not_picked":["Evaluate+1","Crescendo","Pray"],"picked":"Adaptation","floor":31}],"player_experience":765132,"relics_obtained":[{"floor":7.0,"key":"Molten Egg 2"},{"floor":11.0,"key":"HornCleat"},{"floor":13,"key":"Bag of Marbles"},{"floor":23,"key":"Pear"},{"floor":25,"key":"Anchor"},{"floor":26,"key":"MealTicket"},{"floor":27,"key":"MawBank"},{"floor":30,"key":"Old Coin"},{"floor":30,"key":"Eternal Feather"}],"event_choices":[{"damage_healed":0.0,"max_hp_gain":0.0,"max_hp_loss":0.0,"gold_gain":0.0,"event_name":"Liars Game","player_choice":"Ignored","floor":3.0,"gold_loss":0.0,"damage_taken":0.0},{"damage_healed":0.0,"max_hp_gain":0.0,"max_hp_loss":5.0,"gold_gain":0.0,"event_name":"Golden Idol","player_choice":"Lose Max HP","floor":5.0,"gold_loss":0.0,"damage_taken":0.0,"relics_obtained":["Golden Idol"]},{"damage_healed":0,"gold_gain":0,"player_choice":"Became a Ghost","damage_taken":0,"max_hp_gain":0,"max_hp_loss":34,"event_name":"Ghosts","floor":19,"gold_loss":0,"cards_obtained":["Ghostly","Ghostly","Ghostly","Ghostly","Ghostly"]},{"damage_healed":0,"gold_gain":0,"player_choice":"Simplicity","damage_taken":0,"max_hp_gain":0,"max_hp_loss":0,"event_name":"Back to Basics","floor":22,"gold_loss":0,"cards_upgraded":["Strike_P","Strike_P","Strike_P","Strike_P","Defend_P","Defend_P","Defend_P","Defend_P"]},{"damage_healed":14,"gold_gain":0,"player_choice":"Heal","damage_taken":0,"max_hp_gain":0,"max_hp_loss":0,"event_name":"The Library","floor":29,"gold_loss":0},{"damage_healed":0,"gold_gain":0,"player_choice":"Fight","damage_taken":0,"max_hp_gain":0,"max_hp_loss":0,"event_name":"Colosseum","floor":30,"gold_loss":0},{"damage_healed":0,"gold_gain":0,"player_choice":"Fought Nobs","damage_taken":0,"max_hp_gain":0,"max_hp_loss":0,"event_name":"Colosseum","floor":30,"gold_loss":0}],"is_beta":false,"boss_relics":[{"not_picked":["Velvet Choker","Empty Cage"],"picked":"Fusion Hammer"}],"items_purged_floors":[],"is_endless":false,"potions_floor_spawned":[1,7,10,11,13,14,23,25,27,30],"killed_by":"Champ","ascension_level":5}}