{"host":"rjbqai8ni6dsiu37","time":1612976078,"event":{"mods":["100% Spire Juice","BaseMod","CapriCore","GungeonMod","Marisa£¨Ùöéë¡¡Øª×âÞÞ£©","Minty Spire (QoL Compilation)","Replay The Spire","Shop Mod","StSLib","Td1madao Mod","The Cursed","The Jungle","The Poker Player","WarShipGirlsR/??á´Ò³R mod"],"gold_per_floor":[114,129,14,26,41,41,53,80,80,80,95,95,126,136,136,213,213,223,241,18,18,30,30,30,30,30,30,46,59,76,91,108,108,108,108],"floor_reached":34,"language":"KOR","playtime":2495,"items_purged":["rmod:strick"],"score":637,"play_id":"59530054-2675-473d-afef-5899abda7653","local_time":"20210211015438","is_ascension_mode":true,"campfire_choices":[{"data":"rmod:salvage","floor":6.0,"key":"SMITH"},{"data":"rmod:abidefaith","floor":10.0,"key":"SMITH"},{"data":"rmod:aviationdawn","floor":12.0,"key":"SMITH"},{"data":"rmod:royalracing","floor":15.0,"key":"SMITH"},{"data":"rmod:goodsister","floor":23,"key":"SMITH"},{"floor":25,"key":"REST"},{"data":"rmod:salvage","floor":27,"key":"SMITH"},{"floor":33,"key":"REST"}],"circlet_count":0,"master_deck":["AscendersBane","rmod:strick","rmod:strick","rmod:strick","rmod:defend","rmod:defend","rmod:defend","rmod:defend","rmod:basicallowance","rmod:maingunfire","rmod:aviationdawn+1","rmod:salvage+1","rmod:fletcherpendant","rmod:fletcherpendant","rmod:fletcherpendant","rmod:fletcherpendant","rmod:fletcherpendant","rmod:abidefaith+1","rmod:royalracing+1","rmod:fletcherpendant","rmod:fletcherpendant+1","rmod:goodsister+1","rmod:fletcherpendant","rmod:ridicule+1","AbeCurse","rmod:fletcherpendant","rmod:salvage+1","rmod:fletcherpendant+1","rmod:fletcherpendant","rmod:fletcherpendant","rmod:fletcherpendant+1","rmod:fletcherpendant","rmod:openingtorpedo+1","rmod:fletcherpendant+1","rmod:fletcherpendant","rmod:fletcherpendant","rmod:fletcherpendant"],"relics":["rmod:firstchargereward","NeowsBlessing","DemoMod:PinkGuonStone","WingedGreaves","Golden Egg","Abe\u0027s Treasure","ClockworkSouvenir"],"acts_visited":["Exordium","TheCity","TheCity"],"potions_floor_usage":[34],"damage_taken":[{"damage":0.0,"enemies":"Cultist","floor":1.0,"turns":1.0},{"damage":0.0,"enemies":"Jaw Worm","floor":2.0,"turns":1.0},{"damage":0.0,"enemies":"2 Louse","floor":4.0,"turns":4.0},{"damage":9.0,"enemies":"Blue Slaver","floor":5.0,"turns":4.0},{"damage":3.0,"enemies":"Exordium Thugs","floor":7.0,"turns":4.0},{"damage":16.0,"enemies":"3 Sentries","floor":8.0,"turns":6.0},{"damage":0.0,"enemies":"Looter","floor":11.0,"turns":2.0},{"damage":21.0,"enemies":"Gremlin Nob","floor":13.0,"turns":4.0},{"damage":0.0,"enemies":"3 Louse","floor":14.0,"turns":4.0},{"damage":0.0,"enemies":"Hexaghost","floor":16.0,"turns":9.0},{"damage":8.0,"enemies":"Chosen","floor":18.0,"turns":3.0},{"damage":15,"enemies":"Shell Parasite","floor":19,"turns":3},{"damage":1,"enemies":"Snecko","floor":22,"turns":3},{"damage":13,"enemies":"DemoMod:Red_and_blue_shotgun_kin","floor":28,"turns":2},{"damage":4,"enemies":"DemoMod:4_Bullet_Kins","floor":29,"turns":2},{"damage":10,"enemies":"DemoMod:Veteran_shot_gun_kin_and_red_shotgun_kin_with_gunsinger","floor":30,"turns":2},{"damage":0,"enemies":"DemoMod:Red_and_blue_shotgun_kin_with_gunsinger","floor":31,"turns":2},{"damage":16,"enemies":"DemoMod:Veteran_shot_gun_kin_and_blue_shotgun_kin_with_gunsinger","floor":32,"turns":1},{"damage":177,"enemies":"DemoMod:ResourcefulRat","floor":34,"turns":9}],"seed_played":"-3595818940067892905","potions_obtained":[{"floor":4.0,"key":"PowerPotion"},{"floor":7.0,"key":"GamblersBrew"},{"floor":8.0,"key":"DistilledChaos"},{"floor":14.0,"key":"Weak Potion"},{"floor":22,"key":"Dexterity Potion"},{"floor":28,"key":"Weak Potion"}],"is_trial":false,"path_per_floor":["M","M","$","M","M","R","M","E","T","R","M","R","E","M","R","B",null,"M","M","$","?","M","R","?","R","T","R","M","M","M","M","M","R","B"],"character_chosen":"PRAEFECT","items_purchased":["DemoMod:GnawedKey","ClockworkSouvenir"],"campfire_rested":2,"item_purchase_floors":[3,20],"current_hp_per_floor":[63,63,63,63,54,54,51,42,42,42,42,42,21,21,21,21,63,55,40,40,26,25,25,25,49,74,74,61,57,47,47,31,55,0,0],"gold":108,"neow_bonus":"THREE_ENEMY_KILL","is_daily":false,"chose_seed":false,"campfire_upgraded":6,"win_rate":0.0,"timestamp":1612976078,"path_taken":["M","M","$","M","?","R","?","E","T","R","M","R","E","M","R","BOSS","M","M","$","?","M","R","?","R","T","R","M","M","M","M","M","R","BOSS"],"items_purchased_type":["Relic","Relic"],"build_version":"2020-12-22","purchased_purges":1,"victory":false,"max_hp_per_floor":[70,70,70,70,70,70,70,77,77,77,77,77,77,77,77,77,77,77,77,77,82,82,82,82,82,82,82,82,82,82,82,82,82,82,82],"card_choices":[{"not_picked":["rmod:diamondstrike","rmod:concentratefire"],"picked":"rmod:aviationdawn","floor":1.0},{"not_picked":["rmod:fletcherpendant","rmod:diamondstrike"],"picked":"rmod:salvage","floor":2.0},{"not_picked":["rmod:bulid","rmod:robin","rmod:unsinkable"],"picked":"SKIP","floor":4.0},{"not_picked":["rmod:diamondstrike","rmod:firesupport"],"picked":"rmod:fletcherpendant","floor":5.0},{"not_picked":["rmod:supriseattacks","rmod:advancebysurprise","rmod:launchingtorpedo"],"picked":"SKIP","floor":7.0},{"not_picked":["rmod:wolves","rmod:diamondstrike"],"picked":"rmod:abidefaith","floor":8.0},{"not_picked":["rmod:wasp","rmod:sl","rmod:highspeedshooting"],"picked":"SKIP","floor":11.0},{"not_picked":["rmod:aviationdawn","rmod:mineteam"],"picked":"rmod:royalracing","floor":13.0},{"not_picked":["rmod:fuelsupply","rmod:aluminumsupply"],"picked":"rmod:goodsister","floor":14.0},{"not_picked":["rmod:supriseattacks","rmod:stealaluminum"],"picked":"rmod:ridicule","floor":16.0},{"not_picked":["rmod:shuttlebombing","rmod:slowdown","rmod:gendarmerie"],"picked":"SKIP","floor":18.0},{"not_picked":["rmod:fuelsupply","rmod:punchline"],"picked":"rmod:salvage","floor":19},{"not_picked":["rmod:heivgo","rmod:sl","rmod:firesupport"],"picked":"SKIP","floor":22},{"not_picked":["rmod:circuitoustactics","rmod:aviationdawn","rmod:chargemoney"],"picked":"SKIP","floor":28},{"not_picked":["rmod:slowdown","rmod:circuitoustactics","rmod:guardianhero+1"],"picked":"SKIP","floor":29},{"not_picked":["rmod:sl","rmod:highspeedshooting+1"],"picked":"rmod:openingtorpedo+1","floor":30},{"not_picked":["rmod:expeditionaryescort","rmod:launchingtorpedo","rmod:highspeedshooting"],"picked":"SKIP","floor":31},{"not_picked":["rmod:steelsupply+1","rmod:supportescort","rmod:selfconfidence"],"picked":"SKIP","floor":32},{"not_picked":["rmod:steelsupply+1","rmod:supportescort","rmod:selfconfidence"],"picked":"SKIP","floor":32}],"player_experience":250436,"relics_obtained":[{"floor":8.0,"key":"DemoMod:PinkGuonStone"},{"floor":9.0,"key":"WingedGreaves"},{"floor":13.0,"key":"Golden Egg"}],"event_choices":[{"damage_healed":0,"gold_gain":0,"player_choice":"Shed Blood","damage_taken":19,"max_hp_gain":5,"max_hp_loss":0,"event_name":"Forgotten Altar","floor":21,"gold_loss":0},{"damage_healed":0,"gold_gain":0,"player_choice":"Ignored","damage_taken":0,"max_hp_gain":0,"max_hp_loss":0,"event_name":"The Mausoleum","floor":24,"gold_loss":0}],"is_beta":false,"boss_relics":[{"not_picked":["Kintsugi","Fusion Hammer"],"picked":"Abe\u0027s Treasure"}],"items_purged_floors":[20],"is_endless":false,"potions_floor_spawned":[4,7,8,14,22,28],"killed_by":"DemoMod:ResourcefulRat","ascension_level":14}}