{"host":"5h6e4l6hpn0p5lap","time":1612924829,"event":{"mods":["AchievementEnabler","BaseMod","Better Altar","Better Match","Better Sensory Stone","Better Skull","Better Third Choice","Colored Map","Filter the Spire","Minty Spire (QoL Compilation)","StSLib"],"gold_per_floor":[113,113,113,188,207,207,219,235,235,235,265,265,265,20,20,119,119,129,4,21,36,10,10,42,60,60,60,76,76,101,20,20,20,20],"floor_reached":33,"language":"ENG","playtime":973,"items_purged":["Strike_R","Strike_R"],"score":329,"play_id":"9249379d-cf8a-4bbb-96b4-4bea647e4c94","local_time":"20210209214029","is_ascension_mode":true,"campfire_choices":[{"data":"Blind","floor":6,"key":"SMITH"},{"data":"Fire Breathing","floor":10,"key":"SMITH"},{"data":"Ghostly Armor","floor":15,"key":"SMITH"},{"data":"Corruption","floor":23,"key":"SMITH"},{"data":"Shrug It Off","floor":27,"key":"SMITH"},{"data":"Shrug It Off","floor":29,"key":"SMITH"},{"data":"Shrug It Off","floor":32,"key":"SMITH"}],"circlet_count":0,"master_deck":["Strike_R","Strike_R","Strike_R","Defend_R","Defend_R","Defend_R+1","Defend_R","Bash+1","Sword Boomerang","Blind+1","Fire Breathing+1","Wild Strike+1","Ghostly Armor+1","Clothesline","Shrug It Off+1","Corruption+1","Wild Strike","Shrug It Off+1","Wild Strike","Shrug It Off+1","Spot Weakness","Inflame"],"relics":["Burning Blood","Tiny Chest","Bag of Preparation","Kunai","Question Card","OrangePellets","Busted Crown","Letter Opener","Bottled Tornado","Nunchaku"],"acts_visited":["Exordium","TheCity"],"potions_floor_usage":[11,11,25,33],"damage_taken":[{"damage":0,"enemies":"2 Louse","floor":1,"turns":3},{"damage":4,"enemies":"Jaw Worm","floor":5,"turns":3},{"damage":7,"enemies":"Small Slimes","floor":7,"turns":4},{"damage":3,"enemies":"Looter","floor":8,"turns":3},{"damage":10,"enemies":"Lagavulin","floor":11,"turns":6},{"damage":18,"enemies":"The Guardian","floor":16,"turns":12},{"damage":0,"enemies":"3 Byrds","floor":18,"turns":4},{"damage":8,"enemies":"2 Thieves","floor":20,"turns":4},{"damage":11,"enemies":"Centurion and Healer","floor":21,"turns":6},{"damage":10,"enemies":"Slavers","floor":24,"turns":4},{"damage":20,"enemies":"Chosen and Byrds","floor":25,"turns":7},{"damage":13,"enemies":"Snake Plant","floor":28,"turns":4},{"damage":78,"enemies":"Champ","floor":33,"turns":10}],"seed_played":"-7590590823478049388","potions_obtained":[{"floor":5,"key":"SkillPotion"},{"floor":7,"key":"ElixirPotion"},{"floor":8,"key":"BlessingOfTheForge"},{"floor":20,"key":"DuplicationPotion"},{"floor":24,"key":"BloodPotion"},{"floor":25,"key":"Block Potion"}],"is_trial":false,"path_per_floor":["M","?","?","?","M","R","M","M","T","R","E","T","?","$","R","B",null,"M","$","M","M","$","R","E","M","T","R","M","R","T","$","R","B"],"character_chosen":"IRONCLAD","items_purchased":["Shrug It Off","OrangePellets","Shrug It Off","Shrug It Off","Inflame"],"campfire_rested":0,"item_purchase_floors":[14,14,19,22,31],"current_hp_per_floor":[80,64,64,53,55,55,54,57,57,57,53,53,53,53,53,41,70,76,76,74,69,69,69,65,67,67,67,60,60,60,60,60,0,0],"gold":20,"neow_bonus":"RANDOM_COMMON_RELIC","is_daily":false,"chose_seed":false,"campfire_upgraded":7,"win_rate":0.0,"timestamp":1612924829,"path_taken":["M","?","?","?","M","R","M","M","T","R","E","?","?","$","R","BOSS","M","?","M","?","$","R","E","M","T","R","M","R","?","$","R","BOSS"],"items_purchased_type":["Card","Relic","Card","Card","Card"],"build_version":"2020-12-22","purchased_purges":2,"victory":false,"max_hp_per_floor":[80,80,80,80,80,80,80,80,80,80,80,80,80,80,80,80,80,80,80,80,80,80,80,80,80,80,80,80,80,80,80,80,80,80],"card_choices":[{"not_picked":["Wild Strike","Infernal Blade"],"picked":"Sword Boomerang","floor":1},{"not_picked":["Panacea","Secret Weapon"],"picked":"Blind","floor":3},{"not_picked":["Sword Boomerang","Wild Strike"],"picked":"Fire Breathing","floor":5},{"not_picked":["Sword Boomerang","True Grit"],"picked":"Wild Strike","floor":7},{"not_picked":["Bloodletting","Searing Blow"],"picked":"Ghostly Armor","floor":8},{"not_picked":["Dropkick","Metallicize"],"picked":"Clothesline","floor":11},{"not_picked":["Juggernaut","Immolate","Reaper"],"picked":"Corruption","floor":16},{"not_picked":["Cleave"],"picked":"Wild Strike","floor":18},{"not_picked":["Combust"],"picked":"Wild Strike","floor":20},{"not_picked":["Cleave","Combust+1"],"picked":"SKIP","floor":21},{"not_picked":["Corruption","Twin Strike"],"picked":"SKIP","floor":24},{"not_picked":["Iron Wave","Clash"],"picked":"SKIP","floor":25},{"not_picked":["Armaments"],"picked":"Spot Weakness","floor":28}],"player_experience":1093795,"relics_obtained":[{"floor":9,"key":"Bag of Preparation"},{"floor":11,"key":"Kunai"},{"floor":12,"key":"Question Card"},{"floor":24,"key":"Letter Opener"},{"floor":26,"key":"Bottled Tornado"},{"floor":30,"key":"Nunchaku"}],"event_choices":[{"damage_healed":80,"gold_gain":0,"player_choice":"Upgrade","damage_taken":16,"max_hp_gain":0,"max_hp_loss":80,"event_name":"betterThird:BetterShining","floor":2,"gold_loss":0,"cards_upgraded":["Defend_R","Bash"]},{"damage_healed":0,"gold_gain":1,"player_choice":"1","damage_taken":0,"max_hp_gain":0,"max_hp_loss":0,"event_name":"betterStone:BetterStone","floor":3,"gold_loss":0},{"damage_healed":0,"gold_gain":75,"player_choice":"Gold","damage_taken":11,"max_hp_gain":0,"max_hp_loss":0,"event_name":"betterThird:BetterGoop","floor":4,"gold_loss":0},{"damage_healed":0,"gold_gain":0,"player_choice":"Upgraded","damage_taken":0,"max_hp_gain":0,"max_hp_loss":0,"event_name":"Upgrade Shrine","floor":13,"gold_loss":0,"cards_upgraded":["Wild Strike"]}],"is_beta":false,"boss_relics":[{"not_picked":["SacredBark","Philosopher\u0027s Stone"],"picked":"Busted Crown"}],"items_purged_floors":[14,19],"is_endless":false,"potions_floor_spawned":[5,7,8,16,20,24,25],"killed_by":"Champ","ascension_level":5}}