{"host":"lrlw254gqe5layub","time":1612935942,"event":{"mods":["AchievementEnabler","BaseMod","Colored Map","Colored Powertips","Minty Spire (QoL Compilation)","Rare Cards Sparkle","SuperFastMode"],"gold_per_floor":[111,8,21,34,44,78,78,97,169,169,191,81,81,109,109,220,292,316,316,330,349,368,368,406,406,432,444,444,444],"floor_reached":28,"language":"KOR","playtime":877,"items_purged":[],"score":378,"play_id":"8e7ec8d6-6b9b-44d3-9882-97176c128757","local_time":"20210210144542","is_ascension_mode":true,"campfire_choices":[{"data":"Zap","floor":7,"key":"SMITH"},{"data":"Loop","floor":10,"key":"SMITH"},{"data":"White Noise","floor":15,"key":"SMITH"},{"floor":23,"key":"REST"}],"circlet_count":0,"master_deck":["AscendersBane","Zap+1","Dualcast","Gash","Go for the Eyes","Loop+1","Sweeping Beam","Conserve Battery","Coolheaded","Machine Learning","Gash","Defragment","White Noise+1","Biased Cognition","Doom and Gloom","Undo","Leap","Core Surge","Ball Lightning","Biased Cognition","Hello World","Defragment","Redo","Defragment+1","Double Energy","Leap"],"relics":["Cracked Core","NeowsBlessing","CeramicFish","Eternal Feather","Pandora\u0027s Box","FossilizedHelix","Strawberry"],"acts_visited":["Exordium","TheCity"],"potions_floor_usage":[16,21,21,24],"damage_taken":[{"damage":0,"enemies":"Cultist","floor":1,"turns":1},{"damage":0,"enemies":"2 Louse","floor":3,"turns":1},{"damage":0,"enemies":"Small Slimes","floor":4,"turns":1},{"damage":4,"enemies":"3 Louse","floor":5,"turns":3},{"damage":30,"enemies":"3 Sentries","floor":6,"turns":6},{"damage":2,"enemies":"Looter","floor":8,"turns":3},{"damage":10,"enemies":"Red Slaver","floor":11,"turns":3},{"damage":8,"enemies":"Exordium Wildlife","floor":14,"turns":4},{"damage":26,"enemies":"The Guardian","floor":16,"turns":9},{"damage":16,"enemies":"3 Byrds","floor":18,"turns":4},{"damage":20,"enemies":"Shell Parasite","floor":20,"turns":5},{"damage":0,"enemies":"Snake Plant","floor":21,"turns":4},{"damage":6,"enemies":"Chosen and Byrds","floor":22,"turns":5},{"damage":46,"enemies":"Book of Stabbing","floor":24,"turns":4},{"damage":8,"enemies":"Shelled Parasite and Fungi","floor":27,"turns":3},{"damage":10,"enemies":"Gremlin Leader","floor":28,"turns":3}],"seed_played":"-3184836754050443428","potions_obtained":[{"floor":3,"key":"Weak Potion"},{"floor":6,"key":"FocusPotion"},{"floor":20,"key":"ColorlessPotion"},{"floor":21,"key":"Weak Potion"},{"floor":24,"key":"SpeedPotion"}],"is_trial":false,"path_per_floor":["M","$","M","M","M","E","R","M","T","R","M","$","?","M","R","B",null,"M","?","M","M","M","R","E","?","T","M","E"],"character_chosen":"DEFECT","items_purchased":["Go for the Eyes","Loop","Gash","Defragment"],"campfire_rested":1,"item_purchase_floors":[2,2,12,12],"current_hp_per_floor":[68,68,68,68,64,34,34,32,32,41,31,31,56,48,60,34,65,49,35,15,15,9,48,2,2,9,1,0,0],"gold":444,"neow_bonus":"THREE_ENEMY_KILL","is_daily":false,"chose_seed":false,"campfire_upgraded":3,"win_rate":0.0,"timestamp":1612935942,"path_taken":["M","$","?","M","M","E","R","M","T","R","M","?","?","M","R","BOSS","M","?","M","M","M","R","E","?","T","M","E"],"items_purchased_type":["Card","Card","Card","Card"],"build_version":"2020-12-22","purchased_purges":0,"victory":false,"max_hp_per_floor":[75,75,75,75,75,75,75,75,75,75,75,75,75,75,75,75,75,75,80,80,80,80,80,80,80,87,87,87,87],"card_choices":[{"not_picked":["Auto Shields","Sweeping Beam"],"picked":"Gash","floor":1},{"not_picked":["Turbo","Barrage","Hologram"],"picked":"SKIP","floor":3},{"not_picked":["Conserve Battery","Streamline"],"picked":"Sweeping Beam","floor":4},{"not_picked":["Aggregate","Leap","Compile Driver"],"picked":"SKIP","floor":5},{"not_picked":["Barrage","Recycle"],"picked":"Conserve Battery","floor":6},{"not_picked":["Sunder","Heatsinks"],"picked":"Coolheaded","floor":8},{"not_picked":["Recycle","Stack"],"picked":"Machine Learning","floor":11},{"not_picked":["Loop","Beam Cell"],"picked":"White Noise","floor":14},{"not_picked":["All For One","Thunder Strike"],"picked":"Biased Cognition","floor":16},{"not_picked":["Compile Driver+1","Heatsinks"],"picked":"Redo","floor":18},{"not_picked":["Turbo","Go for the Eyes","Hologram"],"picked":"SKIP","floor":20},{"not_picked":["Beam Cell","Compile Driver+1"],"picked":"Defragment+1","floor":21},{"not_picked":["Ball Lightning+1","Conserve Battery"],"picked":"Double Energy","floor":22},{"not_picked":["Cold Snap","Darkness"],"picked":"Leap","floor":24},{"not_picked":["Sweeping Beam","Leap","Reprogram"],"picked":"SKIP","floor":27}],"player_experience":486383,"relics_obtained":[{"floor":6,"key":"CeramicFish"},{"floor":9,"key":"Eternal Feather"},{"floor":24,"key":"FossilizedHelix"},{"floor":26,"key":"Strawberry"}],"event_choices":[{"damage_healed":25,"gold_gain":0,"player_choice":"Banana","damage_taken":0,"max_hp_gain":0,"max_hp_loss":0,"event_name":"Big Fish","floor":13,"gold_loss":0},{"damage_healed":0,"gold_gain":0,"player_choice":"Shed Blood","damage_taken":19,"max_hp_gain":5,"max_hp_loss":0,"event_name":"Forgotten Altar","floor":19,"gold_loss":0},{"damage_healed":0,"gold_gain":0,"player_choice":"Ignored","damage_taken":0,"max_hp_gain":0,"max_hp_loss":0,"event_name":"Cursed Tome","floor":25,"gold_loss":0}],"is_beta":false,"boss_relics":[{"not_picked":["FrozenCore","Astrolabe"],"picked":"Pandora\u0027s Box"}],"items_purged_floors":[],"is_endless":false,"potions_floor_spawned":[3,6,8,14,20,21,24],"killed_by":"Gremlin Leader","ascension_level":11}}