{"host":"76qcaerkv4ktjkdu","time":1612971962,"event":{"mods":["ATMod(°¢èªMod)","BaseMod","Downfall","Minty Spire (QoL Compilation)","MostiFishMod","StSLib","¡¾ÒÅÎï¿¨ÅÆ¡¿REMEMod"],"gold_per_floor":[99,117,117,27,38,57,57,57,57,77,96,96,109,109,125,221,221,21,33,47,147,164,10,35,35,53,53,53,53],"floor_reached":27,"language":"ZHS","playtime":1242,"items_purged":["sneckomod:Strike","Slimebound:Defend_Slimebound"],"score":207,"play_id":"1b13f792-0c67-4745-a352-b64f31a6148e","local_time":"20210210234602","is_ascension_mode":false,"campfire_choices":[{"data":"AT_FamilyPortrait","floor":1,"key":"SMITH"},{"floor":9,"key":"RECALL"},{"data":"Slimebound:Split","floor":12,"key":"SMITH"},{"data":"Slimebound:SlimeBarrage","floor":18,"key":"SMITH"},{"data":"Slimebound:Repurpose","floor":25,"key":"SMITH"}],"circlet_count":0,"master_deck":["Slimebound:Strike_Slimebound","Slimebound:Strike_Slimebound","Slimebound:Tackle","Slimebound:Defend_Slimebound","Slimebound:Defend_Slimebound","Slimebound:Split+1","Slimebound:CorrosiveSpit","bronze:BurnOut","Slimebound:SplitMire","Slimebound:SlimeBrawl","Slimebound:SplitLeeching","Slimebound:Grow","Slimebound:HauntingLick","Slimebound:GoopTackle","Slimebound:SlimeBarrage+1","Slimebound:LeechEnergy","Slimebound:LeechLife","Slimebound:PressTheAttack","Slimebound:Overexert","Slimebound:FirmFortitude","J.A.X.","Slimebound:Repurpose+1","Slimebound:Prepare","Slimebound:SpikyOuterGoop","Slimebound:LevelUp"],"relics":["AT_ATBox","DaveBox","REME_ComplimentaryCards","BloodWine","NightmareShop","AT_ChloranthyRing","HereWithMe","downfall:HeartBlessingBlue","downfall:HeartBlessingRed","MutagenicStrength","Omamori"],"acts_visited":["Exordium","TheCity"],"potions_floor_usage":[10,23,27,27],"damage_taken":[{"damage":1,"enemies":"Small Slimes","floor":2,"turns":3},{"damage":5,"enemies":"downfall:FleeingMerchant","floor":4,"turns":4},{"damage":1,"enemies":"Cultist","floor":5,"turns":3},{"damage":3,"enemies":"2 Louse","floor":6,"turns":2},{"damage":7,"enemies":"Exordium Thugs","floor":10,"turns":4},{"damage":6,"enemies":"Exordium Wildlife","floor":11,"turns":4},{"damage":0,"enemies":"3 Louse","floor":13,"turns":3},{"damage":6,"enemies":"2 Fungi Beasts","floor":15,"turns":2},{"damage":42,"enemies":"IC_STATUS_ARCHETYPE","floor":16,"turns":5},{"damage":8,"enemies":"Spheric Guardian","floor":19,"turns":3},{"damage":1,"enemies":"3 Byrds","floor":20,"turns":4},{"damage":35,"enemies":"downfall:Augmenter","floor":21,"turns":4},{"damage":12,"enemies":"Snecko","floor":22,"turns":3},{"damage":16,"enemies":"downfall:FleeingMerchant","floor":23,"turns":4},{"damage":25,"enemies":"Cultist and Chosen","floor":26,"turns":3},{"damage":0,"enemies":"Book of Stabbing","floor":27,"turns":1}],"seed_played":"-7936446406044218047","potions_obtained":[{"floor":6,"key":"champ:CounterPotion"},{"floor":15,"key":"BlessingOfTheForge"},{"floor":20,"key":"SpeedPotion"},{"floor":26,"key":"Fire Potion"}],"is_trial":false,"path_per_floor":["R","M","?","$","M","M","T","?","R","M","M","R","M","?","M","B",null,"R","M","M","?","M","$","T","R","M","E"],"character_chosen":"SLIMEBOUND","items_purchased":["Slimebound:SpikyOuterGoop"],"campfire_rested":0,"item_purchase_floors":[23],"current_hp_per_floor":[65,64,64,59,58,55,55,52,52,45,51,51,51,51,45,3,65,75,67,75,40,28,26,26,26,1,1,1,1],"gold":53,"neow_bonus":"BOSS_RELIC","is_daily":false,"chose_seed":false,"campfire_upgraded":4,"win_rate":0.0,"timestamp":1612971962,"path_taken":["R","M","?","?","M","M","T","?","R","M","M","R","M","?","M","BOSS","R","M","M","?","M","$","T","R","M","E"],"items_purchased_type":["Card"],"build_version":"2020-12-22","purchased_purges":2,"victory":false,"max_hp_per_floor":[65,65,65,65,65,65,65,65,65,65,65,65,65,65,65,65,65,75,75,75,75,75,75,75,75,75,75,75,75],"card_choices":[{"not_picked":["Slimebound:Replication","Slimebound:SplitLeeching"],"picked":"Slimebound:SplitMire","floor":2},{"not_picked":["Slimebound:SpikyOuterGoop","Slimebound:LeechingTouch"],"picked":"Slimebound:SlimeBrawl","floor":4},{"not_picked":["Slimebound:SlimeSpikes","Slimebound:ComboTackle"],"picked":"Slimebound:SplitLeeching","floor":5},{"not_picked":["Slimebound:ComboTackle","Slimebound:SamplingLick"],"picked":"Slimebound:Grow","floor":6},{"not_picked":["Slimebound:ComboTackle","Slimebound:SlimeSpikes"],"picked":"Slimebound:HauntingLick","floor":10},{"not_picked":["Slimebound:GoopSpray","Slimebound:RejuvenatingLick","Slimebound:ProtectTheBoss"],"picked":"SKIP","floor":11},{"not_picked":["Slimebound:Prepare","Slimebound:ComboTackle"],"picked":"Slimebound:GoopTackle","floor":13},{"not_picked":["Slimebound:BestDefense","Slimebound:SplitAcid"],"picked":"Slimebound:LeechEnergy","floor":15},{"not_picked":["Slimebound:WasteNot","Slimebound:DuplicatedForm"],"picked":"Slimebound:LeechLife","floor":16},{"not_picked":["Slimebound:Replication+1","Slimebound:ComboTackle","Slimebound:SplitMire+1"],"picked":"SKIP","floor":19},{"not_picked":["Slimebound:HauntingLick","Slimebound:FinishingTackle+1"],"picked":"Slimebound:PressTheAttack","floor":20},{"not_picked":[],"picked":"J.A.X.","floor":21},{"not_picked":["Slimebound:AcidTongue","Slimebound:GoopSpray"],"picked":"Slimebound:Repurpose","floor":21},{"not_picked":["Slimebound:GoopTackle","Slimebound:FormOfPuddle+1","Slimebound:SplitMire+1"],"picked":"SKIP","floor":22},{"not_picked":["Slimebound:ItLooksTasty","Slimebound:FirmFortitude"],"picked":"Slimebound:Prepare","floor":23},{"not_picked":["Slimebound:Dissolve","Slimebound:AcidTongue"],"picked":"Slimebound:LevelUp","floor":26}],"player_experience":107005,"relics_obtained":[{"floor":21,"key":"MutagenicStrength"},{"floor":24,"key":"Omamori"}],"event_choices":[{"cards_removed":["AT_FamilyPortrait"],"damage_healed":0,"gold_gain":0,"player_choice":"Took Card","damage_taken":0,"max_hp_gain":0,"max_hp_loss":0,"event_name":"NoteForYourself","floor":3,"gold_loss":0,"cards_obtained":["sneckomod:Strike"]},{"damage_healed":0,"gold_gain":0,"player_choice":"Success","damage_taken":3,"relics_obtained":["AT_ChloranthyRing"],"max_hp_gain":0,"max_hp_loss":0,"event_name":"Scrap Ooze","floor":8,"gold_loss":0}],"is_beta":false,"boss_relics":[{"not_picked":["TimeKeys","EE1DDrone"],"picked":"HereWithMe"}],"items_purged_floors":[4,23],"is_endless":false,"potions_floor_spawned":[6,15,20,26],"killed_by":"Book of Stabbing","ascension_level":0}}