{"host":"wbn3xdfsa5pc2kse","time":1612976339,"event":{"mods":["AchievementEnabler","BaseMod","Bestiary","Colored Map","Colored Powertips","Curses Come First","Highlight Path","Minty Spire (QoL Compilation)","Permanent Neow","Rare Cards Sparkle","Relic Stats","StSLib"],"gold_per_floor":[367,367,130,141,66,95,95,113,113,113,142,142,161,196,196,268,268,253,74,86,86,97,97,97],"floor_reached":23,"language":"ZHT","playtime":751,"items_purged":["Strike_R","Strike_R"],"score":408,"play_id":"29d3fab6-ed55-4953-8d0c-aa48151fda9f","local_time":"20210211005859","is_ascension_mode":true,"campfire_choices":[{"data":"Feed","floor":7.0,"key":"SMITH"},{"data":"Carnage","floor":10.0,"key":"SMITH"},{"data":"Bash","floor":12.0,"key":"SMITH"},{"data":"Demon Form","floor":15.0,"key":"SMITH"}],"circlet_count":0,"master_deck":["AscendersBane","Strike_R","Strike_R","Defend_R","Defend_R","Defend_R","Defend_R","Bash+1","Carnage+1","Feed+1","Shrug It Off","Anger","Seeing Red","Inflame","Pommel Strike","Demon Form+1","Limit Break","Cleave","Flame Barrier"],"relics":["Burning Blood","Sundial","Eternal Feather","Odd Mushroom","HornCleat","Mark of Pain"],"acts_visited":["Exordium","TheCity"],"potions_floor_usage":[22],"damage_taken":[{"damage":7.0,"enemies":"2 Louse","floor":1.0,"turns":4.0},{"damage":10.0,"enemies":"Jaw Worm","floor":4.0,"turns":5.0},{"damage":25.0,"enemies":"3 Sentries","floor":6.0,"turns":11.0},{"damage":0.0,"enemies":"Small Slimes","floor":8.0,"turns":2.0},{"damage":14.0,"enemies":"The Mushroom Lair","floor":11.0,"turns":4.0},{"damage":11.0,"enemies":"Looter","floor":13.0,"turns":3.0},{"damage":6.0,"enemies":"Gremlin Nob","floor":14.0,"turns":3.0},{"damage":17.0,"enemies":"Hexaghost","floor":16.0,"turns":7.0},{"damage":17,"enemies":"2 Thieves","floor":18,"turns":4},{"damage":0,"enemies":"3 Byrds","floor":20,"turns":4},{"damage":35,"enemies":"Snake Plant","floor":22,"turns":5},{"damage":48,"enemies":"Book of Stabbing","floor":23,"turns":5}],"seed_played":"4488663831098845687","potions_obtained":[{"floor":1.0,"key":"Dexterity Potion"},{"floor":6.0,"key":"AttackPotion"},{"floor":16.0,"key":"BloodPotion"}],"is_trial":false,"path_per_floor":["M","?","$","M","?","E","R","M","T","R","?","R","M","E","R","B",null,"M","$","M","?","M","E"],"character_chosen":"IRONCLAD","items_purchased":["Feed","Flame Barrier"],"campfire_rested":0,"item_purchase_floors":[3,19],"current_hp_per_floor":[49,38,38,37,37,21,21,31,31,37,33,42,41,45,54,47,88,81,81,91,58,51,3,3],"gold":97,"neow_bonus":"TWO_FIFTY_GOLD","is_daily":false,"chose_seed":false,"campfire_upgraded":4,"win_rate":0.0,"timestamp":1612976339,"path_taken":["M","?","$","M","?","E","R","M","T","R","?","R","M","E","R","BOSS","M","$","M","?","M","E"],"items_purchased_type":["Card","Card"],"build_version":"2020-12-22","purchased_purges":2,"victory":false,"max_hp_per_floor":[75,75,75,78,78,81,81,85,85,85,89,89,93,97,97,101,101,105,105,109,114,114,114,114],"relic_stats":{"counters":[12,57],"Sundial":[8],"Eternal Feather":24,"obtain_stats":[{"HornCleat":14,"Sundial":2,"Eternal Feather":9,"Mark of Pain":17,"Odd Mushroom":11,"Burning Blood":0},{"HornCleat":7,"Sundial":1,"Eternal Feather":4,"Mark of Pain":8,"Odd Mushroom":5,"Burning Blood":0},{"HornCleat":32,"Sundial":4,"Eternal Feather":22,"Mark of Pain":39,"Odd Mushroom":26,"Burning Blood":0}],"Burning Blood":66},"card_choices":[{"not_picked":["Armaments","Thunderclap"],"picked":"Carnage","floor":1.0},{"not_picked":["Headbutt","Ghostly Armor"],"picked":"Shrug It Off","floor":4.0},{"not_picked":["Perfected Strike","Blood for Blood"],"picked":"Anger","floor":6.0},{"not_picked":["Armaments","Flex"],"picked":"Seeing Red","floor":8.0},{"not_picked":["Flex","Combust"],"picked":"Inflame","floor":11.0},{"not_picked":["Battle Trance","Intimidate"],"picked":"Pommel Strike","floor":13.0},{"not_picked":["Combust","Intimidate"],"picked":"Demon Form","floor":14.0},{"not_picked":["Double Tap","Brutality"],"picked":"Limit Break","floor":16.0},{"not_picked":["Headbutt","Iron Wave"],"picked":"Cleave","floor":18},{"not_picked":["Metallicize","Seeing Red","Fire Breathing"],"picked":"SKIP","floor":20},{"not_picked":["Wild Strike","Pommel Strike","Clothesline"],"picked":"SKIP","floor":22}],"player_experience":805996,"relics_obtained":[{"floor":9.0,"key":"Eternal Feather"},{"floor":11.0,"key":"Odd Mushroom"},{"floor":14.0,"key":"HornCleat"}],"event_choices":[{"damage_healed":0.0,"max_hp_gain":0.0,"max_hp_loss":0.0,"gold_gain":0.0,"event_name":"Scrap Ooze","player_choice":"Success","floor":2.0,"gold_loss":0.0,"damage_taken":11.0,"relics_obtained":["Sundial"]},{"cards_removed":["Strike_R"],"damage_healed":0.0,"max_hp_gain":0.0,"max_hp_loss":0.0,"gold_gain":0.0,"event_name":"The Cleric","player_choice":"Card Removal","floor":5.0,"gold_loss":75.0,"damage_taken":0.0},{"damage_healed":0.0,"max_hp_gain":0.0,"max_hp_loss":0.0,"gold_gain":0.0,"event_name":"Mushrooms","player_choice":"Fought Mushrooms","floor":11.0,"gold_loss":0.0,"damage_taken":0.0},{"damage_healed":0,"gold_gain":0,"player_choice":"Shed Blood","damage_taken":38,"max_hp_gain":5,"max_hp_loss":0,"event_name":"Forgotten Altar","floor":21,"gold_loss":0}],"is_beta":false,"boss_relics":[{"not_picked":["Ectoplasm","SacredBark"],"picked":"Mark of Pain"}],"items_purged_floors":[3,19],"is_endless":false,"potions_floor_spawned":[1,6,16],"killed_by":"Book of Stabbing","ascension_level":16}}