{"host":"fevvm7bbzuh4s1jc","time":1612990128,"event":{"mods":["BaseMod","Highlight Path","Minty Spire (QoL Compilation)","Relic Stats"],"gold_per_floor":[210,48,48,60,60,60,86,86,110,110,129,23,37,69,69,69,69],"floor_reached":16,"language":"ENG","playtime":454,"items_purged":[],"score":216,"play_id":"d8529450-e783-48ec-b56d-71cc71e7bcf3","local_time":"20210210154848","is_ascension_mode":true,"campfire_choices":[{"data":"Blood for Blood","floor":6,"key":"SMITH"},{"floor":10,"key":"REST"},{"data":"Hemokinesis","floor":15,"key":"SMITH"}],"circlet_count":0,"master_deck":["AscendersBane","Strike_R","Strike_R","Strike_R","Strike_R","Strike_R","Defend_R+1","Defend_R","Defend_R","Defend_R+1","Bash","Blood for Blood+1","Cleave","Feel No Pain","Inflame","Headbutt","Hemokinesis+1","Dark Embrace"],"relics":["Burning Blood","Frozen Eye","Bronze Scales","Question Card","War Paint","Molten Egg 2"],"acts_visited":[],"potions_floor_usage":[7,16],"damage_taken":[{"damage":9,"enemies":"Jaw Worm","floor":1,"turns":5},{"damage":4,"enemies":"2 Louse","floor":4,"turns":4},{"damage":55,"enemies":"Lagavulin","floor":7,"turns":9},{"damage":0,"enemies":"Small Slimes","floor":11,"turns":2},{"damage":8,"enemies":"Blue Slaver","floor":13,"turns":5},{"damage":30,"enemies":"Gremlin Nob","floor":14,"turns":4},{"damage":23,"enemies":"Hexaghost","floor":16,"turns":5}],"seed_played":"3652732350941779019","potions_obtained":[{"floor":4,"key":"Ancient Potion"},{"floor":7,"key":"PowerPotion"},{"floor":13,"key":"Energy Potion"}],"is_trial":false,"path_per_floor":["M","$","?","M","?","R","E","?","T","R","M","$","M","E","R","B"],"character_chosen":"IRONCLAD","items_purchased":["Frozen Eye","Inflame","Headbutt"],"campfire_rested":1,"item_purchase_floors":[2,12,12],"current_hp_per_floor":[65,65,70,72,72,72,23,18,18,42,48,48,46,22,22,0,0],"gold":69,"neow_bonus":"HUNDRED_GOLD","is_daily":false,"chose_seed":false,"campfire_upgraded":2,"win_rate":0.0,"timestamp":1612990128,"path_taken":["M","$","?","M","?","R","E","?","T","R","M","?","?","E","R","BOSS"],"items_purchased_type":["Relic","Card","Card"],"build_version":"2020-12-22","purchased_purges":0,"victory":false,"max_hp_per_floor":[75,75,80,80,80,80,80,80,80,80,80,80,80,80,80,80,80],"relic_stats":{"counters":[7,34],"Bronze Scales":[45],"War Paint":["Defend_R","Defend_R"],"Question Card":3,"obtain_stats":[{"Frozen Eye":2,"Bronze Scales":7,"Molten Egg 2":14,"War Paint":9,"Question Card":8,"Burning Blood":0},{"Frozen Eye":1,"Bronze Scales":3,"Molten Egg 2":6,"War Paint":3,"Question Card":3,"Burning Blood":0},{"Frozen Eye":5,"Bronze Scales":18,"Molten Egg 2":29,"War Paint":18,"Question Card":18,"Burning Blood":0}],"Burning Blood":36},"card_choices":[{"not_picked":["Thunderclap","Anger"],"picked":"Blood for Blood","floor":1},{"not_picked":["Havoc","Heavy Blade","Flex"],"picked":"SKIP","floor":4},{"not_picked":["True Grit","Burning Pact"],"picked":"Cleave","floor":7},{"not_picked":["Twin Strike","Warcry","Evolve"],"picked":"Feel No Pain","floor":11},{"not_picked":["Clothesline","Limit Break","Metallicize"],"picked":"Hemokinesis","floor":13},{"not_picked":["Body Slam+1","Seeing Red","Clash+1"],"picked":"Dark Embrace","floor":14}],"player_experience":2821589,"relics_obtained":[{"floor":7,"key":"Bronze Scales"},{"floor":9,"key":"War Paint"},{"floor":14,"key":"Molten Egg 2"}],"event_choices":[{"damage_healed":0,"gold_gain":0,"player_choice":"Donut","damage_taken":0,"max_hp_gain":5,"max_hp_loss":0,"event_name":"Big Fish","floor":3,"gold_loss":0},{"damage_healed":0,"gold_gain":0,"player_choice":"Ignored","damage_taken":0,"max_hp_gain":0,"max_hp_loss":0,"event_name":"Liars Game","floor":5,"gold_loss":0},{"damage_healed":0,"gold_gain":0,"player_choice":"Success","damage_taken":5,"relics_obtained":["Question Card"],"max_hp_gain":0,"max_hp_loss":0,"event_name":"Scrap Ooze","floor":8,"gold_loss":0}],"is_beta":false,"boss_relics":[],"items_purged_floors":[],"is_endless":false,"potions_floor_spawned":[4,7,13],"killed_by":"Hexaghost","ascension_level":20}}