{"host":"fmb9x04chdot191d","time":1612940668,"event":{"mods":["2.2 Compatiblity","AchievementEnabler","BaseMod","BetterRewards","Colored Map","Downfall","Hermit","Highlight Path","Marisa（霧雨　魔理沙）","Minty Spire (QoL Compilation)","Permanent Neow","Quick Restart","Replay The Spire","StSLib","The Servant 0.9.4","[IsaacMod]以撒尖塔"],"gold_per_floor":[117,117,135,85,104,132,132,132,186,205,232,232,232,77,77,180,180,193,207,122,134,34,34,63,63,63,63,87,100,100,120,120,219,219,232,232,251,251,269,269,296,296,296,296,327,345,345,34,34,34,34,34,34,66,66],"floor_reached":56,"language":"ENG","playtime":2404,"items_purged":["Strike_B","Strike_B","Defend_B","Defend_B"],"score":1687,"play_id":"fd60d59e-fa4d-4cf7-98c5-3d6b75747a4b","local_time":"20210210200428","is_ascension_mode":true,"campfire_choices":[{"floor":7.0,"key":"REST"},{"data":"ElectricPowerLearning","floor":13.0,"key":"SMITH"},{"data":"Zap","floor":15.0,"key":"SMITH"},{"data":"Thunder Strike","floor":23.0,"key":"SMITH"},{"data":"Tempest","floor":25.0,"key":"SMITH"},{"data":"Ball Lightning","floor":27.0,"key":"SMITH"},{"floor":32.0,"key":"RECALL"},{"data":"Auto Shields","floor":40.0,"key":"SMITH"},{"data":"Multi-Cast","floor":42,"key":"SMITH"},{"data":"Leap","floor":47,"key":"SMITH"},{"data":"Amplify","floor":49,"key":"SMITH"},{"data":"Strike_B","floor":52,"key":"SMITH"}],"circlet_count":0,"master_deck":["Strike_B+1","Defend_B+1","Zap+1","Dualcast","Skim+1","ElectricPowerLearning+1","Ball Lightning+1","Thunder Strike+1","Auto Shields+1","Multi-Cast+1","Tempest+1","Leap+1","Mirror Shield","Amplify+1","Defragment+1","Defragment+1","ElectricPowerLearning+1"],"relics":["Cracked Core","HushsDoor","PunchingBag","Ring of Panic","Ring of Shattering","Oddly Smooth Stone","Regal Pillow","FossilizedHelix","Snecko Eye","Nunchaku","Garlic","Bottled Tornado","SacredBark","Blue Candle","Frozen Egg 2","Mercury Hourglass","Blue Doll","DollysMirror","War Paint","Replay:Rubber Ducky"],"acts_visited":["Exordium","TheCity","TheBeyond","TheEnding"],"potions_floor_usage":[41,55],"damage_taken":[{"damage":14.0,"enemies":"Jaw Worm","floor":1.0,"turns":4.0},{"damage":3.0,"enemies":"2 Louse","floor":3.0,"turns":2.0},{"damage":0.0,"enemies":"Small Slimes","floor":5.0,"turns":2.0},{"damage":25.0,"enemies":"Gremlin Nob","floor":6.0,"turns":5.0},{"damage":0.0,"enemies":"2 Fungi Beasts","floor":10.0,"turns":2.0},{"damage":13.0,"enemies":"Lagavulin","floor":11.0,"turns":5.0},{"damage":20.0,"enemies":"Hexaghost","floor":16.0,"turns":5.0},{"damage":0.0,"enemies":"Spheric Guardian","floor":18.0,"turns":2.0},{"damage":0.0,"enemies":"3 Byrds","floor":19.0,"turns":1.0},{"damage":8.0,"enemies":"Snake Plant","floor":21.0,"turns":2.0},{"damage":0.0,"enemies":"Book of Stabbing","floor":24.0,"turns":2.0},{"damage":0.0,"enemies":"3 Cultists","floor":29.0,"turns":1.0},{"damage":0.0,"enemies":"Shelled Parasite and Fungi","floor":31.0,"turns":1.0},{"damage":0.0,"enemies":"Collector","floor":33.0,"turns":3.0},{"damage":0.0,"enemies":"3 Darklings","floor":35.0,"turns":2.0},{"damage":0.0,"enemies":"3 Shapes","floor":37.0,"turns":2.0},{"damage":0.0,"enemies":"Transient","floor":39.0,"turns":5.0},{"damage":0,"enemies":"Giant Head","floor":41,"turns":5},{"damage":0,"enemies":"R_Hoarder","floor":45,"turns":2},{"damage":0,"enemies":"Writhing Mass","floor":46,"turns":2},{"damage":0,"enemies":"Time Eater","floor":50,"turns":3},{"damage":0,"enemies":"Shield and Spear","floor":54,"turns":3},{"damage":0,"enemies":"The Heart","floor":55,"turns":4}],"seed_played":"-355226526981429858","potions_obtained":[{"floor":1.0,"key":"PotionOfCapacity"},{"floor":6.0,"key":"BlessingOfTheForge"},{"floor":11.0,"key":"Fire Potion"},{"floor":16.0,"key":"sneckomod:MuddlingPotion"},{"floor":18.0,"key":"Swift Potion"},{"floor":21.0,"key":"Weak Potion"},{"floor":31.0,"key":"Adrenaline Potion"},{"floor":35.0,"key":"Fire Potion"},{"floor":46,"key":"DistilledChaos"}],"is_trial":false,"path_per_floor":["M","?","M","?","M","E","R","?","T","M","E","?","R","$","R","B",null,"M","M","?","M","$","R","E","R","T","R","T","M","?","M","R_BF","B",null,"M","?","M","?","M","R","E","R","T","?","E","M","R","$","R","B",null,"R","$","E","B",null],"character_chosen":"DEFECT","items_purchased":["Auto Shields","DollysMirror","War Paint"],"campfire_rested":1,"item_purchase_floors":[14,48,48],"current_hp_per_floor":[61,61,58,58,58,33,55,75,75,75,62,55,55,55,55,35,70,70,70,70,62,62,62,62,62,62,62,62,62,62,62,62,62,63,63,63,63,58,58,58,58,58,58,58,58,58,58,58,58,58,60,60,60,60,60],"gold":66,"neow_bonus":"RANDOM_EVENT","is_daily":false,"chose_seed":false,"campfire_upgraded":10,"win_rate":0.0,"timestamp":1612940668,"path_taken":["M","?","M","?","?","E","R","?","T","?","E","?","R","$","R","BOSS","M","M","?","?","$","R","E","R","T","R","?","M","?","M","R_BF","BOSS","M","?","M","?","M","R","E","R","T","?","E","M","R","$","R","BOSS","R","$","E","BOSS"],"items_purchased_type":["Card","Relic","Relic"],"build_version":"2020-12-22","purchased_purges":4,"victory":true,"max_hp_per_floor":[75,75,75,75,75,75,75,75,75,75,75,75,75,75,75,75,70,70,70,70,70,70,70,70,70,70,70,70,70,70,70,70,70,63,63,63,63,63,63,63,63,63,63,60,60,60,60,60,60,60,60,60,60,60,60],"card_choices":[{"not_picked":["Cold Snap","ReplaySort"],"picked":"Skim","floor":1.0},{"not_picked":["Cold Snap","Go for the Eyes"],"picked":"ElectricPowerLearning","floor":3.0},{"not_picked":["Fan","Cold Snap","All For One"],"picked":"SKIP","floor":5.0},{"not_picked":["Turbo","Rebound","Undo"],"picked":"SKIP","floor":6.0},{"not_picked":["Blizzard","Beam Cell"],"picked":"Ball Lightning","floor":10.0},{"not_picked":["Barrage","Melter"],"picked":"Thunder Strike","floor":11.0},{"not_picked":["Creative AI","Hyperbeam"],"picked":"Multi-Cast","floor":16.0},{"not_picked":["Go for the Eyes","Compile Driver+1"],"picked":"Tempest","floor":18.0},{"not_picked":["Ball Lightning","Fusion+1"],"picked":"Leap","floor":19.0},{"not_picked":["Hologram","Gash"],"picked":"Mirror Shield","floor":21.0},{"not_picked":["Panic Button","Compile Driver","Glacier"],"picked":"SKIP","floor":24.0},{"not_picked":["Blizzard","Go for the Eyes+1","Beam Cell"],"picked":"SKIP","floor":29.0},{"not_picked":["Beam Cell","Coolheaded+1","Sweeping Beam"],"picked":"SKIP","floor":31.0},{"not_picked":["Meteor Strike","Thunder Strike"],"picked":"Amplify","floor":33.0},{"not_picked":["White Noise","Pulse+1","Chaos+1"],"picked":"SKIP","floor":35.0},{"not_picked":["BootSequence","Compile Driver"],"picked":"Defragment+1","floor":37.0},{"not_picked":["Gash","Beam Cell","Cold Snap"],"picked":"SKIP","floor":39.0},{"not_picked":["Redo+1","Heatsinks+1","Gash+1"],"picked":"SKIP","floor":41},{"not_picked":["Barrage+1","Cold Snap"],"picked":"Defragment+1","floor":45},{"not_picked":["Cold Snap+1","Rebound","Conserve Battery"],"picked":"SKIP","floor":46},{"not_picked":["Stack","Aggregate","Blizzard"],"picked":"SKIP","floor":54}],"player_experience":88073,"relics_obtained":[{"floor":2.0,"key":"Ring of Panic"},{"floor":2.0,"key":"Ring of Shattering"},{"floor":6.0,"key":"Oddly Smooth Stone"},{"floor":9.0,"key":"Regal Pillow"},{"floor":11.0,"key":"FossilizedHelix"},{"floor":24.0,"key":"Garlic"},{"floor":26.0,"key":"Bottled Tornado"},{"floor":41,"key":"Frozen Egg 2"},{"floor":43,"key":"Mercury Hourglass"},{"floor":45,"key":"Blue Doll"},{"floor":54,"key":"Replay:Rubber Ducky"}],"event_choices":[{"cards_removed":["Decay"],"damage_healed":0.0,"max_hp_gain":0.0,"max_hp_loss":0.0,"gold_gain":0.0,"event_name":"The Cleric","player_choice":"Card Removal","floor":4.0,"gold_loss":50.0,"damage_taken":0.0},{"damage_healed":25.0,"max_hp_gain":0.0,"max_hp_loss":0.0,"gold_gain":0.0,"event_name":"Big Fish","player_choice":"Banana","floor":8.0,"gold_loss":0.0,"damage_taken":0.0},{"cards_removed":["Defend_B"],"damage_healed":0.0,"max_hp_gain":0.0,"max_hp_loss":0.0,"gold_gain":0.0,"event_name":"Golden Wing","player_choice":"Card Removal","floor":12.0,"gold_loss":0.0,"damage_taken":7.0},{"damage_healed":0.0,"max_hp_gain":0.0,"max_hp_loss":0.0,"gold_gain":0.0,"event_name":"Addict","player_choice":"Obtained Relic","floor":20.0,"gold_loss":85.0,"damage_taken":0.0,"relics_obtained":["Nunchaku"]},{"damage_healed":0.0,"max_hp_gain":0.0,"max_hp_loss":0.0,"gold_gain":0.0,"event_name":"The Mausoleum","player_choice":"Ignored","floor":30.0,"gold_loss":0.0,"damage_taken":0.0},{"damage_healed":0.0,"max_hp_gain":0.0,"max_hp_loss":0.0,"gold_gain":0.0,"event_name":"SensoryStone","player_choice":"Memory 1","floor":36.0,"gold_loss":0.0,"damage_taken":0.0},{"damage_healed":0,"gold_gain":0,"player_choice":"Max HP","damage_taken":0,"max_hp_gain":0,"max_hp_loss":3,"event_name":"Winding Halls","floor":44,"gold_loss":0}],"is_beta":false,"boss_relics":[{"not_picked":["Replay:Wanted Poster","Coffee Dripper"],"picked":"Snecko Eye"},{"not_picked":[]},{"not_picked":["Replay:Ancient Bell","ChampionBelt"],"picked":"SacredBark"},{"not_picked":[]}],"items_purged_floors":[14,17,22,34],"is_endless":false,"potions_floor_spawned":[1,6,11,16,18,21,31,35,39,46],"ascension_level":3}}