{"host":"3n5xmnb54n2y5mb4","time":1612935982,"event":{"mods":["BaseMod","Colored Map","Colored Powertips","Downfall","Minty Spire (QoL Compilation)","Permanent Neow","StSLib","Unceasing Turn Reminder","everything is the same but u backflip on backflip"],"gold_per_floor":[99,112,125,38,54,71,71,404,404,436,447,462,462,113,126,221,221,221,240,255,255,265,295,319,219,40,71,71,8,21,33,43,146,146,146,160,173,94,94,113,136,146,146,176,176,189,189,218,236,236,236,236],"floor_reached":50,"language":"ENG","playtime":7246,"items_purged":["Slimebound:Strike_Slimebound"],"score":715,"play_id":"e5311ee6-2a29-420c-b58a-aa4801199ccd","local_time":"20210210004622","is_ascension_mode":true,"campfire_choices":[{"data":"Slimebound:Split","floor":1,"key":"SMITH"},{"floor":9,"key":"REST"},{"floor":18,"key":"RECALL"},{"data":"Slimebound:SplitLeeching","floor":25,"key":"SMITH"},{"floor":28,"key":"REST"},{"floor":35,"key":"REST"},{"floor":47,"key":"REST"}],"circlet_count":0,"master_deck":["Slimebound:Tackle","Slimebound:Defend_Slimebound","Slimebound:Defend_Slimebound","Slimebound:Defend_Slimebound","Slimebound:Split+1","Slimebound:CorrosiveSpit","Slimebound:SplitMire","Slimebound:Schlurp","Slimebound:Repurpose","Slimebound:LeadByExample+1","Slimebound:Schlurp","Slimebound:SlimeTap","Slimebound:PressTheAttack","Slimebound:ViciousTackle","Slimebound:ServeAndProtect","Slimebound:LeechEnergy","Slimebound:SplitLeeching+1","Slimebound:LeechLife","CurseOfTheBell","Slimebound:LeechEnergy","Slimebound:LeadByExample","downfall:Aged","Slimebound:SelfFormingGoo","Slimebound:SplitLeeching","Slimebound:Darklings","Slimebound:SelfFormingGoo","Slimebound:OozeBath","Slimebound:ProtectTheBoss","Slimebound:GrowthPunch","Thinking Ahead","Slimebound:SplitSpecialist","Slimebound:Schlurp","Slimebound:OozeBath","Slimebound:LeechEnergy+1","Slimebound:Gluttony","Slimebound:LevelUp","Slimebound:LevelUp","Slimebound:Darklings","Slimebound:SplitMire+1","Slimebound:Equalize","Slimebound:MassRepurpose"],"relics":["Slimebound:AbsorbEndCombat","Du-Vu Doll","Old Coin","Matryoshka","Bottled Lightning","Calling Bell","Centennial Puzzle","InkBottle","CaptainsWheel","Happy Flower","Ancient Tea Set","MealTicket","downfall:HeartBlessingRed","Mango","Fusion Hammer","Oddly Smooth Stone","Boot","Bag of Preparation","Smiling Mask","Pantograph"],"acts_visited":["Exordium","TheCity","TheBeyond"],"potions_floor_usage":[4,8,16,16,23,31,33,40,44,48,50,50,50],"damage_taken":[{"damage":1,"enemies":"Cultist","floor":2,"turns":3},{"damage":0,"enemies":"2 Louse","floor":3,"turns":3},{"damage":0,"enemies":"downfall:FleeingMerchant","floor":4,"turns":4},{"damage":1,"enemies":"Jaw Worm","floor":5,"turns":3},{"damage":26,"enemies":"Lots of Slimes","floor":6,"turns":5},{"damage":25,"enemies":"Gremlin Nob","floor":8,"turns":4},{"damage":34,"enemies":"3 Sentries","floor":10,"turns":6},{"damage":1,"enemies":"Blue Slaver","floor":11,"turns":2},{"damage":12,"enemies":"2 Fungi Beasts","floor":12,"turns":3},{"damage":1,"enemies":"downfall:FleeingMerchant","floor":14,"turns":4},{"damage":7,"enemies":"Exordium Thugs","floor":15,"turns":4},{"damage":0,"enemies":"IC_STATUS_ARCHETYPE","floor":16,"turns":7},{"damage":0,"enemies":"Chosen","floor":19,"turns":4},{"damage":0,"enemies":"Shell Parasite","floor":20,"turns":4},{"damage":9,"enemies":"Centurion and Healer","floor":22,"turns":4},{"damage":45,"enemies":"Gremlin Leader","floor":23,"turns":6},{"damage":14,"enemies":"downfall:FleeingMerchant","floor":26,"turns":4},{"damage":45,"enemies":"Slavers","floor":27,"turns":6},{"damage":0,"enemies":"downfall:FleeingMerchant","floor":29,"turns":4},{"damage":0,"enemies":"Cultist and Chosen","floor":30,"turns":4},{"damage":21,"enemies":"Shelled Parasite and Fungi","floor":31,"turns":5},{"damage":7,"enemies":"Centurion and Healer","floor":32,"turns":5},{"damage":15,"enemies":"WA_ARCHETYPE_CALM","floor":33,"turns":9},{"damage":22,"enemies":"3 Darklings","floor":36,"turns":5},{"damage":14,"enemies":"Orb Walker","floor":37,"turns":3},{"damage":1,"enemies":"Transient","floor":40,"turns":5},{"damage":39,"enemies":"Spire Growth","floor":42,"turns":5},{"damage":19,"enemies":"Giant Head","floor":44,"turns":7},{"damage":16,"enemies":"Jaw Worm Horde","floor":46,"turns":5},{"damage":44,"enemies":"Nemesis","floor":48,"turns":5},{"damage":10,"enemies":"Writhing Mass","floor":49,"turns":5},{"damage":100,"enemies":"DF_ARCHETYPE_ORBS","floor":50,"turns":9}],"seed_played":"-2871726772565647523","potions_obtained":[{"floor":3,"key":"champ:CounterPotion"},{"floor":5,"key":"Regen Potion"},{"floor":8,"key":"BlessingOfTheForge"},{"floor":11,"key":"Dexterity Potion"},{"floor":22,"key":"Regen Potion"},{"floor":23,"key":"EssenceOfSteel"},{"floor":27,"key":"champ:CounterPotion"},{"floor":30,"key":"Weak Potion"},{"floor":31,"key":"Slimebound:SlimyTonguePotion"},{"floor":32,"key":"AttackPotion"},{"floor":36,"key":"Slimebound:SlimyTonguePotion"},{"floor":42,"key":"SpeedPotion"},{"floor":46,"key":"DuplicationPotion"},{"floor":48,"key":"Fire Potion"}],"is_trial":false,"path_per_floor":["R","M","M","$","M","M","T","E","R","E","M","M","?","$","M","B",null,"R","M","M","?","M","E","T","R","$","E","R","$","M","M","M","B",null,"R","M","M","$","?","M","T","M","?","E","?","M","R","E","M","B"],"character_chosen":"SLIMEBOUND","items_purchased":["Slimebound:LeadByExample","Slimebound:SplitLeeching","Slimebound:PressTheAttack","Bottled Lightning","Slimebound:Darklings","Slimebound:ProtectTheBoss","Slimebound:GrowthPunch","Thinking Ahead","Slimebound:Gluttony"],"campfire_rested":4,"item_purchase_floors":[4,14,14,14,26,29,29,29,38],"current_hp_per_floor":[65,65,65,65,65,43,43,34,53,27,30,22,22,27,24,32,65,65,65,65,65,65,40,40,40,47,22,45,72,79,64,79,64,79,79,65,53,68,68,79,79,52,52,60,60,52,75,35,50,0,0,0],"gold":236,"neow_bonus":"REMOVE_CARD","is_daily":false,"chose_seed":false,"campfire_upgraded":2,"win_rate":0.0,"timestamp":1612935982,"path_taken":["R","M","?","$","M","M","T","E","R","E","M","M","?","$","M","BOSS","R","M","M","?","M","E","T","R","$","E","R","$","M","M","M","BOSS","R","?","M","$","?","M","T","M","?","E","?","?","R","E","M","BOSS"],"items_purchased_type":["Card","Card","Card","Relic","Card","Card","Card","Card","Card"],"build_version":"2020-12-22","purchased_purges":1,"victory":false,"max_hp_per_floor":[65,65,65,65,65,65,65,65,65,65,65,65,65,65,65,65,65,65,65,65,65,65,65,65,65,65,79,79,79,79,79,79,79,79,79,79,79,79,79,79,79,79,79,79,79,79,79,79,79,79,79,79],"card_choices":[{"not_picked":["Slimebound:ItLooksTasty","Slimebound:HauntingLick"],"picked":"Slimebound:SplitMire","floor":2},{"not_picked":["Slimebound:MegaLick","Slimebound:LivingWall"],"picked":"Slimebound:Schlurp","floor":3},{"not_picked":["Slimebound:LeechingTouch","Slimebound:SplitLeeching"],"picked":"Slimebound:Repurpose","floor":4},{"not_picked":["Slimebound:GoopSpray","Slimebound:LivingWall"],"picked":"Slimebound:Schlurp","floor":5},{"not_picked":["Slimebound:HauntingLick","Slimebound:WasteNot"],"picked":"Slimebound:SlimeTap","floor":6},{"not_picked":["Slimebound:Nibble","Slimebound:Dissolve"],"picked":"Slimebound:PressTheAttack","floor":8},{"not_picked":["Slimebound:DisruptingSlam","Slimebound:GoopTackle"],"picked":"Slimebound:Gluttony","floor":10},{"not_picked":["Slimebound:DisruptingSlam","Slimebound:RainOfGoop"],"picked":"Slimebound:ViciousTackle","floor":11},{"not_picked":["Slimebound:LivingWall","Slimebound:SplitBruiser"],"picked":"Slimebound:ServeAndProtect","floor":12},{"not_picked":["Slimebound:Gluttony","Slimebound:LivingWall"],"picked":"Slimebound:LeechEnergy","floor":14},{"not_picked":["Slimebound:ItLooksTasty","Slimebound:Prepare","Slimebound:SlimeSpikes"],"picked":"SKIP","floor":15},{"not_picked":["Slimebound:SlimeSlap","Slimebound:FirmFortitude"],"picked":"Slimebound:LeechLife","floor":16},{"not_picked":["Slimebound:Grow","Slimebound:ItLooksTasty"],"picked":"Slimebound:LeechEnergy","floor":19},{"not_picked":["Slimebound:ItLooksTasty","Slimebound:SplitLeeching"],"picked":"Slimebound:LeadByExample","floor":20},{"not_picked":["Slimebound:Grow+1","Slimebound:ServeAndProtect"],"picked":"Slimebound:SelfFormingGoo","floor":22},{"not_picked":["Slimebound:Prepare","Slimebound:LivingWall+1"],"picked":"Slimebound:SplitLeeching","floor":23},{"not_picked":["Slimebound:RainOfGoop","Slimebound:Chomp","Slimebound:LivingWall"],"picked":"SKIP","floor":26},{"not_picked":["Slimebound:Prepare","Slimebound:Chomp+1"],"picked":"Slimebound:SelfFormingGoo","floor":27},{"not_picked":["Slimebound:SpikyOuterGoop","Slimebound:Schlurp"],"picked":"Slimebound:OozeBath","floor":29},{"not_picked":["Slimebound:FlameTackle","Slimebound:Chomp"],"picked":"Slimebound:SplitSpecialist","floor":30},{"not_picked":["Slimebound:Chomp","Slimebound:Prepare+1","Slimebound:PressTheAttack+1"],"picked":"SKIP","floor":31},{"not_picked":["Slimebound:RollThrough","Slimebound:SplitLeeching"],"picked":"Slimebound:Schlurp","floor":32},{"not_picked":["Slimebound:PrepareCrush","Slimebound:FirmFortitude"],"picked":"Slimebound:OozeBath","floor":33},{"not_picked":["Slimebound:Schlurp","Slimebound:RollThrough+1"],"picked":"Slimebound:LeechEnergy+1","floor":36},{"not_picked":["Slimebound:SplitLeeching","Slimebound:GoopSpray+1","Slimebound:Schlurp+1"],"picked":"SKIP","floor":37},{"not_picked":["Slimebound:GoopSpray+1","Slimebound:Prepare+1","Slimebound:ServeAndProtect"],"picked":"SKIP","floor":40},{"not_picked":["Slimebound:PrepareCrush","Slimebound:SlimeBarrage+1"],"picked":"Slimebound:LevelUp","floor":42},{"not_picked":["Slimebound:ViciousTackle+1","Slimebound:LeechEnergy","Slimebound:ComboTackle"],"picked":"SKIP","floor":44},{"not_picked":["Slimebound:Chomp","Slimebound:SamplingLick+1"],"picked":"Slimebound:SplitMire+1","floor":46},{"not_picked":["Slimebound:HauntingLick","Slimebound:SlimeBrawl"],"picked":"Slimebound:Equalize","floor":48},{"not_picked":["Slimebound:LeechEnergy","Slimebound:SplitBruiser+1"],"picked":"Slimebound:MassRepurpose","floor":49}],"player_experience":1013865,"relics_obtained":[{"floor":7,"key":"Du-Vu Doll"},{"floor":8,"key":"Old Coin"},{"floor":10,"key":"Matryoshka"},{"floor":17,"key":"Centennial Puzzle"},{"floor":17,"key":"InkBottle"},{"floor":17,"key":"CaptainsWheel"},{"floor":23,"key":"Happy Flower"},{"floor":24,"key":"Ancient Tea Set"},{"floor":24,"key":"MealTicket"},{"floor":27,"key":"Mango"},{"floor":39,"key":"Oddly Smooth Stone"},{"floor":39,"key":"Boot"},{"floor":41,"key":"Bag of Preparation"},{"floor":44,"key":"Smiling Mask"},{"floor":48,"key":"Pantograph"}],"event_choices":[{"damage_healed":0,"gold_gain":0,"player_choice":"Grow","damage_taken":0,"max_hp_gain":0,"max_hp_loss":0,"event_name":"Living Wall","floor":13,"gold_loss":0,"cards_upgraded":["Slimebound:LeadByExample"]},{"cards_removed":["Slimebound:Gluttony"],"damage_healed":0,"gold_gain":0,"player_choice":"Removed Power","damage_taken":0,"max_hp_gain":0,"max_hp_loss":0,"event_name":"Falling","floor":43,"gold_loss":0}],"is_beta":false,"boss_relics":[{"not_picked":["Slimebound:TarBlob","Black Star"],"picked":"Calling Bell"},{"not_picked":["SacredBark","Astrolabe"],"picked":"Fusion Hammer"}],"items_purged_floors":[29],"is_endless":false,"potions_floor_spawned":[3,5,8,11,22,23,27,30,31,32,36,37,42,46,48],"killed_by":"DF_ARCHETYPE_ORBS","ascension_level":1}}