{"host":"xltl1aroowo69o4n","time":1612922302,"event":{"mods":["BaseMod","Colored Map","Colored Powertips","Downfall","Marisa????????","Minty Spire (QoL Compilation)","Replay The Spire","StSLib","The Cursed","The Hierophant","The Mystic","The Necromancer","The Servant 0.9.4"],"gold_per_floor":[99,109,128,38,38,38,38,50,50,60,77,77,97,115,145,241,241,241,271,289,289,318,349,375,25,25,25,25],"floor_reached":27,"language":"ENG","playtime":1817,"items_purged":["Replay:Hysterical Blindness","Pain"],"score":234,"play_id":"853f455c-d78a-4272-90ba-3f7b1cd73ca4","local_time":"20210209205822","is_ascension_mode":false,"campfire_choices":[{"data":"RefractionSpark","floor":6,"key":"SMITH"},{"data":"UpSweep","floor":9,"key":"SMITH"},{"data":"StarDustReverie","floor":18,"key":"SMITH"}],"circlet_count":0,"master_deck":["Strike_MRS","Strike_MRS","Defend_MRS","Defend_MRS","Defend_MRS","MasterSpark","UpSweep+1","AsteroidBelt","GalacticHalo","DoubleSpark","MilkyWay","EnergyRecoil","Doubt","RefractionSpark+1","OrrerysSun","GrandCross","SuperPerseids","StarBarrage","WitchOfGreed","6A","StarDustReverie+1","CurseOfTheBell","Occultation","SporeBomb+1","GrandCross+1","EarthLightRay+1","BlazingStar","Replay:SS_hec_1","PowerUp","GalacticHalo+1"],"relics":["MiniHakkero","MagicBroom","Calling Bell","Oddly Smooth Stone","Sundial","Torii","Lantern","Omamori","OrangePellets"],"acts_visited":["Exordium","TheCity"],"potions_floor_usage":[10,12,15,15,16,16,16,23,25,26,26,26,26,26,27,27,27],"damage_taken":[{"damage":7,"enemies":"Small Slimes","floor":2,"turns":4},{"damage":1,"enemies":"Cultist","floor":3,"turns":3},{"damage":0,"enemies":"downfall:FleeingMerchant","floor":4,"turns":4},{"damage":0,"enemies":"2 Louse","floor":8,"turns":3},{"damage":15,"enemies":"Gremlin Gang","floor":10,"turns":6},{"damage":7,"enemies":"2 Fungi Beasts","floor":11,"turns":6},{"damage":12,"enemies":"Exordium Thugs","floor":13,"turns":4},{"damage":7,"enemies":"Blue Slaver","floor":14,"turns":4},{"damage":6,"enemies":"Exordium Wildlife","floor":15,"turns":4},{"damage":18,"enemies":"SI_SHIV_ARCHETYPE","floor":16,"turns":10},{"damage":8,"enemies":"3 Byrds","floor":19,"turns":5},{"damage":33,"enemies":"Shell Parasite","floor":20,"turns":7},{"damage":20,"enemies":"Snecko","floor":22,"turns":5},{"damage":20,"enemies":"Sentry and Sphere","floor":23,"turns":4},{"damage":2,"enemies":"downfall:FleeingMerchant","floor":25,"turns":4},{"damage":0,"enemies":"downfall:FleeingMerchant","floor":26,"turns":5},{"damage":17,"enemies":"Slavers","floor":27,"turns":3}],"seed_played":"-644153061911371649","potions_obtained":[{"floor":1,"key":"Ancient Potion"},{"floor":1,"key":"CultistPotion"},{"floor":8,"key":"SteroidPotion"},{"floor":12,"key":"ColorlessPotion"},{"floor":12,"key":"Fruit Juice"},{"floor":12,"key":"Energy Potion"},{"floor":15,"key":"Adrenaline Potion"},{"floor":15,"key":"Venom Potion"},{"floor":19,"key":"Elixir"},{"floor":20,"key":"Venom Potion"},{"floor":22,"key":"Dexterity Potion"},{"floor":23,"key":"EntropicBrew"},{"floor":25,"key":"Flashbang"},{"floor":26,"key":"ColorlessPotion"}],"is_trial":false,"path_per_floor":["R_BF","M","M","$","?","R","T","M","R","M","M","?","M","M","M","B",null,"R","M","M","?","M","M","T","$","$","E"],"character_chosen":"MARISA","items_purchased":["Replay:SS_hec_1","OrangePellets","PowerUp"],"campfire_rested":0,"item_purchase_floors":[25,25,25],"current_hp_per_floor":[89,82,81,81,81,81,81,81,81,66,59,64,52,45,39,21,94,94,86,53,53,33,13,13,11,17,0,0],"gold":25,"neow_bonus":"TWENTY_PERCENT_HP_BONUS","is_daily":false,"chose_seed":false,"campfire_upgraded":3,"win_rate":0.0,"timestamp":1612922302,"path_taken":["R_BF","M","M","$","?","R","T","M","R","M","?","?","M","?","M","BOSS","R","M","M","?","M","M","T","?","$","E"],"items_purchased_type":["Card","Relic","Card"],"build_version":"2020-12-13","purchased_purges":2,"victory":false,"max_hp_per_floor":[89,89,89,89,89,89,89,89,89,89,89,94,94,94,94,94,94,94,94,94,94,94,94,94,94,94,94,94],"card_choices":[{"not_picked":["ShootTheMoon","OpenUniverse"],"picked":"AsteroidBelt","floor":2},{"not_picked":["PowerUp","MagicAbsorber"],"picked":"GalacticHalo","floor":3},{"not_picked":["LuminesStrike","GravityBeat"],"picked":"DoubleSpark","floor":4},{"not_picked":["AlicesGift","LuminesStrike"],"picked":"OrrerysSun","floor":8},{"not_picked":["DarkMatter","OneTimeOff"],"picked":"GrandCross","floor":10},{"not_picked":["FairyDestructionRay","UnstableBomb"],"picked":"SuperPerseids","floor":11},{"not_picked":["GalacticHalo","Occultation"],"picked":"StarBarrage","floor":13},{"not_picked":["WitchLeyline","GrandCross"],"picked":"WitchOfGreed","floor":14},{"not_picked":["OpenUniverse","GasGiant"],"picked":"6A","floor":15},{"not_picked":["ManaRampage","CollectingQuirk"],"picked":"StarDustReverie","floor":16},{"not_picked":["GalacticHalo","Orbital"],"picked":"Occultation","floor":19},{"not_picked":["MilkyWay","DoubleSpark"],"picked":"SporeBomb+1","floor":20},{"not_picked":["MagicChant","LuminesStrike"],"picked":"GrandCross+1","floor":22},{"not_picked":["SporeBomb","DoubleSpark"],"picked":"EarthLightRay+1","floor":23},{"not_picked":["Occultation+1","LuminesStrike+1"],"picked":"BlazingStar","floor":25},{"not_picked":["6A","PowerUp"],"picked":"GalacticHalo+1","floor":26}],"player_experience":175725,"relics_obtained":[{"floor":7,"key":"MagicBroom"},{"floor":17,"key":"Oddly Smooth Stone"},{"floor":17,"key":"Sundial"},{"floor":17,"key":"Torii"},{"floor":24,"key":"Omamori"}],"event_choices":[{"damage_healed":0,"gold_gain":0,"player_choice":"Got Potions","damage_taken":0,"max_hp_gain":0,"max_hp_loss":0,"event_name":"Lab","floor":12,"gold_loss":0}],"is_beta":false,"boss_relics":[{"not_picked":["Snecko Eye","ChewingGum"],"picked":"Calling Bell"}],"items_purged_floors":[4,25],"is_endless":false,"potions_floor_spawned":[8,13,15,20,22,23],"killed_by":"Slavers","ascension_level":0}}