{"host":"m6aaltr68g9tvoay","time":1612925109,"event":{"mods":["AchievementEnabler","BaseMod","Colored Map","Downfall","Minty Spire (QoL Compilation)","Slay the Relics Exporter","StSLib"],"gold_per_floor":[99,111,125,144,155,55,55,55,67,67,84,103,121,121,139,235,235,235,247,35,49,62,76,101,117,17,33,33,33,33],"floor_reached":28,"language":"ENG","playtime":3580,"items_purged":[],"score":366,"play_id":"69c8a7c7-239c-4798-a302-2ba4285f1cc7","local_time":"20210209184509","is_ascension_mode":true,"campfire_choices":[{"floor":1,"key":"RECALL"},{"data":"bronze:Flail","floor":6,"key":"SMITH"},{"floor":10,"key":"REST"},{"data":"bronze:InfiniteBeams","floor":18,"key":"SMITH"},{"floor":26,"key":"REST"}],"circlet_count":0,"master_deck":["AscendersBane","bronze:Strike","bronze:Strike","bronze:Strike","bronze:Strike","bronze:Defend","bronze:Defend","bronze:Defend","bronze:Defend","bronze:Flail+1","bronze:Shield","bronze:Branch","bronze:ChosenStrike","bronze:InfiniteBeams+1","bronze:FineTuning","bronze:FunctionCard","bronze:Shield","bronze:GetLatest+1","bronze:BitShift+1","bronze:Frontload","bronze:Deprecate","bronze:FindAndReplace","bronze:Branch"],"relics":["bronze:BronzeCore","downfall:HeartBlessingRed","The Courier","CultistMask","bronze:ElectromagneticCoil","Bottled Tornado","downfall:HeartBlessingBlue"],"acts_visited":["Exordium","TheCity"],"potions_floor_usage":[9,16,16,22,22,25],"damage_taken":[{"damage":1,"enemies":"Cultist","floor":2,"turns":4},{"damage":3,"enemies":"2 Louse","floor":3,"turns":3},{"damage":13,"enemies":"Jaw Worm","floor":4,"turns":4},{"damage":5,"enemies":"Blue Slaver","floor":5,"turns":4},{"damage":5,"enemies":"Exordium Thugs","floor":9,"turns":5},{"damage":0,"enemies":"Exordium Wildlife","floor":11,"turns":3},{"damage":0,"enemies":"Large Slime","floor":12,"turns":3},{"damage":0,"enemies":"2 Fungi Beasts","floor":13,"turns":2},{"damage":27,"enemies":"Blue Slaver","floor":15,"turns":7},{"damage":7,"enemies":"DF_ARCHETYPE_STREAMLINE","floor":16,"turns":7},{"damage":0,"enemies":"Spheric Guardian","floor":19,"turns":3},{"damage":0,"enemies":"downfall:FleeingMerchant","floor":20,"turns":4},{"damage":16,"enemies":"Centurion and Healer","floor":21,"turns":5},{"damage":8,"enemies":"Snake Plant","floor":22,"turns":6},{"damage":11,"enemies":"Cultist and Chosen","floor":23,"turns":5},{"damage":19,"enemies":"Centurion and Healer","floor":25,"turns":4},{"damage":21,"enemies":"Sentry and Sphere","floor":27,"turns":4},{"damage":17,"enemies":"Snake Plant","floor":28,"turns":4}],"seed_played":"9031212993868231154","potions_obtained":[{"floor":3,"key":"bronze:BuildAFunctionPotion"},{"floor":9,"key":"FearPotion"},{"floor":11,"key":"FearPotion"},{"floor":12,"key":"bronze:BuildAFunctionPotion"},{"floor":19,"key":"Guardian:BlockOnCardUsePotion"},{"floor":21,"key":"SkillPotion"},{"floor":23,"key":"Fire Potion"}],"is_trial":false,"path_per_floor":["R","M","M","M","M","R","T","?","M","R","M","M","M","?","M","B",null,"R","M","$","M","M","M","T","M","R","M","M"],"character_chosen":"THE_AUTOMATON","items_purchased":["Bottled Tornado"],"campfire_rested":2,"item_purchase_floors":[20],"current_hp_per_floor":[70,69,66,53,48,48,48,48,43,66,66,66,66,66,39,32,66,66,66,66,50,42,31,31,12,48,27,10,10,10],"gold":33,"neow_bonus":"TEN_PERCENT_HP_BONUS","is_daily":false,"chose_seed":false,"campfire_upgraded":2,"win_rate":0.0,"timestamp":1612925109,"path_taken":["R","M","M","?","M","R","T","?","M","R","?","M","M","?","M","BOSS","R","M","$","M","M","M","T","?","R","M","M"],"items_purchased_type":["Relic"],"build_version":"2020-12-22","purchased_purges":0,"victory":false,"max_hp_per_floor":[77,77,77,77,77,77,77,77,77,77,77,77,77,77,77,77,77,77,77,77,77,77,77,77,77,87,87,87,87,87],"card_choices":[{"not_picked":["bronze:Deprecate","bronze:Constructor"],"picked":"bronze:CutThrough","floor":2},{"not_picked":["bronze:NullPointer","bronze:DarkDash"],"picked":"bronze:Flail","floor":3},{"not_picked":["bronze:Return","bronze:BuggyMess"],"picked":"bronze:Shield","floor":4},{"not_picked":["bronze:Constructor","bronze:DelayedSlice"],"picked":"bronze:Branch","floor":5},{"not_picked":["bronze:WildBeam","bronze:Invalidate"],"picked":"bronze:ChosenStrike","floor":9},{"not_picked":["bronze:BurnOut","bronze:FineTuning","bronze:Constructor"],"picked":"SKIP","floor":11},{"not_picked":["bronze:Allocate","bronze:Shell"],"picked":"bronze:InfiniteBeams","floor":12},{"not_picked":["bronze:DelayedSlice","bronze:WildBeam"],"picked":"bronze:FineTuning","floor":13},{"not_picked":["bronze:FineTuning","bronze:BuggyMess"],"picked":"bronze:Shield","floor":15},{"not_picked":["bronze:Turbo+1","bronze:Constructor"],"picked":"bronze:GetLatest+1","floor":19},{"not_picked":["bronze:FineTuning","bronze:Break","bronze:InfiniteBeams+1"],"picked":"SKIP","floor":20},{"not_picked":["bronze:BugBarrage","bronze:DelayedGuard+1"],"picked":"bronze:BitShift+1","floor":21},{"not_picked":["bronze:Invalidate+1","bronze:ForLoop"],"picked":"bronze:Frontload","floor":22},{"not_picked":["bronze:Iterate","bronze:ForceShield"],"picked":"bronze:Deprecate","floor":23},{"not_picked":["bronze:CloningBeam","bronze:CutThrough"],"picked":"bronze:FindAndReplace","floor":25},{"not_picked":["bronze:FineTuning","bronze:Shield"],"picked":"bronze:Branch","floor":27}],"player_experience":1892436,"relics_obtained":[{"floor":7,"key":"The Courier"}],"event_choices":[{"damage_healed":0,"gold_gain":0,"player_choice":"Trade","damage_taken":0,"relics_obtained":["CultistMask"],"max_hp_gain":0,"max_hp_loss":0,"event_name":"FaceTrader","floor":8,"gold_loss":0}],"is_beta":false,"boss_relics":[{"not_picked":["bronze:MakeshiftBattery","Astrolabe"],"picked":"bronze:ElectromagneticCoil"}],"items_purged_floors":[],"is_endless":false,"potions_floor_spawned":[3,9,11,12,15,19,21,23],"killed_by":"Snake Plant","ascension_level":11}}