{"host":"l4kdldlios54gl54","time":1612999841,"event":{"mods":["AchievementEnabler","BaseMod","Colored Map","Colored Powertips","Minty Spire (QoL Compilation)","Random Character Button"],"gold_per_floor":[116,128,147,162,162,162,87,12,38,0,12,49,61,87,99,111,111],"floor_reached":16,"language":"ENG","playtime":488,"items_purged":["Strike_R"],"score":204,"play_id":"1dd75ccd-60b9-4f46-b34b-c63d93798359","local_time":"20210211003041","is_ascension_mode":true,"campfire_choices":[{"data":"Wild Strike","floor":6,"key":"SMITH"},{"data":"Wild Strike","floor":15,"key":"SMITH"}],"circlet_count":0,"master_deck":["AscendersBane","Strike_R","Strike_R","Strike_R","Defend_R","Defend_R","Defend_R","Defend_R","Bash","Twin Strike","Wild Strike+1","Wild Strike+1","Shockwave"],"relics":["Burning Blood","Juzu Bracelet","CeramicFish","MawBank"],"acts_visited":["Exordium"],"potions_floor_usage":[11,12],"damage_taken":[{"damage":11,"enemies":"Small Slimes","floor":1,"turns":4},{"damage":12,"enemies":"Jaw Worm","floor":2,"turns":3},{"damage":6,"enemies":"Cultist","floor":3,"turns":3},{"damage":37,"enemies":"Large Slime","floor":4,"turns":5},{"damage":20,"enemies":"Exordium Thugs","floor":11,"turns":5},{"damage":8,"enemies":"Gremlin Nob","floor":12,"turns":3},{"damage":7,"enemies":"3 Louse","floor":14,"turns":3},{"damage":74,"enemies":"Slime Boss","floor":16,"turns":9}],"seed_played":"-995801000408184921","potions_obtained":[{"floor":3,"key":"GamblersBrew"},{"floor":11,"key":"Energy Potion"}],"is_trial":false,"path_per_floor":["M","M","M","M","?","R","?","$","T","?","M","E","?","M","R","B"],"character_chosen":"IRONCLAD","items_purchased":[],"campfire_rested":0,"item_purchase_floors":[],"current_hp_per_floor":[63,57,57,26,26,26,26,26,26,26,12,10,75,74,74,0,0],"gold":111,"neow_bonus":"RANDOM_COMMON_RELIC","is_daily":false,"chose_seed":false,"campfire_upgraded":2,"win_rate":0.0,"timestamp":1612999841,"path_taken":["M","M","M","M","?","R","?","?","T","?","M","E","?","M","R","BOSS"],"items_purchased_type":[],"build_version":"2020-12-22","purchased_purges":1,"victory":false,"max_hp_per_floor":[75,75,75,75,75,75,75,75,75,75,75,75,75,75,75,75,75],"card_choices":[{"not_picked":["Intimidate","Dropkick"],"picked":"Twin Strike","floor":1},{"not_picked":["Shrug It Off","Clothesline"],"picked":"Wild Strike","floor":2},{"not_picked":["Feel No Pain","Uppercut","Thunderclap"],"picked":"SKIP","floor":3},{"not_picked":["Flex","Clothesline"],"picked":"Wild Strike","floor":4},{"not_picked":["Thunderclap","Sever Soul","Whirlwind"],"picked":"SKIP","floor":11},{"not_picked":["Seeing Red","Feel No Pain"],"picked":"Shockwave","floor":12},{"not_picked":["Thunderclap","Perfected Strike","Shockwave"],"picked":"SKIP","floor":14}],"player_experience":902550,"relics_obtained":[{"floor":9,"key":"CeramicFish"},{"floor":12,"key":"MawBank"}],"event_choices":[{"damage_healed":0,"gold_gain":0,"player_choice":"Fled","damage_taken":0,"max_hp_gain":0,"max_hp_loss":0,"event_name":"Scrap Ooze","floor":5,"gold_loss":0},{"cards_removed":["Strike_R"],"damage_healed":0,"gold_gain":0,"player_choice":"Card Removal","damage_taken":0,"max_hp_gain":0,"max_hp_loss":0,"event_name":"The Cleric","floor":7,"gold_loss":75},{"damage_healed":0,"gold_gain":0,"player_choice":"Left Gold","damage_taken":0,"max_hp_gain":0,"max_hp_loss":0,"event_name":"World of Goop","floor":10,"gold_loss":38},{"damage_healed":65,"gold_gain":0,"player_choice":"Full Heal","damage_taken":0,"max_hp_gain":0,"max_hp_loss":0,"event_name":"Wheel of Change","floor":13,"gold_loss":0}],"is_beta":false,"boss_relics":[],"items_purged_floors":[8],"is_endless":false,"potions_floor_spawned":[3,11],"killed_by":"Slime Boss","ascension_level":20}}