{"host":"phniwng9zo19jwdb","time":1612992086,"event":{"mods":["AchievementEnabler","BaseMod","Colored Powertips","Dark Map","Faster Ascension Climbing","GifTheSpireLib","Minty Spire (QoL Compilation)","Permanent Neow","Rare Cards Sparkle","Relic Filter Mod","StSLib","Weighted Paths"],"gold_per_floor":[155,213,244,358,388,388,423,423,501,541,541,593,518,550,550,624,624,644,644,644,682,702,718,718,718,718],"floor_reached":25,"language":"ENG","playtime":1066,"items_purged":[],"score":450,"play_id":"a4b5657f-37c6-49a9-a96e-c57622333b7a","local_time":"20210210222126","is_ascension_mode":true,"campfire_choices":[{"data":"HandOfGreed","floor":6,"key":"SMITH"},{"floor":8,"key":"REST"},{"data":"Neutralize","floor":11,"key":"SMITH"},{"floor":15,"key":"REST"},{"floor":24,"key":"REST"}],"circlet_count":0,"master_deck":["AscendersBane","Strike_G","Strike_G","Strike_G","Strike_G","Defend_G","Defend_G","Defend_G","Defend_G","Defend_G","Survivor","Neutralize+1","HandOfGreed+1","Backflip","Endless Agony","Leg Sweep","Poisoned Stab","Die Die Die","Noxious Fumes","Blade Dance","PiercingWail","After Image","After Image","Footwork"],"relics":["Ring of the Snake","Letter Opener","Eternal Feather","StoneCalendar","Art of War","Sozu"],"acts_visited":["Exordium","TheCity"],"potions_floor_usage":[4,7,7],"damage_taken":[{"damage":0,"enemies":"2 Louse","floor":1,"turns":4},{"damage":11,"enemies":"Small Slimes","floor":2,"turns":8},{"damage":4,"enemies":"Cultist","floor":3,"turns":5},{"damage":17,"enemies":"Lots of Slimes","floor":4,"turns":11},{"damage":1,"enemies":"Blue Slaver","floor":5,"turns":6},{"damage":21,"enemies":"Lagavulin","floor":7,"turns":8},{"damage":0,"enemies":"Looter","floor":10,"turns":5},{"damage":10,"enemies":"3 Sentries","floor":12,"turns":9},{"damage":15,"enemies":"Lagavulin","floor":14,"turns":7},{"damage":20,"enemies":"Slime Boss","floor":16,"turns":8},{"damage":8,"enemies":"Chosen","floor":18,"turns":6},{"damage":4,"enemies":"Shell Parasite","floor":21,"turns":6},{"damage":26,"enemies":"Snake Plant","floor":22,"turns":5},{"damage":11,"enemies":"Centurion and Healer","floor":23,"turns":7},{"damage":35,"enemies":"Gremlin Leader","floor":25,"turns":4}],"seed_played":"2507760210861509770","potions_obtained":[{"floor":2,"key":"ColorlessPotion"},{"floor":3,"key":"LiquidBronze"},{"floor":4,"key":"Swift Potion"},{"floor":14,"key":"Ancient Potion"},{"floor":16,"key":"SteroidPotion"}],"is_trial":false,"path_per_floor":["M","M","M","M","M","R","E","R","T","M","R","E","?","E","R","B",null,"M","?","?","M","M","M","R","E"],"character_chosen":"THE_SILENT","items_purchased":[],"campfire_rested":3,"item_purchase_floors":[],"current_hp_per_floor":[59,48,44,27,26,26,5,23,23,23,35,25,25,10,40,20,50,42,42,42,38,12,1,31,0,0],"gold":718,"neow_bonus":"RANDOM_COLORLESS_2","is_daily":false,"chose_seed":false,"campfire_upgraded":2,"win_rate":0.0,"timestamp":1612992086,"path_taken":["M","M","M","M","M","R","E","R","T","M","R","E","?","E","R","BOSS","M","?","?","?","M","M","R","E"],"items_purchased_type":[],"build_version":"2020-12-22","purchased_purges":0,"victory":false,"max_hp_per_floor":[60,60,60,60,60,60,60,60,60,60,60,60,60,60,60,60,60,60,60,60,60,60,60,60,60,60],"card_choices":[{"not_picked":["Sadistic Nature","Secret Technique"],"picked":"HandOfGreed","floor":0},{"not_picked":["Eviscerate","Flying Knee"],"picked":"Backflip","floor":1},{"not_picked":["Predator","Prepared"],"picked":"Endless Agony","floor":2},{"not_picked":["Bane","Flying Knee","Prepared"],"picked":"SKIP","floor":3},{"not_picked":["Dagger Throw","Expertise"],"picked":"Leg Sweep","floor":4},{"not_picked":["All Out Attack","Caltrops"],"picked":"Poisoned Stab","floor":5},{"not_picked":["Terror","Setup"],"picked":"Die Die Die","floor":7},{"not_picked":["Bane","Dodge and Roll"],"picked":"Noxious Fumes","floor":10},{"not_picked":["Deadly Poison","Concentrate"],"picked":"Blade Dance","floor":12},{"not_picked":["Dodge and Roll","Blade Dance"],"picked":"PiercingWail","floor":14},{"not_picked":["A Thousand Cuts","Night Terror"],"picked":"After Image","floor":16},{"not_picked":["Slice","Finisher","Dodge and Roll"],"picked":"SKIP","floor":18},{"not_picked":["Terror","Dagger Spray","Dodge and Roll"],"picked":"SKIP","floor":21},{"not_picked":["Choke","Underhanded Strike"],"picked":"Footwork","floor":22},{"not_picked":["Slice","Bane","Terror"],"picked":"SKIP","floor":23}],"player_experience":112242,"relics_obtained":[{"floor":7,"key":"Letter Opener"},{"floor":9,"key":"Eternal Feather"},{"floor":12,"key":"StoneCalendar"},{"floor":14,"key":"Art of War"}],"event_choices":[{"cards_removed":["Strike_G"],"damage_healed":0,"gold_gain":0,"player_choice":"Card Removal","damage_taken":0,"max_hp_gain":0,"max_hp_loss":0,"event_name":"The Cleric","floor":13,"gold_loss":75},{"damage_healed":0,"gold_gain":0,"player_choice":"Ignored","damage_taken":0,"max_hp_gain":0,"max_hp_loss":0,"event_name":"Ghosts","floor":19,"gold_loss":0},{"damage_healed":0,"gold_gain":0,"player_choice":"Copied","damage_taken":0,"max_hp_gain":0,"max_hp_loss":0,"event_name":"Duplicator","floor":20,"gold_loss":0,"cards_obtained":["After Image"]}],"is_beta":false,"boss_relics":[{"not_picked":["Tiny House","Fusion Hammer"],"picked":"Sozu"}],"items_purged_floors":[],"is_endless":false,"potions_floor_spawned":[2,3,4,14,16,18,21,22],"killed_by":"Gremlin Leader","ascension_level":20}}