{"host":"5tnmlfm2arf82kze","time":1612953632,"event":{"mods":["Act Like it!","Arknights","BaseMod","CapriCore","Colored Powertips","Gensokyo","Minty Spire (QoL Compilation)","MostiFishMod","Remilia（蕾米莉亚）","Replay The Spire","RumiaBox-露米娅的神秘盒子","Shop Mod","Spicy Shops","StSLib","Waifu the Spire","Yuyuko","【功能Mod】聪明的最终Boss"],"gold_per_floor":[118,133,133,145,158,158,186,205,273,607,607,622,622,592,592,713,713,728,286,286,286,286,322,347,368,368,411,434,454,495,515,515,646,646,665,665,125,226,262,262,262,262,352,401,440,440,788,816,816,816,816,816,305,305],"floor_reached":55,"language":"ZHS","playtime":4766,"items_purged":["Injury","Decay"],"score":1592,"play_id":"6cc286bb-16b0-4138-8ce7-960bb73bd201","local_time":"20210210184032","is_ascension_mode":false,"campfire_choices":[{"floor":6,"key":"RECALL"},{"floor":15,"key":"REST"},{"data":"ats:Emotion Absorption","floor":32,"key":"SMITH"},{"data":"ats:Dogmatic Field","floor":41,"key":"SMITH"},{"data":"ats:Shadow Assault","floor":41,"key":"SMITH"},{"data":"ats:Echo Reverb","floor":46,"key":"SMITH"},{"data":"ats:Nebulous Foxfire","floor":46,"key":"SMITH"},{"data":"ats:Burning Ground","floor":49,"key":"SMITH"},{"data":"ats:Burning Ground","floor":49,"key":"SMITH"},{"data":"ats:Soul Rend","floor":52,"key":"SMITH"},{"data":"ats:Soul Rend","floor":52,"key":"SMITH"}],"circlet_count":0,"master_deck":["ats:Strike C+1","ats:Strike G+1","ats:Strike V+1","ats:Armor Crushing Shot","ats:Defend+1","ats:Defend+1","ats:Defend+1","ats:Defend+1","ats:Emotion Absorption+1","ats:Sword Rain","ats:Part Time Job","ats:Very Hot Blade","ats:Very Hot Blade","ats:Echo Reverb+1","ats:Absolute Focus","ats:Directed Diagnosis+1","ats:Soul Absorption","ats:Apocalypse","ats:Burning Ground+1","ats:Nebulous Foxfire+1","ats:Shell Defense+1","ats:Flexible Camouflage+1","ats:Literary Storm+1","ats:Shadow Raid","ats:Shadow Raid","ats:Soul Rend+1","ats:Composite Medical Shells","ats:Ignite","ats:Soul Rend+1","ats:Burning Ground+1","ats:Shadow Assault+1","CurseOfTheBell","ats:Sunburst+1","MostiFishMod:Mottled","ats:Calcification+1","ats:Dogmatic Field+1","ats:Soul Absorption","ats:Healing Strengthening+1","ats:Healing Strengthening+1","ats:Absolute Focus+1","ats:Shadow Assault+1","ats:Wolf Pack","ats:Curse Doll"],"relics":["ats:Sanity","DaveBox","Chemical X","SynthV:TestCard","ats:Originium","ReplayFunnel","Old Coin","NightmareShop","Membership Card","ChiLing","Chi","Ling","Ancient Tea Set","Happy Flower","Anchor","Mirror","Ornamental Fan","Akabeko","ScarletDevilRocket","Calling Bell","Replay:Mystery Machine","MagicDraw2","Torii","Replay:Arrowhead","War Paint","ReplayTheSpireMod:Lightbulb","ats:Gyao","ats:Bonebreaker","Snack Pack","Replay:Accelerometer","DollysMirror","SynthV:C4","Replay:Rubber Ducky","MostiFishMod:AdaptiveDefenses","Replay:Bottled Steam"],"acts_visited":["Exordium","TheCity","TheBeyond","TheEnding"],"potions_floor_usage":[7,7,8,16,27,29,33,50,54],"damage_taken":[{"damage":8.0,"enemies":"Cultist","floor":1.0,"turns":5.0},{"damage":3.0,"enemies":"Jaw Worm","floor":2.0,"turns":4.0},{"damage":7,"enemies":"Small Slimes","floor":4,"turns":4},{"damage":13,"enemies":"Gremlin Gang","floor":5,"turns":5},{"damage":13,"enemies":"3 Sentries","floor":7,"turns":4},{"damage":3,"enemies":"Exordium Wildlife","floor":8,"turns":4},{"damage":20,"enemies":"Lagavulin","floor":10,"turns":7},{"damage":10,"enemies":"3 Louse","floor":12,"turns":3},{"damage":10,"enemies":"Looter","floor":14,"turns":4},{"damage":34,"enemies":"Fading Forest","floor":16,"turns":11},{"damage":23,"enemies":"Spheric Guardian","floor":18,"turns":6},{"damage":10,"enemies":"Book of Stabbing","floor":23,"turns":6},{"damage":0,"enemies":"3 Byrds","floor":24,"turns":2},{"damage":0,"enemies":"Centurion and Healer","floor":25,"turns":4},{"damage":3,"enemies":"Gremlin Leader","floor":27,"turns":2},{"damage":1,"enemies":"Sentry and Sphere","floor":28,"turns":4},{"damage":1,"enemies":"Chosen and Byrds","floor":29,"turns":4},{"damage":14,"enemies":"Book of Stabbing","floor":30,"turns":5},{"damage":0,"enemies":"Snake Plant","floor":31,"turns":4},{"damage":33,"enemies":"Pondfish","floor":33,"turns":8},{"damage":0,"enemies":"Orb Walker","floor":35,"turns":3},{"damage":0,"enemies":"3 Shapes","floor":39,"turns":3},{"damage":0,"enemies":"Nemesis","floor":44,"turns":4},{"damage":1,"enemies":"Sphere and 2 Shapes","floor":45,"turns":3},{"damage":1,"enemies":"Writhing Mass","floor":48,"turns":3},{"damage":95,"enemies":"Donu and Deca","floor":50,"turns":7},{"damage":56,"enemies":"The Heart","floor":54,"turns":8}],"seed_played":"-6024529360474293051","potions_obtained":[{"floor":4,"key":"AttackPotion"},{"floor":5,"key":"DuplicationPotion"},{"floor":7,"key":"DistilledChaos"},{"floor":8,"key":"Strength Potion"},{"floor":12,"key":"Regen Potion"},{"floor":24,"key":"Languid Potion"},{"floor":25,"key":"Elixir"},{"floor":28,"key":"Strength Potion"},{"floor":29,"key":"DuplicationPotion"},{"floor":38,"key":"LifebloodPotion"}],"is_trial":false,"path_per_floor":["M","M","?","M","M","R","E","M","T","E","?","M","?","M","R","B",null,"M","$","?","?","?","E","M","M","T","E","M","M","E","M","R","B",null,"M","?","$","?","M","T","R","?","T","E","M","R","?","M","R","B",null,"R","$","B",null],"character_chosen":"DOCTOR_CLASS","items_purchased":["ats:Flexible Camouflage+1","Membership Card","ChiLing","Ancient Tea Set","Happy Flower","Replay:Arrowhead","ats:Calcification","War Paint","ReplayTheSpireMod:Lightbulb","ats:Gyao","ats:Dogmatic Field","DollysMirror","ats:Wolf Pack","ats:Curse Doll","SynthV:C4","Replay:Rubber Ducky","MostiFishMod:AdaptiveDefenses","Replay:Bottled Steam","ats:Emergency Sanity Potion"],"campfire_rested":1,"item_purchase_floors":[19,19,19,19,19,37,37,37,37,37,37,53,53,53,53,53,53,53,53],"current_hp_per_floor":[71,68,68,64,57,57,50,47,47,33,33,26,26,27,50,44,79,63,63,63,63,63,70,70,79,79,78,79,79,76,79,79,78,79,79,79,79,79,79,79,79,79,79,79,79,79,79,78,78,65,79,79,79,78],"gold":305,"neow_bonus":"TEN_PERCENT_HP_BONUS","is_daily":false,"chose_seed":false,"campfire_upgraded":9,"win_rate":0.0,"timestamp":1612953632,"path_taken":["M","M","?","M","M","R","E","M","T","E","?","M","?","?","R","BOSS","M","$","?","?","?","E","M","M","T","E","M","?","E","M","R","BOSS","M","?","$","?","?","?","R","?","T","E","?","R","?","M","R","BOSS","R","$","BOSS"],"items_purchased_type":["Card","Relic","Relic","Relic","Relic","Relic","Card","Relic","Relic","Relic","Card","Relic","Card","Card","Relic","Relic","Relic","Relic","Potion"],"build_version":"2020-12-22","purchased_purges":2,"victory":true,"max_hp_per_floor":[79,79,79,79,79,79,79,79,79,79,79,79,79,79,79,79,79,79,79,79,79,79,79,79,79,79,79,79,79,79,79,79,79,79,79,79,79,79,79,79,79,79,79,79,79,79,79,79,79,79,79,79,79,79],"card_choices":[{"not_picked":["ats:Blood Oath","ats:Explosion Area Strengthen"],"picked":"ats:Sword Rain","floor":1.0},{"not_picked":["ats:Shadow Raid","ats:Absolute Focus","ats:Closed Bolt Burst Fire","ats:Cat Scratch"],"picked":"ats:Part Time Job","floor":2.0},{"not_picked":["ats:Red Shift","ats:Hammer On","ats:Curse Doll","ats:Assault Order"],"picked":"ats:Very Hot Blade","floor":4},{"not_picked":["ats:Thermite Blade","ats:Absolute Focus","ats:Explosion Area Strengthen","ats:Automatic Cover"],"picked":"ats:Very Hot Blade","floor":5},{"not_picked":["ats:Spore Proliferation","ats:Hammer On","ats:Blood Oath","ats:Rapid Magazine"],"picked":"ats:Echo Reverb","floor":7},{"not_picked":["ats:Shell Defense","ats:Collapsing Strike","ats:Beaten Up","ats:Guard Mode"],"picked":"ats:Absolute Focus","floor":8},{"not_picked":["ats:Beaten Up","ats:Ignite","ats:Apocalypse","ats:Rapid Magazine"],"picked":"ats:Directed Diagnosis","floor":10},{"not_picked":["ats:Consecutive Shot Auto","ats:Serious Mode","ats:Powerful Strike","ats:Ignite"],"picked":"ats:Soul Absorption","floor":12},{"not_picked":["ats:Curse Doll","ats:Guardian Obelisk","ats:Blood Oath","ats:Healing Drone"],"picked":"ats:Burning Ground","floor":14},{"not_picked":["ats:Disruption Kick","ats:Dogmatic Field","ats:Echo Reverb","ats:Roar Of Ursus"],"picked":"ats:Nebulous Foxfire","floor":16},{"not_picked":["ats:Healing Drone+1","ats:Neurotoxin","ats:Explosion Area Strengthen","ats:Leaping Hammer"],"picked":"ats:Shell Defense+1","floor":18},{"not_picked":["ats:Sword Rain","ats:Explosion Area Strengthen","ats:Durian","ats:Support Order"],"picked":"ats:Literary Storm+1","floor":23},{"not_picked":["ats:Assault Order","ats:Ignite","ats:Thermite Blade","ats:Very Hot Blade"],"picked":"ats:Shadow Raid","floor":24},{"not_picked":["ats:Hammer On","ats:Powerful Strike","ats:Ignite","ats:Consecutive Shot Auto+1"],"picked":"ats:Shadow Raid","floor":25},{"not_picked":["ats:Hammer On","ats:Composite Medical Shells","ats:Healing Strengthening","ats:Apocalypse+1"],"picked":"ats:Soul Rend","floor":27},{"not_picked":["ats:Blood Oath","ats:Guard Mode","ats:Support Order","ats:Leaping Hammer"],"picked":"ats:Composite Medical Shells","floor":28},{"not_picked":["ats:Chain Hook","ats:Defend Order","ats:Assault Order","ats:Absolute Focus"],"picked":"ats:Ignite","floor":29},{"not_picked":["ats:Flexible Camouflage","ats:Absolute Focus","ats:Thermite Blade","ats:Echo Reverb"],"picked":"ats:Soul Rend","floor":30},{"not_picked":["ats:Shell Defense","ats:Consecutive Shot Auto","ats:Thermite Blade","ats:Hammer On"],"picked":"ats:Burning Ground","floor":31},{"not_picked":["ats:Echo Reverb","ats:Nebulous Foxfire","ats:Ambush","ats:True Silver Slash"],"picked":"ats:Shadow Assault","floor":33},{"not_picked":["ats:Explosion Area Strengthen+1","ats:Guard Mode","ats:Consecutive Shot Auto","ats:Healing Strengthening"],"picked":"ats:Sunburst+1","floor":35},{"not_picked":["Good Instincts","Replay:BasicMightCard","MostiFishMod:SupremeArchaeology","Dramatic Entrance"],"picked":"MostiFishMod:Mottled","floor":36},{"not_picked":["ats:Beaten Up","ats:Very Hot Blade","ats:Red Shift","ats:Cat Scratch"],"picked":"ats:Soul Absorption","floor":38},{"not_picked":["ats:Flexible Camouflage","ats:Assault Order+1","ats:Shell Defense","ats:Absolute Focus+1"],"picked":"ats:Healing Strengthening+1","floor":39},{"not_picked":["ats:Composite Medical Shells","ats:Automatic Cover+1","ats:Flexible Camouflage","ats:True Silver Slash"],"picked":"ats:Healing Strengthening+1","floor":44},{"not_picked":["ats:Shell Defense+1","ats:Automatic Cover+1","ats:Support Order+1","ats:Flexible Camouflage+1"],"picked":"ats:Absolute Focus+1","floor":45},{"not_picked":["ats:Assault Order","ats:Defend Order+1","ats:Consecutive Shot Auto","ats:Steam Pump+1","ats:Thermite Blade"],"picked":"SKIP","floor":48}],"player_experience":224406,"relics_obtained":[{"floor":1.0,"key":"SynthV:TestCard"},{"floor":7,"key":"ats:Originium"},{"floor":7,"key":"ReplayFunnel"},{"floor":10,"key":"ats:Originium"},{"floor":10,"key":"Old Coin"},{"floor":23,"key":"ats:Originium"},{"floor":23,"key":"Mirror"},{"floor":26,"key":"Ornamental Fan"},{"floor":27,"key":"ats:Originium"},{"floor":27,"key":"Akabeko"},{"floor":30,"key":"ScarletDevilRocket"},{"floor":34,"key":"Replay:Mystery Machine"},{"floor":34,"key":"MagicDraw2"},{"floor":34,"key":"Torii"},{"floor":40,"key":"ats:Bonebreaker"},{"floor":43,"key":"Snack Pack"},{"floor":44,"key":"Replay:Accelerometer"}],"event_choices":[{"damage_healed":0,"gold_gain":0,"player_choice":"Take Wound","damage_taken":0,"relics_obtained":["Golden Idol"],"max_hp_gain":0,"max_hp_loss":0,"event_name":"Golden Idol","floor":11,"gold_loss":0,"cards_obtained":["Injury"]},{"damage_healed":0,"gold_gain":0,"cards_transformed":["ats:Strike S"],"player_choice":"Transformed","damage_taken":0,"max_hp_gain":0,"max_hp_loss":0,"event_name":"Transmorgrifier","floor":13,"gold_loss":0,"cards_obtained":["ats:Apocalypse"]},{"damage_healed":0,"gold_gain":0,"player_choice":"Simplicity","damage_taken":0,"max_hp_gain":0,"max_hp_loss":0,"event_name":"Back to Basics","floor":20,"gold_loss":0,"cards_upgraded":["ats:Strike C","ats:Strike G","ats:Strike V","ats:Defend","ats:Defend","ats:Defend","ats:Defend"]},{"damage_healed":0,"gold_gain":0,"player_choice":"Ignored","damage_taken":0,"max_hp_gain":0,"max_hp_loss":0,"event_name":"Vampires","floor":21,"gold_loss":0},{"damage_healed":0,"gold_gain":0,"player_choice":"Opened","damage_taken":0,"relics_obtained":["Anchor"],"max_hp_gain":0,"max_hp_loss":0,"event_name":"The Mausoleum","floor":22,"gold_loss":0,"cards_obtained":["Writhe"]},{"damage_healed":0,"gold_gain":0,"player_choice":"Memory 1","damage_taken":0,"max_hp_gain":0,"max_hp_loss":0,"event_name":"SensoryStone","floor":36,"gold_loss":0},{"cards_removed":["Writhe"],"damage_healed":0,"gold_gain":0,"player_choice":"Purged","damage_taken":0,"max_hp_gain":0,"max_hp_loss":0,"event_name":"Purifier","floor":42,"gold_loss":0},{"damage_healed":0,"gold_gain":333,"player_choice":"Gave Idol","damage_taken":0,"max_hp_gain":0,"max_hp_loss":0,"event_name":"The Moai Head","floor":47,"relics_lost":["Golden Idol"],"gold_loss":0}],"is_beta":false,"boss_relics":[{"not_picked":["Abe\u0027s Treasure","AddBug"],"picked":"NightmareShop"},{"not_picked":["xbg","Transparent"],"picked":"Calling Bell"}],"items_purged_floors":[19,19],"is_endless":false,"potions_floor_spawned":[4,5,7,8,12,24,25,28,29,31,39],"ascension_level":0}}