{"host":"a0d98l75j0h1o085","time":1612991324,"event":{"mods":["AlwaysNeverKeys","BaseMod","Downfall","Highlight Path","Minty Spire (QoL Compilation)","StSLib"],"gold_per_floor":[99,116,129,429,429,429,429,441,473,488,388,488,506,536,550,648,648,648,661,661,761,761,777,777,797,797,827,837,854,854,330,344,446,446,446,461,478,489,509,522,548,578,578,592,592,59,59,69,82,82],"floor_reached":51,"language":"ENG","playtime":16823,"items_purged":["bronze:Defend","Shame"],"score":740,"play_id":"a4d71b28-a040-4593-a4c0-8f925fc8e76d","local_time":"20210210210844","is_ascension_mode":false,"campfire_choices":[{"data":"bronze:Replicate","floor":1.0,"key":"SMITH"},{"floor":11.0,"key":"REST"},{"data":"bronze:Mutator","floor":18.0,"key":"SMITH"},{"data":"bronze:DecaBeam","floor":30.0,"key":"SMITH"},{"data":"bronze:Verify","floor":35.0,"key":"SMITH"},{"data":"bronze:AlphaBuild","floor":45.0,"key":"SMITH"},{"data":"bronze:Assembly","floor":47.0,"key":"SMITH"}],"circlet_count":0,"master_deck":["bronze:Defend","bronze:Defend","bronze:Replicate+1","bronze:Goto","bronze:MaxOutput+1","bronze:Invalidate","bronze:RecursiveStrike+1","bronze:Boost","bronze:DelayedSlice","bronze:AlphaBuild+1","bronze:Mutator+1","bronze:Overheat","bronze:DecaBeam+1","bronze:Backtrace+1","bronze:Backtrace+1","bronze:Philosophize","bronze:Assembly+1","bronze:CleanCode","bronze:Verify+1","bronze:Shell+1","bronze:DelayedGuard+1","bronze:GetLatest+1","bronze:ForLoop+1","bronze:ClassDefault","expansioncontent:QuickStudy","Madness"],"relics":["bronze:BronzeCore","downfall:ShatteredFragment","The Courier","Centennial Puzzle","downfall:HeartBlessingGreen","Thread and Needle","SlaversCollar","Blue Candle","Singing Bowl","StrikeDummy","Bag of Preparation","Pantograph","Sozu","Oddly Smooth Stone","Sundial","Membership Card","Mercury Hourglass","Pen Nib","Bronze Scales"],"acts_visited":["Exordium","TheCity","TheBeyond"],"potions_floor_usage":[50,50],"damage_taken":[{"damage":5.0,"enemies":"2 Louse","floor":2.0,"turns":4.0},{"damage":1.0,"enemies":"Jaw Worm","floor":3.0,"turns":4.0},{"damage":0.0,"enemies":"Cultist","floor":8.0,"turns":3.0},{"damage":31.0,"enemies":"Lagavulin","floor":9.0,"turns":6.0},{"damage":3.0,"enemies":"Gremlin Gang","floor":10.0,"turns":3.0},{"damage":5.0,"enemies":"downfall:Heads","floor":12.0,"turns":5.0},{"damage":2.0,"enemies":"Exordium Wildlife","floor":13.0,"turns":2.0},{"damage":16.0,"enemies":"Gremlin Nob","floor":14.0,"turns":3.0},{"damage":0.0,"enemies":"2 Fungi Beasts","floor":15.0,"turns":1.0},{"damage":12.0,"enemies":"SI_SHIV_ARCHETYPE","floor":16.0,"turns":5.0},{"damage":0.0,"enemies":"3 Byrds","floor":19.0,"turns":3.0},{"damage":0.0,"enemies":"3 Byrds","floor":21.0,"turns":3.0},{"damage":8.0,"enemies":"Spheric Guardian","floor":23.0,"turns":4.0},{"damage":1.0,"enemies":"3 Cultists","floor":25.0,"turns":4.0},{"damage":2.0,"enemies":"Book of Stabbing","floor":27.0,"turns":5.0},{"damage":0.0,"enemies":"Shelled Parasite and Fungi","floor":28.0,"turns":3.0},{"damage":11.0,"enemies":"Snake Plant","floor":29.0,"turns":2.0},{"damage":6.0,"enemies":"downfall:FleeingMerchant","floor":31.0,"turns":4.0},{"damage":0.0,"enemies":"3 Cultists","floor":32.0,"turns":5.0},{"damage":14.0,"enemies":"WA_ARCHETYPE_CALM","floor":33.0,"turns":9.0},{"damage":0.0,"enemies":"Orb Walker","floor":36.0,"turns":4.0},{"damage":6.0,"enemies":"3 Shapes","floor":37.0,"turns":11.0},{"damage":11.0,"enemies":"3 Darklings","floor":38.0,"turns":6.0},{"damage":0.0,"enemies":"Jaw Worm Horde","floor":39.0,"turns":4.0},{"damage":0.0,"enemies":"Sphere and 2 Shapes","floor":40.0,"turns":3.0},{"damage":0.0,"enemies":"Reptomancer","floor":42.0,"turns":6.0},{"damage":5.0,"enemies":"Writhing Mass","floor":44.0,"turns":4.0},{"damage":0.0,"enemies":"downfall:FleeingMerchant","floor":46.0,"turns":4.0},{"damage":0.0,"enemies":"Transient","floor":48.0,"turns":5.0},{"damage":4.0,"enemies":"Maw","floor":49.0,"turns":7.0},{"damage":13,"enemies":"IC_BLOCK_ARCHETYPE","floor":50,"turns":7}],"seed_played":"-7850527778449102708","potions_obtained":[{"floor":8.0,"key":"GamblersBrew"},{"floor":12.0,"key":"Ancient Potion"},{"floor":14.0,"key":"FearPotion"},{"floor":15.0,"key":"FairyPotion"},{"floor":20.0,"key":"CultistPotion"}],"is_trial":false,"path_per_floor":["R","M","M","?","?","?","T","M","E","M","R","?","M","E","M","B",null,"R","M","?","?","?","M","T","M","?","E","M","M","R","$","M","B",null,"R","M","M","M","M","M","T","E","?","M","R","$","R","M","M","B",null],"character_chosen":"THE_AUTOMATON","items_purchased":["Bag of Preparation","Pantograph","bronze:CleanCode","Membership Card","bronze:ClassDefault","expansioncontent:QuickStudy","Mercury Hourglass","Pen Nib","Bronze Scales","Madness"],"campfire_rested":1,"item_purchase_floors":[31,31,31,46,46,46,46,46,46,46],"current_hp_per_floor":[77,72,71,71,71,50,50,50,19,16,39,34,32,16,16,4,77,77,77,77,77,72,64,64,65,57,55,57,46,46,40,42,53,83,83,85,79,68,70,70,70,70,70,67,67,69,69,71,67,79],"gold":82,"neow_bonus":"TEN_PERCENT_HP_BONUS","is_daily":false,"chose_seed":false,"campfire_upgraded":6,"win_rate":0.0,"timestamp":1612991324,"path_taken":["R","M","M","?","?","?","T","?","E","M","R","?","M","E","M","BOSS","R","M","?","?","?","?","T","M","?","E","M","M","R","$","M","BOSS","R","M","M","M","?","?","T","E","?","M","R","$","R","?","M","BOSS"],"items_purchased_type":["Relic","Relic","Card","Relic","Card","Card","Relic","Relic","Relic","Card"],"build_version":"2020-12-22","purchased_purges":2,"victory":true,"max_hp_per_floor":[77,77,77,77,77,77,77,77,77,77,77,77,77,77,77,77,77,77,77,77,77,77,77,77,79,79,79,81,81,81,81,83,83,83,83,85,85,85,87,87,87,87,87,89,89,91,91,93,93,93],"card_choices":[{"not_picked":["bronze:Turbo","bronze:Iterate"],"picked":"bronze:MaxOutput","floor":2.0},{"not_picked":["bronze:Turbo","bronze:DelayedSlice","bronze:Safeguard"],"picked":"SKIP","floor":3.0},{"not_picked":["bronze:ForLoop","bronze:Iterate","bronze:Frontload"],"picked":"SKIP","floor":8.0},{"not_picked":["bronze:BugBarrage","bronze:Turbo","bronze:ForceShield"],"picked":"SKIP","floor":9.0},{"not_picked":["bronze:FineTuning","bronze:BitShift"],"picked":"bronze:RecursiveStrike","floor":10.0},{"not_picked":["bronze:Flail","bronze:Deprecate"],"picked":"bronze:Boost","floor":12.0},{"not_picked":["bronze:BugBarrage","bronze:DigitalCarnage","bronze:Overheat"],"picked":"SKIP","floor":13.0},{"not_picked":["bronze:DelayedSlice","bronze:ForceShield","bronze:BronzeArmor"],"picked":"SKIP","floor":14.0},{"not_picked":["bronze:BronzeArmor","bronze:DelayedSlice"],"picked":"bronze:AlphaBuild","floor":15.0},{"not_picked":["bronze:BurnOut","bronze:HardenedForm"],"picked":"bronze:Mutator","floor":16.0},{"not_picked":["bronze:DelayedGuard","bronze:Allocate"],"picked":"bronze:Overheat","floor":19.0},{"not_picked":[],"picked":"bronze:DecaBeam","floor":21.0},{"not_picked":["bronze:DelayedGuard","bronze:WhirlingStrike+1"],"picked":"bronze:Backtrace+1","floor":23.0},{"not_picked":["bronze:BurnOut","bronze:Iterate","bronze:Frontload+1"],"picked":"Singing Bowl","floor":25.0},{"not_picked":["bronze:Invalidate","bronze:ForceShield"],"picked":"bronze:Backtrace+1","floor":27.0},{"not_picked":["bronze:NullPointer","bronze:BuggyMess+1","bronze:BugBarrage+1"],"picked":"Singing Bowl","floor":28.0},{"not_picked":["bronze:DarkDash","bronze:Safeguard"],"picked":"bronze:Philosophize","floor":29.0},{"not_picked":["bronze:Turbo","bronze:Repulsor"],"picked":"bronze:Assembly","floor":31.0},{"not_picked":["bronze:Repulsor","bronze:Overheat+1","bronze:Iterate"],"picked":"Singing Bowl","floor":32.0},{"not_picked":["bronze:ShipIt","bronze:RecursiveStrike"],"picked":"bronze:Verify","floor":33.0},{"not_picked":["bronze:WildBeam","bronze:BuggyMess","bronze:CutThrough+1"],"picked":"Singing Bowl","floor":36.0},{"not_picked":["bronze:Deprecate","bronze:CloningBeam+1"],"picked":"bronze:Shell+1","floor":37.0},{"not_picked":["bronze:Deprecate","bronze:CleanCode"],"picked":"bronze:DelayedGuard+1","floor":38.0},{"not_picked":["bronze:Turbo+1","bronze:Shield+1","bronze:ForceShield"],"picked":"Singing Bowl","floor":39.0},{"not_picked":["bronze:BugBarrage+1","bronze:DelayedGuard+1"],"picked":"bronze:GetLatest+1","floor":40.0},{"not_picked":["bronze:Format","bronze:DelayedSlice"],"picked":"bronze:ForLoop+1","floor":42.0},{"not_picked":["bronze:WhirlingStrike+1","bronze:CutThrough","bronze:Iterate+1"],"picked":"Singing Bowl","floor":44.0},{"not_picked":["bronze:BugBarrage+1","bronze:Overheat","bronze:Branch"],"picked":"Singing Bowl","floor":46.0},{"not_picked":["bronze:Shield","bronze:Invalidate+1","bronze:Iterate"],"picked":"Singing Bowl","floor":48.0}],"player_experience":830810,"relics_obtained":[{"floor":7.0,"key":"The Courier"},{"floor":9.0,"key":"Centennial Puzzle"},{"floor":14.0,"key":"Thread and Needle"},{"floor":24.0,"key":"Singing Bowl"},{"floor":27.0,"key":"StrikeDummy"},{"floor":41.0,"key":"Oddly Smooth Stone"},{"floor":42.0,"key":"Sundial"}],"event_choices":[],"is_beta":false,"boss_relics":[{"not_picked":["bronze:MakeshiftBattery","SacredBark"],"picked":"SlaversCollar"},{"not_picked":["Velvet Choker","Pandora\u0027s Box"],"picked":"Sozu"}],"items_purged_floors":[31,46],"is_endless":false,"potions_floor_spawned":[8,12,14,15,16,23,27,28,29,33,37,38,44,48,49],"ascension_level":0}}