{"host":"yqw1zpryoutrnocq","time":1612915839,"event":{"mods":["2.2 Compatiblity","AchievementEnabler","BaseMod","Colored Map","Custom Start","DeckTracker","Minty Spire (QoL Compilation)","StSLib","SuperFastMode"],"gold_per_floor":[14,14,24,24,38,38,53,53,76,26,55,55,75,100,100,201,201,220,68,79,79,96,96,116,116,116,116,116],"floor_reached":27,"language":"KOR","playtime":691,"items_purged":[],"score":309,"play_id":"598f71c4-a9ab-4499-8260-f199cc95d357","local_time":"20210209181039","is_ascension_mode":true,"campfire_choices":[{"data":"Redo","floor":6,"key":"SMITH"},{"data":"White Noise","floor":8,"key":"SMITH"},{"data":"Hologram","floor":15,"key":"SMITH"},{"data":"Loop","floor":23,"key":"SMITH"},{"data":"Reboot","floor":25,"key":"SMITH"}],"circlet_count":0,"master_deck":["Defend_B","Defend_B","Zap+1","Dualcast","Hologram+1","Turbo","Redo+1","Skim","Ball Lightning","White Noise+1","BootSequence","Go for the Eyes","Reboot+1","Chill+1","Blizzard+1","Reinforced Body+1","Fusion+1","Glacier","Loop+1"],"relics":["Cracked Core","Omamori","Anchor","Odd Mushroom","Astrolabe","Pear"],"acts_visited":["Exordium","TheCity"],"potions_floor_usage":[16,16],"damage_taken":[{"damage":0,"enemies":"Jaw Worm","floor":1,"turns":3},{"damage":0,"enemies":"Cultist","floor":3,"turns":3},{"damage":3,"enemies":"2 Louse","floor":5,"turns":2},{"damage":3,"enemies":"Looter","floor":7,"turns":2},{"damage":15,"enemies":"Gremlin Nob","floor":11,"turns":3},{"damage":11,"enemies":"Lots of Slimes","floor":13,"turns":4},{"damage":7,"enemies":"The Mushroom Lair","floor":14,"turns":4},{"damage":25,"enemies":"Hexaghost","floor":16,"turns":10},{"damage":1,"enemies":"Shell Parasite","floor":18,"turns":6},{"damage":22,"enemies":"Chosen","floor":20,"turns":7},{"damage":0,"enemies":"Centurion and Healer","floor":22,"turns":7},{"damage":1,"enemies":"Sentry and Sphere","floor":24,"turns":4},{"damage":46,"enemies":"3 Cultists","floor":27,"turns":4}],"seed_played":"784992240098963775","potions_obtained":[{"floor":5,"key":"Fire Potion"},{"floor":11,"key":"Weak Potion"},{"floor":22,"key":"Dexterity Potion"}],"is_trial":false,"path_per_floor":["M","?","M","$","M","R","M","R","T","?","E","$","M","?","R","B",null,"M","$","M","$","M","R","M","R","T","M"],"character_chosen":"DEFECT","items_purchased":["Glacier","Loop"],"campfire_rested":0,"item_purchase_floors":[19,19],"current_hp_per_floor":[68,68,68,68,65,65,62,62,62,62,47,47,36,29,29,4,57,56,56,34,34,34,34,33,33,43,0,0],"gold":116,"neow_bonus":"TRANSFORM_TWO_CARDS","is_daily":false,"chose_seed":false,"campfire_upgraded":5,"win_rate":0.0,"timestamp":1612915839,"path_taken":["M","?","?","?","M","R","M","R","T","?","E","$","M","?","R","BOSS","M","$","M","$","M","R","M","R","T","M"],"items_purchased_type":["Card","Card"],"build_version":"2020-12-22","purchased_purges":0,"victory":false,"max_hp_per_floor":[75,75,75,75,75,75,75,75,75,75,75,75,75,75,75,75,75,75,75,75,75,75,75,75,75,85,85,85],"card_choices":[{"not_picked":["Compile Driver","Fusion"],"picked":"Redo","floor":1},{"not_picked":["Streamline","Consume"],"picked":"Skim","floor":3},{"not_picked":["Static Discharge","Reprogram"],"picked":"Ball Lightning","floor":5},{"not_picked":["Beam Cell","Sweeping Beam"],"picked":"White Noise","floor":7},{"not_picked":["Fission","Gash"],"picked":"BootSequence","floor":11},{"not_picked":["Ball Lightning","Reinforced Body","Rip and Tear"],"picked":"SKIP","floor":13},{"not_picked":["Turbo","Redo"],"picked":"Go for the Eyes","floor":14},{"not_picked":["Fission","All For One"],"picked":"Reboot","floor":16},{"not_picked":["Heatsinks+1","Stack"],"picked":"Fusion+1","floor":18},{"not_picked":["Hologram","Turbo","Conserve Battery"],"picked":"SKIP","floor":20},{"not_picked":["Turbo","Tempest","Barrage"],"picked":"SKIP","floor":22},{"not_picked":["Recycle","Static Discharge","Go for the Eyes+1"],"picked":"SKIP","floor":24}],"player_experience":323344,"relics_obtained":[{"floor":9,"key":"Omamori"},{"floor":11,"key":"Anchor"},{"floor":14,"key":"Odd Mushroom"},{"floor":26,"key":"Pear"}],"event_choices":[{"damage_healed":0,"gold_gain":0,"player_choice":"Upgraded","damage_taken":0,"max_hp_gain":0,"max_hp_loss":0,"event_name":"Upgrade Shrine","floor":2,"gold_loss":0,"cards_upgraded":["Zap"]},{"cards_removed":["Strike_B"],"damage_healed":0,"gold_gain":0,"player_choice":"Card Removal","damage_taken":0,"max_hp_gain":0,"max_hp_loss":0,"event_name":"The Cleric","floor":10,"gold_loss":50},{"damage_healed":0,"gold_gain":0,"player_choice":"Fought Mushrooms","damage_taken":0,"max_hp_gain":0,"max_hp_loss":0,"event_name":"Mushrooms","floor":14,"gold_loss":0}],"is_beta":false,"boss_relics":[{"not_picked":["Black Star","Cursed Key"],"picked":"Astrolabe"}],"items_purged_floors":[],"is_endless":false,"potions_floor_spawned":[5,11,22],"killed_by":"3 Cultists","ascension_level":9}}