{"host":"2n2g1vowfllvjtvi","time":1612979439,"event":{"mods":["AchievementEnabler","BaseMod","Custom Start","GifTheSpireLib","Keyboard Shortcuts","Minty Spire (QoL Compilation)","Permanent Neow","Quick Restart","StSLib","SuperFastMode"],"gold_per_floor":[117,130,130,130,149,149,159,193,193,207,233,263,263,45,45,150,150,170,185,195,49,49,49,74,74,74,74,74,87,97,132,132,234,234,246,258,133,144,144,144,170,170,170,170,170,197,215,232,232,232],"floor_reached":51,"language":"KOR","playtime":996,"items_purged":["Strike_P","Strike_P","Defend_P"],"score":1196,"play_id":"4ccf274f-6e37-4f74-b762-5b49e9d1cf07","local_time":"20210211025039","is_ascension_mode":true,"campfire_choices":[{"data":"Eruption","floor":6.0,"key":"SMITH"},{"data":"PathToVictory","floor":13.0,"key":"SMITH"},{"data":"PathToVictory","floor":15.0,"key":"SMITH"},{"data":"Study","floor":23.0,"key":"SMITH"},{"data":"Scrawl","floor":28.0,"key":"SMITH"},{"data":"PathToVictory","floor":32.0,"key":"SMITH"},{"data":"PathToVictory","floor":40.0,"key":"SMITH"},{"data":"SpiritShield","floor":44.0,"key":"SMITH"},{"data":"EmptyMind","floor":49,"key":"SMITH"}],"circlet_count":0,"master_deck":["Defend_P","Defend_P","Vigilance+1","PathToVictory+1","PathToVictory+1","PathToVictory+1","Scrawl+1","PathToVictory+1","Evaluate","Study+1","Pray","Study+1","DeceiveReality+1","Protect+1","SpiritShield+1","PathToVictory+1","EmptyMind+1"],"relics":["PureWater","NeowsBlessing","War Paint","Dream Catcher","Ginger","Art of War","Sozu","Mummified Hand","Singing Bowl","Damaru","SlaversCollar","Toy Ornithopter","Turnip","Pantograph"],"acts_visited":["Exordium","TheCity","TheBeyond"],"potions_floor_usage":[],"damage_taken":[{"damage":0.0,"enemies":"Cultist","floor":1.0,"turns":1.0},{"damage":0.0,"enemies":"2 Louse","floor":2.0,"turns":1.0},{"damage":0.0,"enemies":"Jaw Worm","floor":5.0,"turns":1.0},{"damage":6.0,"enemies":"Exordium Wildlife","floor":7.0,"turns":4.0},{"damage":0.0,"enemies":"Lagavulin","floor":8.0,"turns":3.0},{"damage":0.0,"enemies":"2 Fungi Beasts","floor":10.0,"turns":2.0},{"damage":0.0,"enemies":"Gremlin Nob","floor":12.0,"turns":3.0},{"damage":16.0,"enemies":"Hexaghost","floor":16.0,"turns":5.0},{"damage":0.0,"enemies":"2 Thieves","floor":18.0,"turns":2.0},{"damage":0.0,"enemies":"Shell Parasite","floor":19.0,"turns":2.0},{"damage":4.0,"enemies":"Snake Plant","floor":20.0,"turns":3.0},{"damage":6.0,"enemies":"Slavers","floor":24.0,"turns":4.0},{"damage":0.0,"enemies":"Centurion and Healer","floor":29.0,"turns":3.0},{"damage":1.0,"enemies":"Cultist and Chosen","floor":30.0,"turns":2.0},{"damage":9.0,"enemies":"Book of Stabbing","floor":31.0,"turns":3.0},{"damage":1.0,"enemies":"Collector","floor":33.0,"turns":5.0},{"damage":0.0,"enemies":"3 Darklings","floor":35.0,"turns":3.0},{"damage":0.0,"enemies":"3 Shapes","floor":36.0,"turns":6.0},{"damage":0.0,"enemies":"Spire Growth","floor":38.0,"turns":3.0},{"damage":0.0,"enemies":"Giant Head","floor":41.0,"turns":4.0},{"damage":0.0,"enemies":"Nemesis","floor":46.0,"turns":3.0},{"damage":10.0,"enemies":"Jaw Worm Horde","floor":47.0,"turns":4.0},{"damage":0.0,"enemies":"Sphere and 2 Shapes","floor":48.0,"turns":5.0},{"damage":15,"enemies":"Awakened One","floor":50,"turns":9}],"seed_played":"923654876380356490","potions_obtained":[{"floor":1.0,"key":"Ambrosia"},{"floor":7.0,"key":"Block Potion"},{"floor":8.0,"key":"Fruit Juice"},{"floor":10.0,"key":"EntropicBrew"}],"is_trial":false,"path_per_floor":["M","M","?","?","M","R","M","E","T","M","T","E","R","$","R","B",null,"M","M","M","$","?","R","E","?","T","?","R","M","M","E","R","B",null,"M","M","$","M","?","R","E","?","T","R","?","E","M","M","R","B",null],"character_chosen":"WATCHER","items_purchased":["Art of War","Evaluate"],"campfire_rested":0,"item_purchase_floors":[14,21],"current_hp_per_floor":[65,65,65,65,65,65,59,64,64,64,64,64,64,64,64,48,70,70,70,66,66,66,66,60,77,77,77,77,77,78,69,69,68,76,78,78,78,80,80,80,82,81,81,81,81,83,75,75,75,70],"gold":232,"neow_bonus":"THREE_ENEMY_KILL","is_daily":false,"chose_seed":false,"campfire_upgraded":9,"win_rate":0.0,"timestamp":1612979439,"path_taken":["M","?","?","?","?","R","M","E","T","M","?","E","R","?","R","BOSS","M","M","M","$","?","R","E","?","T","?","R","?","M","E","R","BOSS","M","M","$","M","?","R","E","?","T","R","?","E","M","M","R","BOSS"],"items_purchased_type":["Relic","Card"],"build_version":"2020-12-22","purchased_purges":3,"victory":true,"max_hp_per_floor":[72,72,72,72,72,72,72,77,77,77,77,77,77,77,77,77,77,77,77,77,77,77,77,77,77,77,77,77,77,79,79,79,79,79,81,81,81,83,83,83,85,81,81,81,81,83,85,85,85,85],"card_choices":[{"not_picked":["WreathOfFlame","ThirdEye","JustLucky"],"picked":"SKIP","floor":1.0},{"not_picked":["Conclude","ThirdEye"],"picked":"PathToVictory","floor":2.0},{"not_picked":["CutThroughFate","EmptyBody"],"picked":"PathToVictory","floor":5.0},{"not_picked":["Worship","Scrawl"],"picked":"PathToVictory","floor":7.0},{"not_picked":["CarveReality","ThirdEye","Prostrate"],"picked":"SKIP","floor":8.0},{"not_picked":["Sanctity","Protect","CutThroughFate"],"picked":"SKIP","floor":10.0},{"not_picked":["ThirdEye","Collect","BowlingBash"],"picked":"SKIP","floor":12.0},{"not_picked":["DevaForm","MasterReality"],"picked":"Scrawl","floor":16.0},{"not_picked":["ClearTheMind","JustLucky","EmptyFist"],"picked":"SKIP","floor":18.0},{"not_picked":["EmptyFist","SignatureMove","Nirvana"],"picked":"SKIP","floor":19.0},{"not_picked":["Protect","EmptyFist"],"picked":"PathToVictory","floor":20.0},{"not_picked":["JustLucky","SashWhip","Wallop"],"picked":"SKIP","floor":24.0},{"not_picked":["Wallop","Study"],"picked":"DeceiveReality+1","floor":29.0},{"not_picked":["TalkToTheHand","Blasphemy","Evaluate"],"picked":"Singing Bowl","floor":30.0},{"not_picked":["Sanctity+1","Halt+1"],"picked":"Protect+1","floor":31.0},{"not_picked":["MasterReality","Alpha"],"picked":"SpiritShield","floor":33.0},{"not_picked":["FlurryOfBlows+1","PathToVictory","Halt"],"picked":"Singing Bowl","floor":35.0},{"not_picked":["Protect+1","CrushJoints"],"picked":"PathToVictory","floor":36.0},{"not_picked":["Tantrum+1","Evaluate","ThirdEye"],"picked":"Singing Bowl","floor":38.0},{"not_picked":["LikeWater+1","FearNoEvil","DeceiveReality+1"],"picked":"Singing Bowl","floor":41.0},{"not_picked":["JustLucky","Indignation+1","FlyingSleeves"],"picked":"Singing Bowl","floor":46.0},{"not_picked":["ClearTheMind+1","EmptyFist+1","BowlingBash+1"],"picked":"Singing Bowl","floor":47.0},{"not_picked":["FollowUp","FlurryOfBlows+1"],"picked":"EmptyMind","floor":48}],"player_experience":225713,"relics_obtained":[{"floor":8.0,"key":"War Paint"},{"floor":11.0,"key":"Dream Catcher"},{"floor":12.0,"key":"Ginger"},{"floor":24.0,"key":"Mummified Hand"},{"floor":26.0,"key":"Singing Bowl"},{"floor":31.0,"key":"Damaru"},{"floor":41.0,"key":"Toy Ornithopter"},{"floor":43.0,"key":"Turnip"},{"floor":46.0,"key":"Pantograph"}],"event_choices":[{"cards_removed":["Strike_P"],"damage_healed":0.0,"max_hp_gain":0.0,"max_hp_loss":0.0,"gold_gain":0.0,"event_name":"Living Wall","player_choice":"Forget","floor":3.0,"gold_loss":0.0,"damage_taken":0.0},{"damage_healed":0.0,"max_hp_gain":0.0,"max_hp_loss":0.0,"gold_gain":0.0,"event_name":"The Woman in Blue","player_choice":"Bought 0 Potions","floor":4.0,"gold_loss":0.0,"damage_taken":0.0},{"damage_healed":0.0,"max_hp_gain":0.0,"max_hp_loss":0.0,"gold_gain":0.0,"cards_transformed":["Strike_P","Defend_P"],"event_name":"Drug Dealer","player_choice":"Became Test Subject","floor":22.0,"gold_loss":0.0,"damage_taken":0.0,"cards_obtained":["Study","Pray"]},{"damage_healed":25.0,"max_hp_gain":0.0,"max_hp_loss":0.0,"gold_gain":0.0,"event_name":"The Library","player_choice":"Heal","floor":25.0,"gold_loss":0.0,"damage_taken":0.0},{"damage_healed":0.0,"max_hp_gain":0.0,"max_hp_loss":0.0,"gold_gain":0.0,"event_name":"Duplicator","player_choice":"Copied","floor":27.0,"gold_loss":0.0,"damage_taken":0.0,"cards_obtained":["Study"]},{"damage_healed":0.0,"max_hp_gain":0.0,"max_hp_loss":0.0,"gold_gain":0.0,"event_name":"Tomb of Lord Red Mask","player_choice":"Ignored","floor":39.0,"gold_loss":0.0,"damage_taken":0.0},{"damage_healed":0.0,"max_hp_gain":0.0,"max_hp_loss":4.0,"gold_gain":0.0,"event_name":"Winding Halls","player_choice":"Max HP","floor":42.0,"gold_loss":0.0,"damage_taken":0.0},{"cards_removed":["Eruption"],"damage_healed":0.0,"max_hp_gain":0.0,"max_hp_loss":0.0,"gold_gain":0.0,"event_name":"Falling","player_choice":"Removed Attack","floor":45.0,"gold_loss":0.0,"damage_taken":0.0}],"is_beta":false,"boss_relics":[{"not_picked":["Tiny House","VioletLotus"],"picked":"Sozu"},{"not_picked":["Snecko Eye","Black Star"],"picked":"SlaversCollar"}],"items_purged_floors":[14,21,37],"is_endless":false,"potions_floor_spawned":[1,7,8,10,12,20,24,30,36,38,47,48],"ascension_level":7}}