{"host":"1xo5g347e5o4auts","time":1612944703,"event":{"mods":["BaseMod","Minty Spire (QoL Compilation)","Permanent Neow","StSLib"],"gold_per_floor":[113,131,147,161,161,161,187,26,26,57,74,86,98,98,98,98,98],"floor_reached":16,"language":"ENG","playtime":497,"items_purged":[],"score":228,"play_id":"655e227e-c464-42a3-a0f8-367c565eafb9","local_time":"20210210101143","is_ascension_mode":true,"campfire_choices":[{"data":"Bash","floor":6.0,"key":"SMITH"},{"data":"Feel No Pain","floor":15,"key":"SMITH"}],"circlet_count":0,"master_deck":["AscendersBane","Strike_R","Strike_R","Strike_R","Strike_R","Defend_R","Defend_R","Defend_R","Defend_R","Bash+1","Corruption","Feel No Pain+1","Reckless Charge","Havoc","Clothesline","Flame Barrier","Feel No Pain","Anger","Headbutt","Reaper","Sentinel"],"relics":["Burning Blood","Mummified Hand","Darkstone Periapt","DollysMirror","Kunai","Bag of Marbles"],"acts_visited":["Exordium"],"potions_floor_usage":[],"damage_taken":[{"damage":6.0,"enemies":"Cultist","floor":1.0,"turns":3.0},{"damage":9.0,"enemies":"Jaw Worm","floor":2.0,"turns":4.0},{"damage":9.0,"enemies":"Small Slimes","floor":3.0,"turns":4.0},{"damage":8.0,"enemies":"2 Fungi Beasts","floor":4.0,"turns":4.0},{"damage":10.0,"enemies":"3 Sentries","floor":7.0,"turns":11.0},{"damage":19.0,"enemies":"Gremlin Nob","floor":10.0,"turns":4.0},{"damage":12.0,"enemies":"Gremlin Gang","floor":11.0,"turns":6.0},{"damage":0.0,"enemies":"Exordium Thugs","floor":12.0,"turns":4.0},{"damage":15,"enemies":"Exordium Wildlife","floor":13,"turns":4},{"damage":47,"enemies":"Slime Boss","floor":16,"turns":17}],"seed_played":"-4252108140652731311","potions_obtained":[{"floor":1.0,"key":"EssenceOfSteel"},{"floor":2.0,"key":"HeartOfIron"},{"floor":7.0,"key":"SteroidPotion"}],"is_trial":false,"path_per_floor":["M","M","M","M","T","R","E","$","T","E","M","M","M","?","R","B"],"character_chosen":"IRONCLAD","items_purchased":["DollysMirror"],"campfire_rested":0,"item_purchase_floors":[8],"current_hp_per_floor":[68,65,62,60,60,60,56,56,56,43,37,43,46,39,39,0,0],"gold":98,"neow_bonus":"THREE_RARE_CARDS","is_daily":false,"chose_seed":false,"campfire_upgraded":2,"win_rate":0.0,"timestamp":1612944703,"path_taken":["M","M","M","M","?","R","E","$","T","E","M","M","M","?","R","BOSS"],"items_purchased_type":["Relic"],"build_version":"2020-12-22","purchased_purges":0,"victory":false,"max_hp_per_floor":[68,68,68,68,68,68,68,68,68,68,68,68,68,68,68,68,68],"card_choices":[{"not_picked":["Double Tap","Exhume"],"picked":"Corruption","floor":0.0},{"not_picked":["Dual Wield","Wild Strike"],"picked":"Feel No Pain","floor":1.0},{"not_picked":["Pommel Strike","Twin Strike"],"picked":"Reckless Charge","floor":2.0},{"not_picked":["Havoc","Entrench","Heavy Blade"],"picked":"SKIP","floor":3.0},{"not_picked":["Entrench","Heavy Blade"],"picked":"Havoc","floor":3.0},{"not_picked":["Disarm","Wild Strike"],"picked":"Clothesline","floor":4.0},{"not_picked":["Inflame","Dual Wield"],"picked":"Flame Barrier","floor":7.0},{"not_picked":["Sword Boomerang","Armaments"],"picked":"Anger","floor":10.0},{"not_picked":["Cleave","Wild Strike"],"picked":"Headbutt","floor":11.0},{"not_picked":["Heavy Blade","Armaments"],"picked":"Reaper","floor":12.0},{"not_picked":["Havoc","Perfected Strike"],"picked":"Sentinel","floor":13}],"player_experience":1471180,"relics_obtained":[{"floor":5.0,"key":"Mummified Hand"},{"floor":7.0,"key":"Darkstone Periapt"},{"floor":9.0,"key":"Kunai"},{"floor":10.0,"key":"Bag of Marbles"}],"event_choices":[{"cards_removed":["Strike_R"],"damage_healed":0,"gold_gain":0,"player_choice":"Card Removal","damage_taken":7,"max_hp_gain":0,"max_hp_loss":0,"event_name":"Golden Wing","floor":14,"gold_loss":0}],"is_beta":false,"boss_relics":[],"items_purged_floors":[],"is_endless":false,"potions_floor_spawned":[1,2,7],"killed_by":"Slime Boss","ascension_level":20}}