{"host":"qxeepl7ydvsgmfdb","time":1612972397,"event":{"mods":["AchievementEnabler","BaseMod","Colored Powertips","Minty Spire (QoL Compilation)","Quick Restart","slay the spire mod where everything is the same but ironclad has a cowboy hat"],"gold_per_floor":[116,66,66,241,241,271,271,286,312,327,338,356,415,427,439,451,451],"floor_reached":16,"language":"ENG","playtime":384,"items_purged":[],"score":200,"play_id":"ca796902-3435-4e7e-8d5f-2274bde28c18","local_time":"20210210105317","is_ascension_mode":true,"campfire_choices":[{"data":"Cloak And Dagger","floor":7,"key":"SMITH"},{"floor":15,"key":"REST"}],"circlet_count":0,"master_deck":["AscendersBane","Strike_G","Strike_G","Strike_G","Defend_G","Defend_G","Defend_G","Defend_G","Defend_G","Survivor","Neutralize","Cloak And Dagger+1","Blade Dance","Cloak And Dagger","Blade Dance","Deadly Poison","Parasite"],"relics":["Ring of the Snake","NeowsBlessing","Ginger","Smiling Mask","MawBank"],"acts_visited":["Exordium"],"potions_floor_usage":[11,13,13,16],"damage_taken":[{"damage":0,"enemies":"2 Louse","floor":1,"turns":1},{"damage":0,"enemies":"3 Sentries","floor":6,"turns":1},{"damage":0,"enemies":"Small Slimes","floor":8,"turns":1},{"damage":6,"enemies":"Jaw Worm","floor":10,"turns":5},{"damage":0,"enemies":"Large Slime","floor":11,"turns":2},{"damage":11,"enemies":"3 Louse","floor":12,"turns":4},{"damage":8,"enemies":"Gremlin Nob","floor":13,"turns":3},{"damage":69,"enemies":"Hexaghost","floor":16,"turns":14}],"seed_played":"-9026600768452187254","potions_obtained":[{"floor":10,"key":"SteroidPotion"},{"floor":11,"key":"SteroidPotion"},{"floor":12,"key":"Poison Potion"},{"floor":13,"key":"GamblersBrew"}],"is_trial":false,"path_per_floor":["M","?","?","?","?","E","R","M","T","M","M","M","?","?","R","B"],"character_chosen":"THE_SILENT","items_purchased":[],"campfire_rested":1,"item_purchase_floors":[],"current_hp_per_floor":[63,63,56,56,56,56,56,56,56,50,50,39,31,48,69,0,0],"gold":451,"neow_bonus":"THREE_ENEMY_KILL","is_daily":false,"chose_seed":false,"campfire_upgraded":1,"win_rate":0.0,"timestamp":1612972397,"path_taken":["M","?","?","?","?","E","R","M","T","?","M","M","?","?","R","BOSS"],"items_purchased_type":[],"build_version":"2020-12-22","purchased_purges":0,"victory":false,"max_hp_per_floor":[70,70,70,70,70,70,70,70,70,70,70,70,70,70,70,70,70],"card_choices":[{"not_picked":["Acrobatics","Eviscerate"],"picked":"Cloak And Dagger","floor":1},{"not_picked":["Bouncing Flask","Crippling Poison","Riddle With Holes"],"picked":"SKIP","floor":6},{"not_picked":["Dagger Throw","Backflip","Endless Agony"],"picked":"SKIP","floor":8},{"not_picked":["Prepared","Deadly Poison"],"picked":"Blade Dance","floor":10},{"not_picked":["Heel Hook","Backflip"],"picked":"Cloak And Dagger","floor":11},{"not_picked":["Reflex","Deflect"],"picked":"Blade Dance","floor":12},{"not_picked":["Bane","Catalyst"],"picked":"Deadly Poison","floor":13}],"player_experience":152586,"relics_obtained":[{"floor":6,"key":"Ginger"},{"floor":9,"key":"Smiling Mask"},{"floor":13,"key":"MawBank"}],"event_choices":[{"cards_removed":["Strike_G"],"damage_healed":0,"gold_gain":0,"player_choice":"Card Removal","damage_taken":0,"max_hp_gain":0,"max_hp_loss":0,"event_name":"The Cleric","floor":2,"gold_loss":50},{"cards_removed":["Strike_G"],"damage_healed":0,"gold_gain":0,"player_choice":"Card Removal","damage_taken":7,"max_hp_gain":0,"max_hp_loss":0,"event_name":"Golden Wing","floor":3,"gold_loss":0},{"damage_healed":0,"gold_gain":175,"player_choice":"AGREE","damage_taken":0,"max_hp_gain":0,"max_hp_loss":0,"event_name":"Liars Game","floor":4,"gold_loss":0,"cards_obtained":["Doubt"]},{"cards_removed":["Doubt"],"damage_healed":0,"gold_gain":0,"player_choice":"Forget","damage_taken":0,"max_hp_gain":0,"max_hp_loss":0,"event_name":"Living Wall","floor":5,"gold_loss":0},{"damage_healed":0,"gold_gain":0,"player_choice":"Searched \u00271\u0027 times","damage_taken":0,"max_hp_gain":0,"max_hp_loss":0,"event_name":"Dead Adventurer","floor":13,"gold_loss":0},{"damage_healed":17,"gold_gain":0,"player_choice":"Healed and dodged fight","damage_taken":0,"max_hp_gain":0,"max_hp_loss":0,"event_name":"Mushrooms","floor":14,"gold_loss":0,"cards_obtained":["Parasite"]}],"is_beta":false,"boss_relics":[],"items_purged_floors":[],"is_endless":false,"potions_floor_spawned":[10,11,12,13],"killed_by":"Hexaghost","ascension_level":12}}