{"host":"nsiiwrl41ak9l0n5","time":1612955647,"event":{"mods":["BaseMod","Better Altar","Better Match","Better Note","Better Sensory Stone","Better Skull","BetterRewards","Colored Map","Colored Powertips","Emptier Cage","GifTheSpireLib","HexUI Lib","Highlight Path","Keyboard Shortcuts","Lobotomy","LobotomyExtend","Minty Spire (QoL Compilation)","Permanent Neow","Quick Restart","Rare Cards Sparkle","Relic Sorter","SacredBarkPlus","Spicy Shops","StSLib"],"gold_per_floor":[114,114,31,45,45,72,89,89,89,109,109,109,123,136,136,235,235,253,267,13,13,32,32,65,65,65,65,75,75,94,104,104,199,199,219,219,234,248,19,53,65,100,100,150,178,178,178,178,178,178],"floor_reached":51,"language":"ENG","playtime":4131,"items_purged":[],"score":932,"play_id":"114fce36-451e-4bbb-82df-9e3170a504d4","local_time":"20210210211407","is_ascension_mode":false,"campfire_choices":[{"floor":15,"key":"REST"},{"floor":23,"key":"REST"},{"floor":32,"key":"REST"},{"floor":49,"key":"REST"}],"circlet_count":0,"master_deck":["SpecialBullet","SpecialBullet","SpecialBullet","SpecialBullet","SpecialBullet","SpecialBullet","SpecialBullet","SpecialBullet","SecurityCode","InformationCode","DisciplinaryCode","BeautyBeast","Moonlight","Regret_ego+1","Regret_ego","SomewhereSpear","VoidDream","GoldRush+1","ExtractionCode","Regret_ego","MagicBullet+1","SomewhereSpear+1","SpiderBud","CherryBlossom+1","DaCapo","CENSORED","GoldRush+1","BlackArmy","GreenStem+1","WristCuter+1","SolemnVow+1","FourthMatchFlame+1","RecordCode","Christmas+1","WristCuter+1","Reverberation+1","BodiesMountain","FourthMatchFlame+1","SpecialBullet","Soda+1","ControlCode","Madness+1","Madness+1"],"relics":["CogitoBucket","NeowsBlessing","LetterFromLob","Potion Belt","LaetitiaHeart","Sundial","Darkstone Periapt","Fusion Hammer","Shuriken","BehaviorAdjustment","Ancient Tea Set","Meat on the Bone","Gaze_r","Heaven_r","Moonlight_r","Black Star","Lantern","Happy Flower","White Beast Statue","Juzu Bracelet","Bag of Marbles","StoneCalendar","Unceasing Top","Anchor","Frozen Egg 2"],"acts_visited":["Exordium","TheCity","TheBeyond"],"potions_floor_usage":[16,19,22,22,27,28,38,50,50,50,50,51,51],"damage_taken":[{"damage":0,"enemies":"2 Louse","floor":1,"turns":1},{"damage":0,"enemies":"Cultist","floor":4,"turns":1},{"damage":3,"enemies":"3 Sentries","floor":6,"turns":2},{"damage":5,"enemies":"Jaw Worm","floor":7,"turns":3},{"damage":4,"enemies":"Large Slime","floor":10,"turns":5},{"damage":30,"enemies":"2 Fungi Beasts","floor":13,"turns":5},{"damage":0,"enemies":"Lots of Slimes","floor":14,"turns":1},{"damage":0,"enemies":"Slime Boss","floor":16,"turns":11},{"damage":21,"enemies":"Shell Parasite","floor":18,"turns":5},{"damage":5,"enemies":"3 Byrds","floor":19,"turns":2},{"damage":24,"enemies":"Centurion and Healer","floor":22,"turns":7},{"damage":42,"enemies":"Book of Stabbing","floor":24,"turns":6},{"damage":2,"enemies":"Book of Stabbing","floor":27,"turns":3},{"damage":7,"enemies":"Book of Stabbing","floor":27,"turns":3},{"damage":15,"enemies":"Snecko","floor":28,"turns":6},{"damage":0,"enemies":"Cultist and Chosen","floor":30,"turns":3},{"damage":7,"enemies":"Snake Plant","floor":31,"turns":3},{"damage":21,"enemies":"Automaton","floor":33,"turns":8},{"damage":0,"enemies":"Orb Walker","floor":35,"turns":4},{"damage":6,"enemies":"3 Shapes","floor":37,"turns":3},{"damage":28,"enemies":"Writhing Mass","floor":38,"turns":6},{"damage":2,"enemies":"Nemesis","floor":40,"turns":6},{"damage":19,"enemies":"Transient","floor":41,"turns":5},{"damage":5,"enemies":"Giant Head","floor":42,"turns":5},{"damage":14,"enemies":"Mind Bloom Boss Battle","floor":44,"turns":4},{"damage":0,"enemies":"Nemesis","floor":45,"turns":1},{"damage":31,"enemies":"Time Eater","floor":50,"turns":6},{"damage":69,"enemies":"Malkuth","floor":51,"turns":4},{"damage":62,"enemies":"Netzach","floor":51,"turns":9},{"damage":128,"enemies":"Chesed","floor":51,"turns":8},{"damage":72,"enemies":"Hokma","floor":51,"turns":11},{"damage":34,"enemies":"Angela","floor":51,"turns":13}],"seed_played":"2543109783174814788","potions_obtained":[{"floor":1,"key":"SneckoOil"},{"floor":10,"key":"Block Potion"},{"floor":13,"key":"LiquidBronze"},{"floor":18,"key":"Weak Potion"},{"floor":19,"key":"EssenceOfSteel"},{"floor":24,"key":"DuplicationPotion"},{"floor":33,"key":"DuplicationPotion"},{"floor":37,"key":"Fire Potion"},{"floor":40,"key":"Fruit Juice"},{"floor":41,"key":"AttackPotion"},{"floor":42,"key":"FearPotion"},{"floor":44,"key":"DuplicationPotion"},{"floor":45,"key":"DistilledChaos"}],"is_trial":false,"path_per_floor":["M","?","$","M","?","E","M","M","T","M","R","?","M","M","R","B",null,"M","M","$","?","M","R","E","R","T","?","M","$","M","M","R","B",null,"M","?","M","M","$","E","M","E","T","?","E","R","?","?","R","B",null],"character_chosen":"Angela","items_purchased":["Moonlight","Shuriken","Lantern","SolemnVow+1"],"campfire_rested":4,"item_purchase_floors":[3,20,39,39],"current_hp_per_floor":[70,70,70,70,70,70,70,70,70,70,70,76,46,58,76,80,80,71,78,78,78,54,78,48,48,48,32,41,41,57,62,84,79,88,92,92,92,95,95,95,83,88,88,99,99,99,87,87,99,103],"gold":178,"neow_bonus":"THREE_ENEMY_KILL","is_daily":false,"chose_seed":false,"campfire_upgraded":0,"win_rate":0.0,"timestamp":1612955647,"path_taken":["M","?","$","M","?","E","M","M","T","M","R","?","M","M","R","BOSS","M","M","$","?","?","R","E","R","T","?","M","$","M","M","R","BOSS","M","?","?","M","$","E","M","E","T","?","E","R","?","?","R","BOSS"],"items_purchased_type":["Card","Relic","Card","Card"],"build_version":"2020-12-22","purchased_purges":0,"victory":true,"max_hp_per_floor":[70,70,70,70,70,70,70,70,70,70,70,76,76,76,76,80,80,80,80,80,80,80,80,80,80,80,80,80,80,84,84,84,88,88,92,92,92,95,95,95,95,95,95,99,99,99,99,99,99,104],"card_choices":[{"not_picked":["Bloodbath","FairyFestival"],"picked":"BeautyBeast","floor":1},{"not_picked":["Noise","Lantern"],"picked":"SKIP","floor":1},{"not_picked":["SpiderBud","OldLady"],"picked":"Scorched","floor":4},{"not_picked":["Noise"],"picked":"Regret_ego","floor":4},{"not_picked":["Penitence","RapturousDream"],"picked":"SKIP","floor":6},{"not_picked":["Soda"],"picked":"Regret_ego","floor":7},{"not_picked":["Noise","Galaxy"],"picked":"SKIP","floor":10},{"not_picked":["Soda"],"picked":"SomewhereSpear","floor":13},{"not_picked":["Wingbeat","RapturousDream"],"picked":"SKIP","floor":14},{"not_picked":["Alriune","QueenBee"],"picked":"VoidDream","floor":16},{"not_picked":["Twilight"],"picked":"GoldRush","floor":16},{"not_picked":["CUTE","Loneliness"],"picked":"SKIP","floor":18},{"not_picked":["Horn","Penitence"],"picked":"SKIP","floor":19},{"not_picked":["Loneliness"],"picked":"Regret_ego","floor":22},{"not_picked":["Tough","Soda"],"picked":"SKIP","floor":22},{"not_picked":["Noise"],"picked":"MagicBullet","floor":24},{"not_picked":["OSAHOGD","BlackSwan","QueenOfHatred"],"picked":"Singing Bowl","floor":28},{"not_picked":["Tough","Laetitia_ego"],"picked":"SomewhereSpear+1","floor":28},{"not_picked":["ShyLook","MeatLantern","GreedKing"],"picked":"Singing Bowl","floor":30},{"not_picked":["RedShoes","Bloodbath"],"picked":"SpiderBud","floor":30},{"not_picked":["Soda+1","BloodyDesire+1","WristCuter"],"picked":"SKIP","floor":30},{"not_picked":["Variant","MeatLantern","Bloodbath"],"picked":"Singing Bowl","floor":31},{"not_picked":["Wingbeat","Hypocrisy"],"picked":"CherryBlossom","floor":31},{"not_picked":["Pinks","CENSORED_ego"],"picked":"DaCapo","floor":33},{"not_picked":["RedShoes","ShyLook"],"picked":"CENSORED","floor":33},{"not_picked":["TheSmile","DaCapo"],"picked":"GoldRush","floor":33},{"not_picked":["WhiteNight","LaLuna"],"picked":"BlackArmy","floor":35},{"not_picked":["Horn+1","Spore+1","CUTE+1"],"picked":"SKIP","floor":35},{"not_picked":["PunishingBird","Woodsman","OldLady"],"picked":"Singing Bowl","floor":37},{"not_picked":["Justitia+1","TodaysExpression+1"],"picked":"GreenStem+1","floor":37},{"not_picked":["WhiteNight","Bloodbath","Yin"],"picked":"Singing Bowl","floor":38},{"not_picked":["Wingbeat+1","GrinderMk4+1"],"picked":"WristCuter+1","floor":38},{"not_picked":["SilentOrchestra","Wellcheers","RedShoes"],"picked":"Singing Bowl","floor":40},{"not_picked":["Pinks+1","RedEyes+1"],"picked":"FourthMatchFlame+1","floor":40},{"not_picked":["Heaven+1","Horn+1"],"picked":"Christmas+1","floor":41},{"not_picked":["NakedNest","QueenOfHatred","Yin"],"picked":"Singing Bowl","floor":41},{"not_picked":["GreenStem+1","Lantern+1"],"picked":"WristCuter+1","floor":41},{"not_picked":["HappyTeddy","Variant","SilentOrchestra"],"picked":"Singing Bowl","floor":42},{"not_picked":["BloodyDesire+1","GrinderMk4+1"],"picked":"Reverberation+1","floor":42},{"not_picked":["WhiteNight","HeroicMonk","Scarecrow"],"picked":"Singing Bowl","floor":44},{"not_picked":["Rudolta","LaLuna"],"picked":"BodiesMountain","floor":44},{"not_picked":["RapturousDream+1","RedEyes+1"],"picked":"FourthMatchFlame+1","floor":44},{"not_picked":["BlackSwan","RedShoes","Yin"],"picked":"Singing Bowl","floor":45},{"not_picked":["Beak+1","Loneliness+1"],"picked":"Soda+1","floor":45}],"player_experience":184003,"relics_obtained":[{"floor":1,"key":"LetterFromLob"},{"floor":6,"key":"Potion Belt"},{"floor":9,"key":"Sundial"},{"floor":24,"key":"Ancient Tea Set"},{"floor":26,"key":"Meat on the Bone"},{"floor":40,"key":"Happy Flower"},{"floor":40,"key":"White Beast Statue"},{"floor":42,"key":"Juzu Bracelet"},{"floor":42,"key":"Bag of Marbles"},{"floor":43,"key":"StoneCalendar"},{"floor":44,"key":"Unceasing Top"},{"floor":45,"key":"Anchor"},{"floor":45,"key":"Frozen Egg 2"}],"event_choices":[{"damage_healed":0,"gold_gain":0,"player_choice":"Ignored","damage_taken":0,"max_hp_gain":0,"max_hp_loss":0,"event_name":"Golden Wing","floor":2,"gold_loss":0},{"cards_removed":["Scorched"],"damage_healed":0,"gold_gain":0,"player_choice":"Card Removal","damage_taken":0,"max_hp_gain":0,"max_hp_loss":0,"event_name":"Wheel of Change","floor":5,"gold_loss":0},{"damage_healed":0,"gold_gain":0,"player_choice":"Box","damage_taken":0,"relics_obtained":["Darkstone Periapt"],"max_hp_gain":0,"max_hp_loss":0,"event_name":"Big Fish","floor":12,"gold_loss":0,"cards_obtained":["Regret"]},{"damage_healed":0,"gold_gain":0,"player_choice":"Ignored","damage_taken":0,"max_hp_gain":0,"max_hp_loss":0,"event_name":"betterNote:BetterNote","floor":21,"gold_loss":0,"cards_obtained":["Defend_G"]},{"damage_healed":0,"gold_gain":0,"player_choice":"Ignored","damage_taken":0,"max_hp_gain":0,"max_hp_loss":0,"event_name":"SecretPortal","floor":36,"gold_loss":0},{"damage_healed":0,"gold_gain":0,"player_choice":"Fight","damage_taken":0,"max_hp_gain":0,"max_hp_loss":0,"event_name":"MindBloom","floor":44,"gold_loss":0},{"damage_healed":0,"gold_gain":0,"player_choice":"Embrace Madness","damage_taken":12,"max_hp_gain":0,"max_hp_loss":0,"event_name":"Winding Halls","floor":47,"gold_loss":0,"cards_obtained":["Madness","Madness"]},{"damage_healed":0,"gold_gain":0,"player_choice":"Upgraded","damage_taken":0,"max_hp_gain":0,"max_hp_loss":0,"event_name":"Upgrade Shrine","floor":48,"gold_loss":0,"cards_upgraded":["CherryBlossom"]}],"is_beta":false,"boss_relics":[{"not_picked":["Busted Crown","Coffee Dripper"],"picked":"Fusion Hammer"},{"not_picked":["Empty Cage","SacredBark"],"picked":"Black Star"}],"items_purged_floors":[],"is_endless":false,"potions_floor_spawned":[1,10,13,18,19,24,33,37,40,41,42,44,45,51,51,51,51,51],"ascension_level":0}}