{"host":"6xsbn6ynqlzwllfm","time":1612972005,"event":{"mods":["2.2 Compatiblity","BaseMod","Bestiary","Colored Map","Colored Powertips","Curses Come First","Highlight Path","Keyboard Shortcuts","Minty Spire (QoL Compilation)","Relic Stats","Slay the Relics Exporter","StSLib","SuperFastMode"],"gold_per_floor":[112,112,112,128,146,195,195,39,39,39,50,50,68,68,68],"floor_reached":14,"language":"ENG","playtime":747,"items_purged":["Pain"],"score":230,"play_id":"53780475-3190-4759-ba4c-866bb29b4919","local_time":"20210210104645","is_ascension_mode":true,"campfire_choices":[{"data":"MentalFortress","floor":7,"key":"SMITH"},{"data":"Collect","floor":12,"key":"SMITH"}],"circlet_count":0,"master_deck":["AscendersBane","Strike_P","Strike_P","Strike_P","Strike_P","Defend_P","Defend_P","Defend_P","Defend_P","Eruption","Vigilance","Adaptation","MentalFortress+1","CarveReality","Collect+1","Adaptation","FlyingSleeves","EmptyFist"],"relics":["PureWater","Bird Faced Urn","WarpedTongs","Pear","Meat on the Bone","Singing Bowl"],"acts_visited":["Exordium"],"potions_floor_usage":[6,14],"damage_taken":[{"damage":1,"enemies":"Small Slimes","floor":1,"turns":5},{"damage":1,"enemies":"2 Louse","floor":4,"turns":4},{"damage":3,"enemies":"Cultist","floor":5,"turns":5},{"damage":7,"enemies":"Lagavulin","floor":6,"turns":4},{"damage":7,"enemies":"Exordium Wildlife","floor":11,"turns":4},{"damage":21,"enemies":"Blue Slaver","floor":13,"turns":5},{"damage":29,"enemies":"3 Sentries","floor":14,"turns":6}],"seed_played":"8055109691239924526","potions_obtained":[{"floor":4,"key":"ColorlessPotion"},{"floor":13,"key":"DistilledChaos"}],"is_trial":false,"path_per_floor":["M","?","?","M","M","E","R","$","T","T","M","R","M","E"],"character_chosen":"WATCHER","items_purchased":["Adaptation"],"campfire_rested":0,"item_purchase_floors":[8],"current_hp_per_floor":[42,7,7,8,9,16,16,16,16,16,25,25,22,0,0],"gold":68,"neow_bonus":"ONE_RARE_RELIC","is_daily":false,"chose_seed":false,"campfire_upgraded":2,"win_rate":0.0,"timestamp":1612972005,"path_taken":["M","?","?","?","M","E","R","$","T","?","M","R","M","E"],"items_purchased_type":["Card"],"build_version":"2020-12-22","purchased_purges":1,"victory":false,"max_hp_per_floor":[68,68,68,68,68,78,78,78,78,78,78,78,78,78,78],"relic_stats":{"Singing Bowl":0,"counters":[7,33],"Bird Faced Urn":[26],"obtain_stats":[{"Pear":6,"Singing Bowl":10,"Bird Faced Urn":0,"PureWater":0,"WarpedTongs":3,"Meat on the Bone":9},{"Pear":4,"Singing Bowl":4,"Bird Faced Urn":0,"PureWater":0,"WarpedTongs":1,"Meat on the Bone":4},{"Pear":18,"Singing Bowl":18,"Bird Faced Urn":0,"PureWater":0,"WarpedTongs":5,"Meat on the Bone":18}],"WarpedTongs":[28],"Meat on the Bone":24},"card_choices":[{"not_picked":["EmptyFist","CutThroughFate"],"picked":"Adaptation","floor":1},{"not_picked":["Vengeance","ThirdEye"],"picked":"MentalFortress","floor":4},{"not_picked":["Protect","Perseverance"],"picked":"CarveReality","floor":5},{"not_picked":["FlyingSleeves","FollowUp"],"picked":"Collect","floor":6},{"not_picked":["JustLucky","SashWhip"],"picked":"FlyingSleeves","floor":11},{"not_picked":["FollowUp","SashWhip"],"picked":"EmptyFist","floor":13}],"player_experience":1427663,"relics_obtained":[{"floor":6,"key":"Pear"},{"floor":9,"key":"Meat on the Bone"},{"floor":10,"key":"Singing Bowl"}],"event_choices":[{"damage_healed":0,"gold_gain":0,"player_choice":"Fled","damage_taken":35,"max_hp_gain":0,"max_hp_loss":0,"event_name":"Scrap Ooze","floor":2,"gold_loss":0},{"damage_healed":0,"gold_gain":0,"player_choice":"Rummage","damage_taken":0,"relics_obtained":["WarpedTongs"],"max_hp_gain":0,"max_hp_loss":0,"event_name":"Accursed Blacksmith","floor":3,"gold_loss":0,"cards_obtained":["Pain"]}],"is_beta":false,"boss_relics":[],"items_purged_floors":[8],"is_endless":false,"potions_floor_spawned":[4,13],"killed_by":"3 Sentries","ascension_level":20}}