{"host":"sp1f3sybb350mzsh","time":1612925679,"event":{"mods":["AchievementEnabler","BaseMod","Bestiary","Colored Map","Colored Powertips","Filter the Spire","Minty Spire (QoL Compilation)","Relic Stats","StSLib"],"gold_per_floor":[112,112,132,132,15,15,50,71,126,169,190,190,205,220,220,349,349,368,384,384,309,309,345,345,345,345],"floor_reached":25,"language":"ENG","playtime":1235,"items_purged":[],"score":266,"play_id":"80a5acc7-16a1-4035-b259-33cfb927939c","local_time":"20210209205439","is_ascension_mode":true,"campfire_choices":[{"data":"Rip and Tear","floor":6,"key":"SMITH"},{"floor":12,"key":"REST"},{"data":"Self Repair","floor":15,"key":"SMITH"},{"data":"Fission","floor":24,"key":"SMITH"}],"circlet_count":0,"master_deck":["Strike_B","Strike_B","Defend_B","Defend_B+1","Defend_B","Zap","Dualcast","Cold Snap","Loop","Rip and Tear+1","Static Discharge","Chill","Ball Lightning","Steam+1","Self Repair","Self Repair+1","Fission+1","Scrape","Sunder","Echo Form"],"relics":["Empty Cage","Golden Idol","Vajra","MealTicket","War Paint","Black Star","Matryoshka","Gremlin Horn"],"acts_visited":["Exordium","TheCity"],"potions_floor_usage":[7,16,23,23],"damage_taken":[{"damage":19,"enemies":"Cultist","floor":1,"turns":5},{"damage":0,"enemies":"2 Louse","floor":3,"turns":4},{"damage":23,"enemies":"3 Sentries","floor":7,"turns":6},{"damage":0,"enemies":"Small Slimes","floor":8,"turns":3},{"damage":19,"enemies":"Lagavulin","floor":10,"turns":5},{"damage":7,"enemies":"2 Fungi Beasts","floor":11,"turns":3},{"damage":6,"enemies":"Large Slime","floor":13,"turns":5},{"damage":12,"enemies":"Blue Slaver","floor":14,"turns":4},{"damage":18,"enemies":"Hexaghost","floor":16,"turns":8},{"damage":7,"enemies":"Chosen","floor":18,"turns":6},{"damage":14,"enemies":"Spheric Guardian","floor":19,"turns":4},{"damage":50,"enemies":"Gremlin Leader","floor":23,"turns":8},{"damage":55,"enemies":"Chosen and Byrds","floor":25,"turns":5}],"seed_played":"-1116601200756568799","potions_obtained":[{"floor":1,"key":"PowerPotion"},{"floor":3,"key":"DuplicationPotion"},{"floor":11,"key":"SpeedPotion"},{"floor":14,"key":"SteroidPotion"},{"floor":18,"key":"SteroidPotion"},{"floor":19,"key":"Energy Potion"}],"is_trial":false,"path_per_floor":["M","?","M","?","$","R","E","M","T","E","M","R","M","M","R","B",null,"M","M","?","?","?","E","R","M"],"character_chosen":"DEFECT","items_purchased":["Rip and Tear","Static Discharge"],"campfire_rested":1,"item_purchase_floors":[5,5],"current_hp_per_floor":[56,56,56,61,61,61,38,38,38,19,12,34,35,30,30,29,74,74,74,74,74,74,41,41,0,0],"gold":345,"neow_bonus":"BOSS_RELIC","is_daily":false,"chose_seed":false,"campfire_upgraded":3,"win_rate":0.0,"timestamp":1612925679,"path_taken":["M","?","M","?","$","R","E","M","T","E","M","R","M","M","R","BOSS","M","M","?","?","?","E","R","M"],"items_purchased_type":["Card","Card"],"build_version":"2020-12-22","purchased_purges":0,"victory":false,"max_hp_per_floor":[75,69,69,74,74,74,74,74,74,74,74,74,74,74,74,74,74,74,74,74,74,74,74,74,74,74],"relic_stats":{"Gremlin Horn":[0,0],"counters":[13,66],"Golden Idol":74,"MealTicket":0,"Black Star":1,"War Paint":["Defend_B","Steam"],"obtain_stats":[{"Matryoshka":23,"Gremlin Horn":23,"Golden Idol":2,"Vajra":7,"MealTicket":9,"Black Star":17,"War Paint":10,"Cracked Core":0,"Empty Cage":0},{"Matryoshka":12,"Gremlin Horn":12,"Golden Idol":1,"Vajra":3,"MealTicket":4,"Black Star":9,"War Paint":5,"Cracked Core":0,"Empty Cage":0},{"Matryoshka":61,"Gremlin Horn":61,"Golden Idol":5,"Vajra":15,"MealTicket":18,"Black Star":43,"War Paint":23,"Cracked Core":0,"Empty Cage":0}]},"card_choices":[{"not_picked":["Blizzard","Barrage"],"picked":"Cold Snap","floor":1},{"not_picked":["Barrage","Undo"],"picked":"Loop","floor":3},{"not_picked":["Compile Driver","Chaos"],"picked":"Chill","floor":7},{"not_picked":["Compile Driver","Skim"],"picked":"Ball Lightning","floor":8},{"not_picked":["Go for the Eyes","Turbo"],"picked":"Steam","floor":10},{"not_picked":["Machine Learning","Loop"],"picked":"Self Repair","floor":11},{"not_picked":["Beam Cell","Tempest","Storm"],"picked":"SKIP","floor":13},{"not_picked":["Beam Cell","Redo"],"picked":"Self Repair","floor":14},{"not_picked":["Reboot","Rainbow"],"picked":"Fission","floor":16},{"not_picked":["Steam","Hologram"],"picked":"Scrape","floor":18},{"not_picked":["Gash+1","Recycle"],"picked":"Sunder","floor":19},{"not_picked":["Double Energy","Darkness"],"picked":"Echo Form","floor":23}],"player_experience":172567,"relics_obtained":[{"floor":7,"key":"Vajra"},{"floor":9,"key":"MealTicket"},{"floor":10,"key":"War Paint"},{"floor":23,"key":"Matryoshka"},{"floor":23,"key":"Gremlin Horn"}],"event_choices":[{"damage_healed":0,"gold_gain":0,"player_choice":"Lose Max HP","damage_taken":0,"relics_obtained":["Golden Idol"],"max_hp_gain":0,"max_hp_loss":6,"event_name":"Golden Idol","floor":2,"gold_loss":0},{"damage_healed":0,"gold_gain":0,"player_choice":"Donut","damage_taken":0,"max_hp_gain":5,"max_hp_loss":0,"event_name":"Big Fish","floor":4,"gold_loss":0},{"damage_healed":0,"gold_gain":0,"player_choice":"Ignored","damage_taken":0,"max_hp_gain":0,"max_hp_loss":0,"event_name":"Vampires","floor":20,"gold_loss":0},{"cards_removed":["Strike_B"],"damage_healed":0,"gold_gain":0,"player_choice":"Gave Gold","damage_taken":0,"max_hp_gain":0,"max_hp_loss":0,"event_name":"Beggar","floor":21,"gold_loss":75},{"damage_healed":0,"gold_gain":0,"player_choice":"Ignored","damage_taken":0,"max_hp_gain":0,"max_hp_loss":0,"event_name":"The Mausoleum","floor":22,"gold_loss":0}],"is_beta":false,"boss_relics":[{"not_picked":["Ectoplasm","Nuclear Battery"],"picked":"Black Star"}],"items_purged_floors":[],"is_endless":false,"potions_floor_spawned":[1,3,11,14,18,19],"killed_by":"Chosen and Byrds","ascension_level":3}}