{"host":"xkmvu47k9fdstweo","time":1612986128,"event":{"mods":["BaseMod","Colored Map","Conspire","HololiveMod","Hubris","Minty Spire (QoL Compilation)","Quick Restart","Shop Mod","StSLib"],"gold_per_floor":[88,13,29,46,56,56,91,91,114,15,34,34,68,82,82,164,164,184,184,204,204,49,108,131,159,186,186,30,64,81,120,120,216,216,238,138,165,165,206,206,249,249,319,335,335,381,52,78,78,88],"floor_reached":51,"language":"ENG","playtime":1819,"items_purged":["Hololive_Strike","Hololive_Strike"],"score":1939,"play_id":"b052193b-5988-4b8a-a8e3-7eb906ddd6f4","local_time":"20210210144208","is_ascension_mode":true,"campfire_choices":[{"data":"Hololive_CallAmaneKanata","floor":6.0,"key":"SMITH"},{"data":"Hololive_CallAkiRosenthal","floor":15.0,"key":"SMITH"},{"data":"Hololive_CallManoAloe","floor":27.0,"key":"SMITH"},{"data":"Hololive_CallSpadeEcho","floor":32.0,"key":"SMITH"},{"data":"Hololive_Yoholoon","floor":40,"key":"SMITH"},{"data":"Hololive_CallFriendA","floor":42,"key":"SMITH"},{"data":"Hololive_Sequa","floor":45,"key":"SMITH"},{"data":"Hololive_Yoholoon","floor":49,"key":"SMITH"}],"circlet_count":0,"master_deck":["AscendersBane","Hololive_Defend","Hololive_Defend","Hololive_RevenueBasedLive","Hololive_CallFriendA","Hololive_CallAmaneKanata+1","Hololive_CallOzoraSubaru","Hololive_CallNatsuiroMatsuri","Hololive_CallFriendA+1","Hololive_ScarfAndHalo","Hololive_Rebound","Hololive_Yoholoon+1","Hololive_CallAkiRosenthal+1","Hololive_CocoNews","Hololive_CallMinatoAqua","Hololive_DurableLive","Hololive_CallDoris","Hololive_CocoNews","Hololive_CallSpadeEcho+1","Hololive_CallTokinoSora","Hololive_CocoNews","Hololive_MaximGun","Hololive_FlyingPonyTail+1","Hololive_CallManoAloe+1","Hololive_Yoholoon+1","Hololive_CallCivia","Hololive_CallShirakamiFubuki","Hololive_BringToTrial","Hololive_OvertimeWork","Hololive_ILoveYou","Hololive_Recruit","Hololive_CallShishiroBotan","Hololive_CallInugamiKorone+1","Hololive_CocoNews+1","Hololive_Sequa+1","Hololive_Yoholoon","Hololive_RevenueBasedLive+1"],"relics":["Hololive_TheStar","PreservedInsect","Turnip","hubris:OldNail","Anchor","hubris:RunicObelisk","Torii","hubris:ToyBattleship","hubris:FunFungus","Busted Crown","WingedGreaves","The Courier","Kunai","Ancient Tea Set","Ice Cream","Art of War"],"acts_visited":["Exordium","TheCity","TheBeyond"],"potions_floor_usage":[33,39,50],"damage_taken":[{"damage":0.0,"enemies":"Cultist","floor":1.0,"turns":3.0},{"damage":0.0,"enemies":"Jaw Worm","floor":3.0,"turns":3.0},{"damage":0.0,"enemies":"conspire:RoseBush","floor":4.0,"turns":3.0},{"damage":4.0,"enemies":"Red Slaver","floor":5.0,"turns":4.0},{"damage":1.0,"enemies":"3 Sentries","floor":7.0,"turns":8.0},{"damage":5.0,"enemies":"Large Slime","floor":11.0,"turns":5.0},{"damage":0.0,"enemies":"Lagavulin","floor":13.0,"turns":5.0},{"damage":0.0,"enemies":"Looter","floor":14.0,"turns":3.0},{"damage":0.0,"enemies":"Hexaghost","floor":16.0,"turns":8.0},{"damage":0.0,"enemies":"2 Thieves","floor":18.0,"turns":4.0},{"damage":0.0,"enemies":"3 Byrds","floor":20.0,"turns":4.0},{"damage":0.0,"enemies":"conspire:Head Lice","floor":23.0,"turns":6.0},{"damage":0.0,"enemies":"Snake Plant","floor":24.0,"turns":4.0},{"damage":0.0,"enemies":"conspire:HollyBat","floor":25.0,"turns":8.0},{"damage":0.0,"enemies":"Book of Stabbing","floor":29.0,"turns":3.0},{"damage":0.0,"enemies":"Centurion and Healer","floor":30.0,"turns":5.0},{"damage":0.0,"enemies":"3 Cultists","floor":31.0,"turns":5.0},{"damage":0,"enemies":"Collector","floor":33,"turns":6},{"damage":0,"enemies":"Orb Walker","floor":35,"turns":4},{"damage":7,"enemies":"3 Darklings","floor":37,"turns":5},{"damage":1,"enemies":"conspire:MimicChest","floor":39,"turns":6},{"damage":0,"enemies":"Nemesis","floor":41,"turns":3},{"damage":0,"enemies":"Spire Growth","floor":44,"turns":5},{"damage":0,"enemies":"Giant Head","floor":48,"turns":4},{"damage":25,"enemies":"conspire:OrnateMirror","floor":50,"turns":6}],"seed_played":"-2735394045296397286","potions_obtained":[{"floor":3.0,"key":"GamblersBrew"},{"floor":5.0,"key":"Swift Potion"},{"floor":23.0,"key":"LiquidMemories"},{"floor":24.0,"key":"ColorlessPotion"},{"floor":29.0,"key":"Energy Potion"},{"floor":39,"key":"Ancient Potion"},{"floor":41,"key":"Weak Potion"}],"is_trial":false,"path_per_floor":["M","$","M","M","M","R","E","T","T","$","M","?","E","M","R","B",null,"M","?","M","?","$","E","M","M","T","R","$","E","M","M","R","B",null,"M","NS","M","?","?","R","E","R","T","M","R","T","$","E","R","B",null],"character_chosen":"Hololive_HololiveCharacter","items_purchased":["Hololive_Yoholoon","Hololive_CallDoris","Hololive_CocoNews","Hololive_Yoholoon","Hololive_OvertimeWork","Ice Cream","Hololive_Yoholoon"],"campfire_rested":0,"item_purchase_floors":[2,10,10,22,28,47,47],"current_hp_per_floor":[27,27,27,27,23,23,22,22,22,22,17,26,26,26,26,26,27,27,23,23,23,23,23,23,23,23,23,23,23,26,27,27,32,32,32,32,26,24,27,27,28,28,28,30,30,30,30,32,32,8],"gold":88,"neow_bonus":"THREE_RARE_CARDS","is_daily":false,"chose_seed":false,"campfire_upgraded":8,"win_rate":0.0,"timestamp":1612986128,"path_taken":["M","$","M","?","M","R","E","?","T","?","?","?","E","M","R","BOSS","M","?","M","?","$","E","M","?","T","R","?","E","?","M","R","BOSS","M","NS","?","?","?","R","E","R","T","M","R","?","$","E","R","BOSS"],"items_purchased_type":["Card","Card","Card","Card","Card","Relic","Card"],"build_version":"2020-12-22","purchased_purges":2,"victory":true,"max_hp_per_floor":[27,27,27,27,27,27,27,27,27,27,27,27,27,27,27,27,27,27,32,32,32,32,32,32,32,32,32,32,32,32,32,32,32,32,32,32,32,32,32,32,32,32,32,32,32,32,32,32,32,32],"card_choices":[{"not_picked":["Hololive_Rebirth","Hololive_BeCareful"],"picked":"Hololive_ScarfAndHalo","floor":0.0},{"not_picked":["Hololive_Drill","Hololive_Sequa","Hololive_Breathe"],"picked":"Hololive_Rebound","floor":1.0},{"not_picked":["Hololive_Rebirth","Hololive_LuckPotion","Hololive_CallOzoraSubaru"],"picked":"Hololive_CallAkiRosenthal","floor":3.0},{"not_picked":["Hololive_HuntDinosaur","Hololive_Sequa","Hololive_Rebound"],"picked":"Hololive_CocoNews","floor":4.0},{"not_picked":["Hololive_CallDoris","Hololive_LuckPotion","Hololive_Sequa"],"picked":"Hololive_CallMinatoAqua","floor":5.0},{"not_picked":["Hololive_CallMurasakiShion","Hololive_StrengthChampion","Hololive_Sequa"],"picked":"Hololive_DurableLive","floor":7.0},{"not_picked":["Hololive_StrengthChampion","Hololive_Sequa","Hololive_CallAZKi"],"picked":"Hololive_CallSpadeEcho","floor":11.0},{"not_picked":["Hololive_CallDoris","Hololive_CallManoAloe","Hololive_RevenueBasedLive"],"picked":"Hololive_CallTokinoSora","floor":13.0},{"not_picked":["Hololive_Breathe","Hololive_Drill","Hololive_StrengthChampion"],"picked":"Hololive_CocoNews","floor":14.0},{"not_picked":["Hololive_HighAtkLowDef","Hololive_DiamondStrike","Hololive_WolfAndLamb"],"picked":"Hololive_MaximGun","floor":16.0},{"not_picked":["Hololive_Trident","Hololive_Psychosis","Hololive_HuntDinosaur+1"],"picked":"Hololive_FlyingPonyTail+1","floor":18.0},{"not_picked":["Hololive_Sequa","Hololive_Trident","Hololive_FlyingPonyTail"],"picked":"Hololive_CallManoAloe","floor":20.0},{"not_picked":["Hololive_CallMinatoAqua","Hololive_LuckPotion","Hololive_HighAtkLowDef"],"picked":"Hololive_CallCivia","floor":23.0},{"not_picked":["Hololive_CallHimemoriLuna+1","Hololive_OvertimeWork","Hololive_StrengthChampion"],"picked":"Hololive_CallShirakamiFubuki","floor":24.0},{"not_picked":["Hololive_RevenueBasedLive","Hololive_CallAiraniIofifteen","Hololive_HuntDinosaur"],"picked":"Hololive_BringToTrial","floor":25.0},{"not_picked":["Hololive_Breathe","Hololive_OvertimeWork+1","Hololive_Rebirth"],"picked":"Hololive_CallSpadeEcho","floor":29.0},{"not_picked":["Hololive_CallShiranuiFlare","Hololive_DevilCharm","Hololive_HuntDinosaur"],"picked":"Hololive_CallAZKi+1","floor":30.0},{"not_picked":["Hololive_RevenueBasedLive","Hololive_Rebound","Hololive_CocoNews"],"picked":"Hololive_ILoveYou","floor":31.0},{"not_picked":["Hololive_IdolExercise","Hololive_OpenUp","Hololive_Nanodesu"],"picked":"Hololive_Recruit","floor":33},{"not_picked":["Hololive_CallRosalyn+1"],"picked":"Hololive_CallShishiroBotan","floor":35},{"not_picked":["Hololive_Psychosis"],"picked":"Hololive_CallInugamiKorone+1","floor":37},{"not_picked":["Hololive_Psychosis"],"picked":"Hololive_CocoNews+1","floor":41},{"not_picked":["Hololive_CallAkiRosenthal"],"picked":"Hololive_Sequa","floor":44},{"not_picked":["Hololive_CallMinatoAqua"],"picked":"Hololive_RevenueBasedLive+1","floor":48}],"player_experience":351213,"relics_obtained":[{"floor":7.0,"key":"PreservedInsect"},{"floor":8.0,"key":"Turnip"},{"floor":9.0,"key":"hubris:OldNail"},{"floor":13.0,"key":"Anchor"},{"floor":23.0,"key":"Torii"},{"floor":26.0,"key":"hubris:ToyBattleship"},{"floor":29.0,"key":"hubris:FunFungus"},{"floor":39,"key":"WingedGreaves"},{"floor":41,"key":"The Courier"},{"floor":43,"key":"Kunai"},{"floor":46,"key":"Ancient Tea Set"},{"floor":48,"key":"Art of War"}],"event_choices":[{"damage_healed":9.0,"max_hp_gain":0.0,"max_hp_loss":0.0,"gold_gain":0.0,"event_name":"Big Fish","player_choice":"Banana","floor":12.0,"gold_loss":0.0,"damage_taken":0.0},{"damage_healed":0.0,"max_hp_gain":5.0,"max_hp_loss":0.0,"gold_gain":0.0,"event_name":"Forgotten Altar","player_choice":"Shed Blood","floor":19.0,"gold_loss":0.0,"damage_taken":9.0},{"damage_healed":0.0,"max_hp_gain":0.0,"max_hp_loss":0.0,"gold_gain":0.0,"event_name":"Upgrade Shrine","player_choice":"Upgraded","floor":21.0,"gold_loss":0.0,"damage_taken":0.0,"cards_upgraded":["Hololive_CallSpadeEcho"]},{"damage_healed":0,"gold_gain":0,"player_choice":"Leave","damage_taken":0,"max_hp_gain":0,"max_hp_loss":0,"event_name":"conspire:Investor","floor":38,"gold_loss":0}],"is_beta":false,"boss_relics":[{"not_picked":["hubris:Stopwatch","Runic Dome"],"picked":"hubris:RunicObelisk"},{"not_picked":["hubris:ScarierMask","Hololive_ChaosS"],"picked":"Busted Crown"}],"items_purged_floors":[22,28],"is_endless":false,"potions_floor_spawned":[3,5,7,11,14,23,24,29,31,39,41],"ascension_level":19}}