{"host":"yans4pr1zf0lm9bx","time":1612970991,"event":{"mods":["AchievementEnabler","Act Like it!","BaseMod","Minty Spire (QoL Compilation)","Replay The Spire","Shop Mod","StSLib","SuperFastMode","The Animator","slay the spire mod where everything is the same but ironclad has a cowboy hat"],"gold_per_floor":[119,137,153,453,194,194,223,255,255,275,308,321,355,84,84,189,189,208,226,226,80,80,126,138,63,63,63,82,127,139,238,238,342,342,360,45,45,45,61,92,92,92,92,92,92,92,112,131,131,174,174,174,174,174,485,535,535,535],"floor_reached":57,"language":"ENG","playtime":5460,"items_purged":["animator:Strike","animator:Strike"],"score":772,"play_id":"388d7413-2d31-434b-8c89-4dc745b72d13","local_time":"20210210102951","is_ascension_mode":false,"campfire_choices":[{"data":"animator:Emilia","floor":6,"key":"SMITH"},{"data":"animator:MisaKurobane","floor":27,"key":"SMITH"},{"floor":32,"key":"REST"},{"floor":41,"key":"RECALL"},{"data":"animator:Pride","floor":44,"key":"SMITH"},{"data":"animator:Sloth","floor":49,"key":"SMITH"},{"data":"animator:Togame","floor":51,"key":"SMITH"},{"data":"animator:LimeBell","floor":54,"key":"SMITH"}],"circlet_count":0,"master_deck":["animator:Strike_FullmetalAlchemist+1","animator:Defend_FullmetalAlchemist","animator:ElricEdward","animator:ElricAlphonse","animator:Togame","animator:WinryRockbell","animator:WinryRockbell","animator:Emilia","animator:LimeBell+1","animator:MisaKurobane","animator:WinryRockbell","animator:Sloth","animator:WinryRockbell","animator:ElricAlphonse","animator:HigakiRinne","animator:ElricEdward","animator:Gluttony","animator:ElricAlphonse","animator:Pride","animator:Gluttony","animator:MaesHughes","animator:Sloth","animator:Pride+1","animator:ElricEdward","animator:ElricEdward","animator:WinryRockbell"],"relics":["animator:TheWolleyCore","animator:AncientMedallion"],"acts_visited":["Exordium","TheCity","TheBeyond","TheEnding","EYB:TheUnnamedReign"],"potions_floor_usage":[16,23,30,52,57],"damage_taken":[{"damage":0,"enemies":"Cultist","floor":1,"turns":4},{"damage":0,"enemies":"Small Slimes","floor":2,"turns":5},{"damage":0,"enemies":"Jaw Worm","floor":3,"turns":5},{"damage":0,"enemies":"Replay:BlueRogue","floor":7,"turns":6},{"damage":0,"enemies":"Exordium Wildlife","floor":8,"turns":5},{"damage":0,"enemies":"Blue Slaver","floor":10,"turns":3},{"damage":28,"enemies":"Gremlin Nob","floor":11,"turns":6},{"damage":0,"enemies":"Looter","floor":12,"turns":3},{"damage":0,"enemies":"Replay:BlueRogue","floor":13,"turns":6},{"damage":0,"enemies":"Hexaghost","floor":16,"turns":9},{"damage":2,"enemies":"Chosen","floor":18,"turns":5},{"damage":0,"enemies":"3 Byrds","floor":19,"turns":6},{"damage":49,"enemies":"Slavers","floor":23,"turns":8},{"damage":0,"enemies":"Snake Plant","floor":24,"turns":3},{"damage":11,"enemies":"Chosen and Byrds","floor":28,"turns":7},{"damage":0,"enemies":"3 Cultists","floor":30,"turns":7},{"damage":16,"enemies":"Champ","floor":33,"turns":10},{"damage":24,"enemies":"3 Darklings","floor":35,"turns":6},{"damage":0,"enemies":"Orb Walker","floor":39,"turns":4},{"damage":19,"enemies":"Nemesis","floor":40,"turns":7},{"damage":10,"enemies":"Spire Growth","floor":47,"turns":4},{"damage":15,"enemies":"4 Shapes","floor":48,"turns":4},{"damage":40,"enemies":"Replay:Hell Engine","floor":52,"turns":11},{"damage":0,"enemies":"animator:UNNAMED_CULTIST_1","floor":56,"turns":9},{"damage":98,"enemies":"animator:UNNAMED_HAT","floor":57,"turns":9}],"seed_played":"-8744827732073346001","potions_obtained":[{"floor":1,"key":"Swift Potion"},{"floor":3,"key":"SkillPotion"},{"floor":10,"key":"Flashbang"},{"floor":13,"key":"LifebloodPotion"},{"floor":16,"key":"Weak Potion"},{"floor":23,"key":"SpeedPotion"},{"floor":30,"key":"LiquidMemories"},{"floor":48,"key":"DuplicationPotion"},{"floor":56,"key":"animator:FalseLifePotion"}],"is_trial":false,"path_per_floor":["M","M","M","?","$","R","E","M","T","M","E","M","E","$","R","B",null,"M","M","?","$","?","E","M","?","T","R","M","T","M","?","R","B",null,"M","$","?","$","M","E","R","PTL","PTL","R","T","?","M","M","R","?","R","B",null,"R","??","M","M"],"character_chosen":"THE_ANIMATOR","items_purchased":["animator:WinryRockbell","ReplayTheSpireMod:ShopPack","animator:ColorlessFragment","DataDisk","animator:Pride+1","animator:OldCoffin"],"campfire_rested":1,"item_purchase_floors":[5,5,14,21,36,36],"current_hp_per_floor":[60,60,60,60,60,60,60,60,60,60,42,42,42,42,63,63,70,69,71,55,55,55,10,14,14,14,14,7,7,11,11,32,16,71,47,47,47,47,51,36,36,36,36,36,36,71,61,50,50,50,50,14,71,71,98,98,0,0],"gold":535,"neow_bonus":"ONE_RARE_RELIC","is_daily":false,"chose_seed":false,"campfire_upgraded":6,"win_rate":0.0,"timestamp":1612970991,"path_taken":["M","?","M","?","$","R","E","M","T","M","E","M","E","?","R","BOSS","M","M","?","$","?","E","M","?","T","R","M","?","M","?","R","BOSS","M","$","?","?","M","E","R","PTL","PTL","R","T","?","M","M","R","?","R","BOSS","R","??","M","M"],"items_purchased_type":["Card","Relic","Relic","Relic","Card","Relic"],"build_version":"2020-12-22","purchased_purges":2,"victory":false,"max_hp_per_floor":[60,60,60,60,60,60,60,60,60,60,70,70,70,70,70,70,70,71,71,71,71,71,71,71,71,71,71,71,71,71,71,71,71,71,71,71,71,71,71,71,71,71,71,71,71,71,71,71,71,71,71,71,71,71,98,98,98,98],"card_choices":[{"not_picked":["animator:Mikaela","animator:SayakaMiki"],"picked":"animator:Togame","floor":1},{"not_picked":["animator:ChlammyZell","animator:Emonzaemon","animator:TsurugaMeisai"],"picked":"SKIP","floor":2},{"not_picked":["animator:Shinoa","animator:DolaSchwi","animator:Illya"],"picked":"SKIP","floor":3},{"not_picked":["animator:HououinKyouma","animator:Kira"],"picked":"animator:Emilia","floor":5},{"not_picked":["animator:Shimakaze","animator:Hibiki"],"picked":"animator:LimeBell","floor":5},{"not_picked":["animator:Hibiki","animator:TanyaDegurechaff"],"picked":"animator:MisaKurobane","floor":5},{"not_picked":["animator:Scar","animator:MaesHughes"],"picked":"animator:WinryRockbell","floor":7},{"not_picked":["animator:Priestess","animator:Nanami"],"picked":"animator:Sloth","floor":8},{"not_picked":["animator:Azekura","animator:UneriGinkaku"],"picked":"animator:WinryRockbell","floor":10},{"not_picked":["animator:Togame","animator:Witch","animator:KyokoSakura"],"picked":"SKIP","floor":11},{"not_picked":["animator:RoyMustang","animator:MaesHughes"],"picked":"animator:ElricAlphonse","floor":12},{"not_picked":["animator:Alexander","animator:ChaikaBohdan","animator:Azekura"],"picked":"SKIP","floor":13},{"not_picked":["animator:Boros","animator:Shiro"],"picked":"animator:HigakiRinne","floor":16},{"not_picked":["animator:Sloth","animator:Genos"],"picked":"animator:Pride","floor":18},{"not_picked":["animator:NagisaMomoe","animator:Alexander"],"picked":"animator:Gluttony","floor":19},{"not_picked":["animator:RoyMustang","animator:Pride"],"picked":"animator:MaesHughes","floor":23},{"not_picked":["animator:Lancer","animator:OrikoMikuni","animator:Jibril"],"picked":"SKIP","floor":24},{"not_picked":["animator:DolaRiku","animator:Caster","animator:Layla+1"],"picked":"SKIP","floor":28},{"not_picked":["animator:Pride","animator:ElricAlphonse"],"picked":"animator:Sloth","floor":30},{"not_picked":["animator:Azekura","animator:HighElfArcher","animator:MumenRider+1"],"picked":"SKIP","floor":35},{"not_picked":["animator:KrulTepes+1","animator:Guy","animator:Tatsumaki+1"],"picked":"SKIP","floor":39},{"not_picked":["animator:Layla","animator:Alexander","animator:ShinjiMatou+1"],"picked":"SKIP","floor":47},{"not_picked":["animator:Layla","animator:Priestess+1"],"picked":"animator:ElricEdward","floor":48},{"not_picked":["animator:Tatsumaki","animator:Mikaela"],"picked":"animator:ElricEdward","floor":50},{"not_picked":["animator:Melzalgald","animator:MadokaKaname"],"picked":"animator:WinryRockbell","floor":50},{"not_picked":["animator:UneriGinkaku","animator:Alexander+1","animator:MetalKnight"],"picked":"SKIP","floor":56}],"player_experience":332053,"relics_obtained":[{"floor":7,"key":"Replay:Bottled Snecko"},{"floor":11,"key":"Pear"},{"floor":13,"key":"Juzu Bracelet"},{"floor":20,"key":"Nilry\u0027s Codex"},{"floor":22,"key":"ReplayTheSpireMod:Ring of Exchange"},{"floor":22,"key":"Ring of Searing"},{"floor":23,"key":"Replay:Wax Seal"},{"floor":26,"key":"Ornamental Fan"},{"floor":29,"key":"Omamori"},{"floor":40,"key":"Replay:Baseball"},{"floor":45,"key":"The Courier"},{"floor":50,"key":"Bottled Lightning"},{"floor":55,"key":"animator:TheWolleyCore"},{"floor":55,"key":"animator:AncientMedallion"}],"event_choices":[{"damage_healed":0,"gold_gain":0,"player_choice":"Gave Potion","damage_taken":0,"relics_obtained":["Old Coin"],"max_hp_gain":0,"max_hp_loss":0,"event_name":"WeMeetAgain","floor":4,"gold_loss":0},{"damage_healed":0,"gold_gain":0,"player_choice":"Obtained Book","damage_taken":16,"max_hp_gain":0,"max_hp_loss":0,"event_name":"Cursed Tome","floor":20,"gold_loss":0},{"cards_removed":["animator:Defend"],"damage_healed":0,"gold_gain":0,"player_choice":"Gave Gold","damage_taken":0,"max_hp_gain":0,"max_hp_loss":0,"event_name":"Beggar","floor":25,"gold_loss":75},{"damage_healed":0,"gold_gain":99,"player_choice":"Stole From Cult","damage_taken":0,"max_hp_gain":0,"max_hp_loss":0,"event_name":"Nest","floor":31,"gold_loss":0},{"damage_healed":0,"gold_gain":0,"player_choice":"Ignored","damage_taken":0,"max_hp_gain":0,"max_hp_loss":0,"event_name":"NoteForYourself","floor":37,"gold_loss":0},{"damage_healed":35,"gold_gain":0,"player_choice":"Heal","damage_taken":0,"max_hp_gain":0,"max_hp_loss":0,"event_name":"MindBloom","floor":46,"gold_loss":0,"cards_obtained":["Doubt"]}],"is_beta":false,"boss_relics":[{"not_picked":["Black Star","SlaversCollar"],"picked":"animator:RacePiece"},{"not_picked":["OrangePellets","Fusion Hammer"],"picked":"Coffee Dripper"}],"items_purged_floors":[5,14],"is_endless":false,"potions_floor_spawned":[1,3,10,13,16,23,24,30,47,48],"killed_by":"animator:UNNAMED_HAT","ascension_level":0}}