{"host":"bgyhjzqafgkxdxsh","time":1612958417,"event":{"mods":["BaseMod","Colored Map","Minty Spire (QoL Compilation)","Relic Stats","StSLib","everything is the same but u backflip on backflip"],"gold_per_floor":[115,126,136,136,154,187,187,216,216,68,84,95,426,86,86,162,212,231,231,27,27,45,79,79,112,112,145,164,183,183,212,212,287,287,305,323,323,336,352,385,385,414,414,80,135,135,169,181,181,181,181,181,17,42,42,42],"floor_reached":55,"language":"ENG","playtime":4082,"items_purged":["Pain","Strike_G"],"score":1561,"play_id":"bb58819c-7466-4448-a7ca-f850fe10a6ab","local_time":"20210210220017","is_ascension_mode":true,"campfire_choices":[{"data":"Blade Dance","floor":7,"key":"SMITH"},{"floor":15,"key":"REST"},{"floor":30,"key":"REST"},{"data":"Bullet Time","floor":32,"key":"SMITH"},{"floor":41,"key":"REST"},{"floor":49,"key":"RECALL"},{"data":"Envenom","floor":52,"key":"SMITH"}],"circlet_count":0,"master_deck":["AscendersBane","Strike_G","Strike_G","Strike_G","Defend_G","Defend_G","Defend_G","Defend_G","Defend_G","Survivor","Neutralize+1","Blade Dance+1","Deadly Poison","Die Die Die","Poisoned Stab","Dash","Cloak And Dagger","Footwork","Poisoned Stab","Infinite Blades","Blur","Escape Plan+1","Backflip","Envenom+1","Dodge and Roll","Dagger Spray","Prepared","Glass Knife","Backflip","Blade Dance","Bullet Time+1","Malaise","Cloak And Dagger+1","Calculated Gamble+1","Sadistic Nature"],"relics":["Ring of the Snake","WarpedTongs","Matryoshka","Bronze Scales","Dream Catcher","Blue Candle","Old Coin","MealTicket","Omamori","Tiny House","MutagenicStrength","Blood Vial","Necronomicon","Thread and Needle","Ornamental Fan","Kunai","Lizard Tail","Du-Vu Doll","Molten Egg 2","SlaversCollar","Tough Bandages","Pear","The Courier","Lee\u0027s Waffle","Peace Pipe","Art of War","Snake Skull","Strawberry"],"acts_visited":["Exordium","TheCity","TheBeyond","TheEnding"],"potions_floor_usage":[8,13,13,27,28,29,31,33,39,40,42,50,50,55],"damage_taken":[{"damage":0,"enemies":"Small Slimes","floor":1,"turns":3},{"damage":0,"enemies":"Cultist","floor":2,"turns":3},{"damage":0,"enemies":"2 Louse","floor":3,"turns":3},{"damage":3,"enemies":"Blue Slaver","floor":5,"turns":4},{"damage":29,"enemies":"Gremlin Nob","floor":6,"turns":4},{"damage":23,"enemies":"Lagavulin","floor":8,"turns":5},{"damage":0,"enemies":"Red Slaver","floor":11,"turns":2},{"damage":1,"enemies":"2 Fungi Beasts","floor":12,"turns":2},{"damage":13,"enemies":"Gremlin Nob","floor":13,"turns":3},{"damage":3,"enemies":"The Guardian","floor":16,"turns":10},{"damage":3,"enemies":"Chosen","floor":18,"turns":5},{"damage":22,"enemies":"Shell Parasite","floor":22,"turns":4},{"damage":16,"enemies":"Gremlin Leader","floor":23,"turns":7},{"damage":26,"enemies":"Slavers","floor":25,"turns":7},{"damage":0,"enemies":"Book of Stabbing","floor":27,"turns":7},{"damage":1,"enemies":"Cultist and Chosen","floor":28,"turns":4},{"damage":8,"enemies":"Centurion and Healer","floor":29,"turns":7},{"damage":1,"enemies":"Slavers","floor":31,"turns":6},{"damage":59,"enemies":"Champ","floor":33,"turns":12},{"damage":11,"enemies":"3 Shapes","floor":35,"turns":10},{"damage":4,"enemies":"Orb Walker","floor":36,"turns":2},{"damage":35,"enemies":"4 Shapes","floor":38,"turns":9},{"damage":25,"enemies":"Jaw Worm Horde","floor":39,"turns":5},{"damage":25,"enemies":"Reptomancer","floor":40,"turns":8},{"damage":0,"enemies":"Giant Head","floor":42,"turns":8},{"damage":68,"enemies":"2 Orb Walkers","floor":45,"turns":7},{"damage":8,"enemies":"Nemesis","floor":47,"turns":6},{"damage":1,"enemies":"3 Darklings","floor":48,"turns":3},{"damage":13,"enemies":"Donu and Deca","floor":50,"turns":10},{"damage":74,"enemies":"Shield and Spear","floor":54,"turns":8},{"damage":55,"enemies":"The Heart","floor":55,"turns":3}],"seed_played":"-2693372161480640118","potions_obtained":[{"floor":1,"key":"Regen Potion"},{"floor":3,"key":"Fruit Juice"},{"floor":11,"key":"Swift Potion"},{"floor":12,"key":"LiquidMemories"},{"floor":13,"key":"Ancient Potion"},{"floor":17,"key":"GhostInAJar"},{"floor":18,"key":"Dexterity Potion"},{"floor":27,"key":"BlessingOfTheForge"},{"floor":28,"key":"ColorlessPotion"},{"floor":31,"key":"Dexterity Potion"},{"floor":33,"key":"Dexterity Potion"},{"floor":38,"key":"Regen Potion"},{"floor":39,"key":"Regen Potion"},{"floor":40,"key":"DistilledChaos"},{"floor":48,"key":"Strength Potion"}],"is_trial":false,"path_per_floor":["M","M","M","?","M","E","R","E","T","$","M","M","E","$","R","B",null,"M","?","$","?","M","E","T","E","T","E","M","M","R","E","R","B",null,"M","M","?","M","M","E","R","E","T","$","?","?","E","M","R","B",null,"R","$","E","B"],"character_chosen":"THE_SILENT","items_purchased":["Footwork","MealTicket","Omamori","Escape Plan","Dagger Spray","Blood Vial","Sadistic Nature","Lee\u0027s Waffle","Snake Skull","PowerPotion"],"campfire_rested":3,"item_purchase_floors":[10,14,14,14,20,20,44,44,53,53],"current_hp_per_floor":[63,63,63,63,60,31,31,23,23,23,23,22,14,14,36,33,70,67,67,80,64,44,30,30,6,6,8,9,3,27,28,28,38,70,61,59,59,26,15,6,30,42,42,97,29,29,23,24,24,13,76,76,91,26,0,0],"gold":42,"neow_bonus":"UPGRADE_CARD","is_daily":false,"chose_seed":false,"campfire_upgraded":3,"win_rate":0.0,"timestamp":1612958417,"path_taken":["M","M","M","?","?","E","R","E","T","$","M","M","E","$","R","BOSS","M","?","$","?","M","E","?","E","T","E","?","M","R","E","R","BOSS","M","M","?","M","M","E","R","E","T","$","?","?","E","M","R","BOSS","R","$","E","BOSS"],"items_purchased_type":["Card","Relic","Relic","Card","Card","Relic","Card","Relic","Relic","Potion"],"build_version":"2020-12-22","purchased_purges":2,"victory":false,"max_hp_per_floor":[70,70,70,70,70,70,70,70,70,70,70,70,75,75,75,75,80,80,80,80,80,80,80,80,80,80,80,80,80,80,80,80,80,80,80,80,80,80,80,80,80,90,90,97,97,97,97,97,97,97,97,97,97,104,104,104],"relic_stats":{"Lee\u0027s Waffle":40,"counters":[31,177],"Blue Candle":[2],"Snake Skull":[23],"WarpedTongs":[167],"Blood Vial":38,"Peace Pipe":0,"Dream Catcher":3,"Lizard Tail":40,"Tough Bandages":[60],"Ornamental Fan":[284],"Bronze Scales":[522],"MealTicket":43,"Necronomicon":[23],"Art of War":[1],"Kunai":[71],"obtain_stats":[{"Tiny House":17,"Snake Skull":53,"Old Coin":13,"Blood Vial":20,"Dream Catcher":9,"Lizard Tail":25,"Tough Bandages":40,"Matryoshka":6,"Strawberry":54,"MealTicket":14,"Necronomicon":21,"Kunai":24,"Ring of the Snake":0,"Lee\u0027s Waffle":44,"Pear":42,"Blue Candle":9,"Thread and Needle":23,"The Courier":43,"Omamori":14,"WarpedTongs":4,"Du-Vu Doll":27,"Peace Pipe":45,"SlaversCollar":34,"Ornamental Fan":24,"Bronze Scales":8,"MutagenicStrength":19,"Molten Egg 2":31,"Art of War":47},{"Tiny House":10,"Snake Skull":29,"Old Coin":9,"Blood Vial":11,"Dream Catcher":6,"Lizard Tail":14,"Tough Bandages":24,"Matryoshka":5,"Strawberry":30,"MealTicket":9,"Necronomicon":11,"Kunai":13,"Ring of the Snake":0,"Lee\u0027s Waffle":25,"Pear":25,"Blue Candle":6,"Thread and Needle":13,"The Courier":25,"Omamori":9,"WarpedTongs":3,"Du-Vu Doll":15,"Peace Pipe":26,"SlaversCollar":19,"Ornamental Fan":13,"Bronze Scales":6,"MutagenicStrength":11,"Molten Egg 2":18,"Art of War":27},{"Tiny House":39,"Snake Skull":166,"Old Coin":29,"Blood Vial":44,"Dream Catcher":22,"Lizard Tail":62,"Tough Bandages":132,"Matryoshka":17,"Strawberry":174,"MealTicket":29,"Necronomicon":44,"Kunai":55,"Ring of the Snake":0,"Lee\u0027s Waffle":140,"Pear":140,"Blue Candle":22,"Thread and Needle":55,"The Courier":140,"Omamori":29,"WarpedTongs":9,"Du-Vu Doll":69,"Peace Pipe":147,"SlaversCollar":98,"Ornamental Fan":55,"Bronze Scales":22,"MutagenicStrength":44,"Molten Egg 2":86,"Art of War":153}],"Ring of the Snake":[62]},"card_choices":[{"not_picked":["Bane","Acrobatics"],"picked":"Blade Dance","floor":1},{"not_picked":["Bane","Sucker Punch"],"picked":"Deadly Poison","floor":2},{"not_picked":["Deadly Poison","Setup"],"picked":"Die Die Die","floor":3},{"not_picked":["Outmaneuver","Dodge and Roll"],"picked":"Poisoned Stab","floor":5},{"not_picked":["Tactician","Leg Sweep"],"picked":"Dash","floor":6},{"not_picked":["Blade Dance","Tactician"],"picked":"Cloak And Dagger","floor":8},{"not_picked":["Eviscerate","Acrobatics"],"picked":"Poisoned Stab","floor":11},{"not_picked":["Accuracy","Heel Hook"],"picked":"Infinite Blades","floor":12},{"not_picked":["PiercingWail","Masterful Stab"],"picked":"Blur","floor":13},{"not_picked":["Riddle With Holes","Dagger Throw"],"picked":"Backflip","floor":15},{"not_picked":["Wraith Form v2","Tools of the Trade"],"picked":"Envenom","floor":16},{"not_picked":["Blade Dance","Dagger Spray"],"picked":"Dodge and Roll","floor":17},{"not_picked":["Outmaneuver","PiercingWail","Poisoned Stab"],"picked":"SKIP","floor":18},{"not_picked":["Bane+1","Deadly Poison"],"picked":"Prepared","floor":22},{"not_picked":["Masterful Stab","Footwork","Outmaneuver"],"picked":"SKIP","floor":23},{"not_picked":["Crippling Poison+1","Quick Slash"],"picked":"Glass Knife","floor":25},{"not_picked":["Bane","Masterful Stab"],"picked":"Backflip","floor":27},{"not_picked":["Quick Slash","Reflex"],"picked":"Blade Dance","floor":28},{"not_picked":["Expertise","Dodge and Roll","Dagger Throw"],"picked":"SKIP","floor":29},{"not_picked":["Bane","Crippling Poison"],"picked":"Bullet Time","floor":30},{"not_picked":["Acrobatics","Flying Knee+1","Expertise"],"picked":"SKIP","floor":31},{"not_picked":["Venomology","Envenom"],"picked":"Malaise","floor":33},{"not_picked":["Dagger Throw+1","Cloak And Dagger","Poisoned Stab+1"],"picked":"SKIP","floor":35},{"not_picked":["Acrobatics","Quick Slash+1","Cloak And Dagger"],"picked":"SKIP","floor":36},{"not_picked":["Distraction","Deflect","Wraith Form v2"],"picked":"SKIP","floor":38},{"not_picked":["Quick Slash+1","Setup","Flying Knee+1"],"picked":"SKIP","floor":39},{"not_picked":["Poisoned Stab+1","PiercingWail"],"picked":"Cloak And Dagger+1","floor":40},{"not_picked":["Backstab+1","Flying Knee+1"],"picked":"Calculated Gamble+1","floor":41},{"not_picked":["Slice+1","All Out Attack+1","Dagger Throw+1"],"picked":"SKIP","floor":42},{"not_picked":["Quick Slash+1","Crippling Poison","Distraction"],"picked":"SKIP","floor":47},{"not_picked":["Dagger Throw+1","Well Laid Plans+1","Eviscerate+1"],"picked":"SKIP","floor":48},{"not_picked":["Storm of Steel","Dagger Throw+1","Sucker Punch+1"],"picked":"SKIP","floor":54}],"player_experience":499450,"relics_obtained":[{"floor":6,"key":"Matryoshka"},{"floor":8,"key":"Bronze Scales"},{"floor":9,"key":"Dream Catcher"},{"floor":9,"key":"Blue Candle"},{"floor":13,"key":"Old Coin"},{"floor":21,"key":"Necronomicon"},{"floor":23,"key":"Thread and Needle"},{"floor":24,"key":"Ornamental Fan"},{"floor":24,"key":"Kunai"},{"floor":25,"key":"Lizard Tail"},{"floor":27,"key":"Du-Vu Doll"},{"floor":31,"key":"Molten Egg 2"},{"floor":40,"key":"Tough Bandages"},{"floor":42,"key":"Pear"},{"floor":43,"key":"The Courier"},{"floor":45,"key":"Peace Pipe"},{"floor":47,"key":"Art of War"},{"floor":54,"key":"Strawberry"}],"event_choices":[{"damage_healed":0,"gold_gain":0,"player_choice":"Rummage","damage_taken":0,"relics_obtained":["WarpedTongs"],"max_hp_gain":0,"max_hp_loss":0,"event_name":"Accursed Blacksmith","floor":4,"gold_loss":0,"cards_obtained":["Pain"]},{"damage_healed":0,"gold_gain":0,"player_choice":"Inject Mutagens","damage_taken":0,"relics_obtained":["MutagenicStrength"],"max_hp_gain":0,"max_hp_loss":0,"event_name":"Drug Dealer","floor":19,"gold_loss":0},{"damage_healed":0,"gold_gain":0,"player_choice":"Obtained Book","damage_taken":16,"max_hp_gain":0,"max_hp_loss":0,"event_name":"Cursed Tome","floor":21,"gold_loss":0},{"damage_healed":0,"gold_gain":0,"player_choice":"Ignored","damage_taken":0,"max_hp_gain":0,"max_hp_loss":0,"event_name":"Tomb of Lord Red Mask","floor":37,"gold_loss":0},{"damage_healed":0,"gold_gain":0,"player_choice":"Fight","damage_taken":0,"max_hp_gain":0,"max_hp_loss":0,"event_name":"Mysterious Sphere","floor":45,"gold_loss":0},{"cards_removed":["Strike_G"],"damage_healed":0,"gold_gain":0,"player_choice":"Removed Attack","damage_taken":0,"max_hp_gain":0,"max_hp_loss":0,"event_name":"Falling","floor":46,"gold_loss":0}],"is_beta":false,"boss_relics":[{"not_picked":["Sozu","Empty Cage"],"picked":"Tiny House"},{"not_picked":["HoveringKite","Black Star"],"picked":"SlaversCollar"}],"items_purged_floors":[10,44],"is_endless":false,"potions_floor_spawned":[1,3,11,12,13,18,25,27,28,31,33,38,39,40,48],"killed_by":"The Heart","ascension_level":13}}