{"host":"i9h64q9gphvrup4n","time":1612996121,"event":{"mods":["2.2 Compatiblity","AchievementEnabler","Aspiration","Astrologer","Bard","BaseMod","Beaked The Cultist","BetterRewards","Colored Powertips","Conspire","Downfall","Gremlin Mod","Hermit","Hubris","Infinite Spire","Jorbs\u0027s Wanderer Trilogy","Minty Spire (QoL Compilation)","Replay The Spire","Shop Mod","StSLib","SuperFastMode","The Blackbeard","The Bladedancer","The Bug Knight","The Construct","The Cursed","The Disciple","The Hierophant","The Jungle","The Necromancer","The Runesmith","The Wild Card","slay the spire mod where everything is the same but ironclad has a cowboy hat"],"gold_per_floor":[109,284,296,105,105,105,105,134,157,157,174,206,0,30,30,134,134,146,158,171,171,171,171],"floor_reached":22,"language":"ENG","playtime":943,"items_purged":["Doubt"],"score":202,"play_id":"c9146b70-8aed-47bd-999b-f618c64dae40","local_time":"20210210162841","is_ascension_mode":false,"campfire_choices":[{"data":"Devotion","floor":6,"key":"SMITH"},{"floor":10,"key":"REST"},{"floor":15,"key":"REST"}],"circlet_count":0,"master_deck":["Strike_P","Strike_P","Strike_P","Defend_P","Defend_P","Defend_P","Eruption","Vigilance","Devotion+1","FlyingSleeves","Swivel","JustLucky","Study","ForeignInfluence","Steam","Prostrate","SignatureMove","Devotion+1","Prostrate","Consecrate","Replay:LoomingThreat","Pray+1","JustLucky","JustLucky","infinitespire:Fortify"],"relics":["Calipers","construct:MasterCore","HollowMod:VoidIdolRelic","hubris:64BitClover","theJungle:Creamberry","Thread and Needle","hexamod:SoulConsumer","aspiration:BeakedSkillbook","infinitespire:Chaos"],"acts_visited":["Exordium","TheCity"],"potions_floor_usage":[14],"damage_taken":[{"damage":0,"enemies":"Jaw Worm","floor":1,"turns":3},{"damage":0,"enemies":"conspire:RoseBush","floor":3,"turns":3},{"damage":39,"enemies":"Gremlin Nob","floor":8,"turns":5},{"damage":0,"enemies":"2 Louse","floor":11,"turns":2},{"damage":12,"enemies":"3 Sentries","floor":12,"turns":7},{"damage":7,"enemies":"HollowMod:MossKnight","floor":14,"turns":7},{"damage":22,"enemies":"Hexaghost","floor":16,"turns":6},{"damage":19,"enemies":"3 Byrds","floor":18,"turns":3},{"damage":17,"enemies":"Shell Parasite","floor":19,"turns":3},{"damage":28,"enemies":"Snake Plant","floor":20,"turns":4},{"damage":29,"enemies":"Chosen and Byrds","floor":22,"turns":4}],"seed_played":"9063225929659880493","potions_obtained":[{"floor":11,"key":"ColorlessPotion"},{"floor":18,"key":"Venom Potion"}],"is_trial":false,"path_per_floor":["M","?","M","$","?","R","?","E","T","R","M","E","$","E","R","B",null,"M","M","M","AVR","M"],"character_chosen":"WATCHER","items_purchased":["JustLucky","Study","DollysMirror","Prostrate"],"campfire_rested":2,"item_purchase_floors":[4,4,13,13],"current_hp_per_floor":[72,72,72,72,72,72,72,33,33,54,54,42,42,35,56,34,72,53,36,8,8,0,0],"gold":171,"neow_bonus":"ONE_RANDOM_RARE_CARD","is_daily":false,"chose_seed":false,"campfire_upgraded":1,"win_rate":0.0,"timestamp":1612996121,"path_taken":["M","?","M","$","?","R","?","E","T","R","M","E","?","E","R","BOSS","M","M","M","AVR","M"],"items_purchased_type":["Card","Card","Relic","Card"],"build_version":"2020-12-22","purchased_purges":1,"victory":false,"max_hp_per_floor":[72,72,72,72,72,72,72,72,72,72,72,72,72,72,72,72,72,72,72,72,72,72,72],"card_choices":[{"not_picked":["SashWhip","ClearTheMind"],"picked":"FlyingSleeves","floor":1},{"not_picked":["Replay:BluntJabs","ThirdEye"],"picked":"Swivel","floor":3},{"not_picked":["Replay:DivineShield","ThirdEye"],"picked":"Prostrate","floor":8},{"not_picked":["Adaptation","Crescendo","WaveOfTheHand"],"picked":"SKIP","floor":11},{"not_picked":["Replay:ManipulateFuture","ThirdEye"],"picked":"SignatureMove","floor":12},{"not_picked":["PathToVictory","SignatureMove"],"picked":"Consecrate","floor":14},{"not_picked":["Scrawl","Vault"],"picked":"Replay:LoomingThreat","floor":16},{"not_picked":["Crescendo","Vengeance"],"picked":"Pray+1","floor":18},{"not_picked":["FearNoEvil","Replay:AtTheReady"],"picked":"JustLucky","floor":19},{"not_picked":["BattleHymn","Crescendo"],"picked":"JustLucky","floor":20}],"player_experience":747129,"relics_obtained":[{"floor":8,"key":"StoneCalendar"},{"floor":9,"key":"ReplayTheSpireMod:Lightbulb"},{"floor":12,"key":"Mirror"},{"floor":14,"key":"Replay:WaspNest"}],"event_choices":[{"damage_healed":0,"gold_gain":175,"player_choice":"AGREE","damage_taken":0,"max_hp_gain":0,"max_hp_loss":0,"event_name":"Liars Game","floor":2,"gold_loss":0,"cards_obtained":["Doubt"]},{"damage_healed":0,"gold_gain":0,"player_choice":"Disagree","damage_taken":0,"max_hp_gain":0,"max_hp_loss":0,"event_name":"conspire:LoneGhost","floor":5,"gold_loss":0}],"is_beta":false,"boss_relics":[{"not_picked":["conspire:RoyalGoblet","hubris:TerracottaHorce"],"picked":"Black Star"}],"items_purged_floors":[4],"is_endless":false,"potions_floor_spawned":[1,3,11,18],"killed_by":"Chosen and Byrds","ascension_level":0}}