{"host":"9viy3memdfgcf4vy","time":1612978940,"event":{"mods":["BaseMod","Colored Map","Downfall","Minty Spire (QoL Compilation)","StSLib"],"gold_per_floor":[99,99,99,99,99,117,117,292,324,84,94,123,123,141,160,237,237,237,249,249,259,275,301,301,301,329,345,345,345,372,63,81,160,160,60,74,174,34,54,96,96,122,150,62,103,133,145,176,198,210],"floor_reached":51,"language":"ENG","playtime":7967,"items_purged":["Doubt","Slimebound:Strike_Slimebound","downfall:Bewildered"],"score":1329,"play_id":"49872780-8fee-4931-8b0f-c20726270fee","local_time":"20210210194220","is_ascension_mode":true,"campfire_choices":[{"data":"Slimebound:Split","floor":1,"key":"SMITH"},{"data":"Slimebound:Darklings","floor":18,"key":"SMITH"},{"data":"Slimebound:OneTwoCombo","floor":28,"key":"SMITH"},{"floor":35,"key":"RECALL"},{"data":"Apotheosis","floor":44,"key":"SMITH"}],"circlet_count":0,"master_deck":["AscendersBane","Slimebound:Strike_Slimebound","Slimebound:Tackle","Slimebound:Defend_Slimebound","Slimebound:Defend_Slimebound","Slimebound:Defend_Slimebound","Slimebound:Defend_Slimebound","Slimebound:Split+1","Slimebound:CorrosiveSpit","Slimebound:SplitMire","Slimebound:SamplingLick","Slimebound:MassFeed","Slimebound:SpikyOuterGoop","Slimebound:OneTwoCombo+1","Slimebound:LeechEnergy","Slimebound:Darklings+1","Slimebound:AcidTongue+1","Slimebound:ForwardTackle+1","Slimebound:MegaLick+1","Slimebound:HauntingLick","Blind","Slimebound:Prepare","Slimebound:LeechLife","Slimebound:SlimeSpikes","Slimebound:PressTheAttack","Apotheosis+1","Slimebound:ForwardTackle","Slimebound:SelfFormingGoo","Slimebound:ForwardTackle","Slimebound:LeadByExample","Parasite","Slimebound:SlimeBarrage"],"relics":["Slimebound:AbsorbEndCombat","downfall:HeartsMalice","Du-Vu Doll","Incense Burner","Anchor","Kunai","downfall:ShatteredFragment","Astrolabe","Ginger","Pantograph","Oddly Smooth Stone","sneckomod:BabySnecko","Turnip","Busted Crown","downfall:HeartBlessingGreen","Potion Belt","Bronze Scales","Toolbox","MawBank","downfall:HeartBlessingRed","Mummified Hand"],"acts_visited":["Exordium","TheCity","TheBeyond"],"potions_floor_usage":[23,30,33,49,50,50,50,50,50,50,50],"damage_taken":[{"damage":0,"enemies":"Small Slimes","floor":2,"turns":1},{"damage":0,"enemies":"Cultist","floor":3,"turns":1},{"damage":0,"enemies":"Jaw Worm","floor":4,"turns":1},{"damage":8,"enemies":"2 Fungi Beasts","floor":6,"turns":3},{"damage":13,"enemies":"Lagavulin","floor":9,"turns":7},{"damage":0,"enemies":"downfall:FleeingMerchant","floor":10,"turns":4},{"damage":0,"enemies":"Red Slaver","floor":11,"turns":3},{"damage":9,"enemies":"3 Sentries","floor":12,"turns":7},{"damage":0,"enemies":"Gremlin Gang","floor":14,"turns":2},{"damage":0,"enemies":"Exordium Wildlife","floor":15,"turns":2},{"damage":18,"enemies":"WA_ARCHETYPE_RETAIN","floor":16,"turns":7},{"damage":5,"enemies":"Shell Parasite","floor":19,"turns":4},{"damage":25,"enemies":"Spheric Guardian","floor":21,"turns":4},{"damage":11,"enemies":"Snake Plant","floor":22,"turns":2},{"damage":12,"enemies":"Gremlin Leader","floor":23,"turns":6},{"damage":7,"enemies":"Slavers","floor":26,"turns":4},{"damage":1,"enemies":"3 Cultists","floor":27,"turns":4},{"damage":21,"enemies":"Gremlin Leader","floor":30,"turns":4},{"damage":0,"enemies":"downfall:FleeingMerchant","floor":31,"turns":4},{"damage":4,"enemies":"Snecko","floor":32,"turns":4},{"damage":24,"enemies":"IC_MUSHROOM_ARCHETYPE","floor":33,"turns":7},{"damage":2,"enemies":"Orb Walker","floor":36,"turns":4},{"damage":3,"enemies":"downfall:LadyInBlue","floor":37,"turns":5},{"damage":13,"enemies":"downfall:FleeingMerchant","floor":38,"turns":4},{"damage":27,"enemies":"3 Darklings","floor":39,"turns":5},{"damage":4,"enemies":"downfall:FleeingMerchant","floor":40,"turns":3},{"damage":3,"enemies":"Nemesis","floor":42,"turns":5},{"damage":8,"enemies":"Spire Growth","floor":43,"turns":4},{"damage":29,"enemies":"Giant Head","floor":45,"turns":6},{"damage":14,"enemies":"Sphere and 2 Shapes","floor":46,"turns":3},{"damage":9,"enemies":"Writhing Mass","floor":48,"turns":4},{"damage":16,"enemies":"Jaw Worm Horde","floor":49,"turns":2},{"damage":42,"enemies":"SI_POISON_ARCHETYPE","floor":50,"turns":6}],"seed_played":"2853566870498757521","potions_obtained":[{"floor":5,"key":"SneckoOil"},{"floor":5,"key":"Explosive Potion"},{"floor":6,"key":"CultistPotion"},{"floor":22,"key":"Swift Potion"},{"floor":26,"key":"bronze:BurnAndBuffPotion"},{"floor":30,"key":"EntropicBrew"},{"floor":36,"key":"Slimebound:SlimedPotion"},{"floor":37,"key":"Slimebound:SpawnSlimePotion"},{"floor":37,"key":"PowerPotion"},{"floor":49,"key":"Block Potion"}],"is_trial":false,"path_per_floor":["R","M","M","M","?","M","T","?","E","$","M","E","?","M","M","B",null,"R","M","?","M","M","E","T","?","E","M","R","?","E","$","M","B",null,"R","M","?","$","M","$","T","E","M","R","E","M","$","M","M","B",null],"character_chosen":"SLIMEBOUND","items_purchased":["Anchor","Apotheosis","Bronze Scales","Toolbox"],"campfire_rested":0,"item_purchase_floors":[10,31,40,40],"current_hp_per_floor":[59,59,59,59,59,57,57,57,52,56,60,62,44,59,59,49,70,70,76,76,53,46,42,42,42,46,59,59,59,49,67,71,68,82,82,86,86,80,73,69,69,74,72,72,51,37,37,36,20,11],"gold":222,"neow_bonus":"THREE_ENEMY_KILL","is_daily":false,"chose_seed":false,"campfire_upgraded":4,"win_rate":0.0,"timestamp":1612978940,"path_taken":["R","M","M","M","?","?","T","?","E","$","M","E","?","M","M","BOSS","R","M","?","?","M","E","T","?","E","?","R","?","E","$","M","BOSS","R","M","?","$","M","?","T","E","M","R","E","?","$","M","M","BOSS"],"items_purchased_type":["Relic","Card","Relic","Relic"],"build_version":"2020-12-22","purchased_purges":3,"victory":true,"max_hp_per_floor":[65,65,65,65,65,65,65,65,65,65,65,68,68,77,77,77,77,77,80,80,80,80,80,80,80,83,83,83,83,86,86,86,86,86,86,86,86,86,86,86,86,86,86,86,86,86,86,86,86,86],"card_choices":[{"not_picked":["Slimebound:ItLooksTasty","Slimebound:HauntingLick"],"picked":"Slimebound:SplitMire","floor":2},{"not_picked":["Slimebound:GoopSpray","Slimebound:LeechEnergy"],"picked":"Slimebound:SamplingLick","floor":3},{"not_picked":["Slimebound:LeechEnergy","Slimebound:SplitBruiser"],"picked":"Slimebound:MassFeed","floor":4},{"not_picked":["Slimebound:Schlurp","Slimebound:DivideAndConquer"],"picked":"Slimebound:SpikyOuterGoop","floor":6},{"not_picked":["Slimebound:SlimeSpikes","Slimebound:LeechingTouch"],"picked":"Slimebound:OneTwoCombo","floor":9},{"not_picked":["Slimebound:RollThrough","Slimebound:Prepare"],"picked":"Slimebound:LeechEnergy","floor":10},{"not_picked":["Slimebound:PressTheAttack","Slimebound:SplitAcid"],"picked":"Slimebound:SplitLeeching","floor":11},{"not_picked":["Slimebound:LeechEnergy","Slimebound:SplitBruiser"],"picked":"Slimebound:SplitMire","floor":12},{"not_picked":["Slimebound:Grow","Slimebound:PressTheAttack","Slimebound:Prepare"],"picked":"SKIP","floor":14},{"not_picked":["Slimebound:ItLooksTasty","Slimebound:LivingWall"],"picked":"Slimebound:SplitMire","floor":15},{"not_picked":["Slimebound:MassFeed","Slimebound:OneTwoCombo"],"picked":"Slimebound:Darklings","floor":16},{"not_picked":["Slimebound:Repurpose","Slimebound:GoopTackle"],"picked":"Slimebound:HauntingLick","floor":19},{"not_picked":["Slimebound:SplitLeeching+1","Slimebound:Nibble","Slimebound:ViciousTackle+1"],"picked":"SKIP","floor":21},{"not_picked":["Slimebound:Schlurp","Slimebound:HauntingLick","Slimebound:SplitBruiser"],"picked":"SKIP","floor":22},{"not_picked":["Slimebound:SlimeTap","Slimebound:GoopSpray"],"picked":"Slimebound:Prepare","floor":23},{"not_picked":["Slimebound:SlimeBrawl","Slimebound:Schlurp"],"picked":"Slimebound:LeechLife","floor":26},{"not_picked":["Slimebound:Grow","Slimebound:Schlurp"],"picked":"Slimebound:SlimeSpikes","floor":27},{"not_picked":["Slimebound:Grow","Slimebound:SplitAcid","Slimebound:RollThrough"],"picked":"SKIP","floor":30},{"not_picked":["Slimebound:DisruptingSlam","Slimebound:RollThrough+1"],"picked":"Slimebound:PressTheAttack","floor":31},{"not_picked":["Slimebound:LeechingTouch","Slimebound:RollThrough"],"picked":"Slimebound:ForwardTackle","floor":32},{"not_picked":["Slimebound:FirmFortitude","Slimebound:DouseInSlime"],"picked":"Slimebound:SelfFormingGoo","floor":33},{"not_picked":["Slimebound:ComboTackle"],"picked":"SKIP","floor":36},{"not_picked":["Slimebound:GoopTackle+1"],"picked":"SKIP","floor":38},{"not_picked":[],"picked":"Slimebound:ForwardTackle","floor":39},{"not_picked":["Slimebound:SlimeTap"],"picked":"SKIP","floor":40},{"not_picked":["Slimebound:ProtectTheBoss"],"picked":"SKIP","floor":42},{"not_picked":["Slimebound:PressTheAttack"],"picked":"SKIP","floor":43},{"not_picked":[],"picked":"Slimebound:LeadByExample","floor":45},{"not_picked":["Slimebound:RainOfGoop"],"picked":"SKIP","floor":46},{"not_picked":[],"picked":"Slimebound:SlimeBarrage","floor":48},{"not_picked":["Slimebound:Recollect"],"picked":"SKIP","floor":49}],"player_experience":484533,"relics_obtained":[{"floor":7,"key":"Du-Vu Doll"},{"floor":9,"key":"Incense Burner"},{"floor":12,"key":"Kunai"},{"floor":23,"key":"Ginger"},{"floor":24,"key":"Pantograph"},{"floor":26,"key":"Oddly Smooth Stone"},{"floor":30,"key":"Turnip"},{"floor":37,"key":"Potion Belt"},{"floor":42,"key":"MawBank"},{"floor":45,"key":"Mummified Hand"}],"event_choices":[{"damage_healed":0,"gold_gain":0,"player_choice":"Got Potions","damage_taken":0,"max_hp_gain":0,"max_hp_loss":0,"event_name":"Lab","floor":5,"gold_loss":0},{"cards_removed":["Slimebound:Strike_Slimebound"],"damage_healed":0,"gold_gain":0,"player_choice":"Offered Basic","damage_taken":0,"max_hp_gain":0,"max_hp_loss":0,"event_name":"Bonfire Elementals","floor":25,"gold_loss":0}],"is_beta":false,"boss_relics":[{"not_picked":["Slimebound:TarBlob","SacredBark"],"picked":"Astrolabe"},{"not_picked":["Calling Bell","Pandora\u0027s Box"],"picked":"Busted Crown"}],"items_purged_floors":[10,31,38],"is_endless":false,"potions_floor_spawned":[6,11,12,15,21,22,26,30,36,37,42,45,49],"ascension_level":13}}