{"host":"8eqe2o2g03nh9rfw","time":1612998997,"event":{"mods":["AchievementEnabler","AlwaysNeverKeys","BaseMod","Better Third Choice","Block Reminder","Colored Map","Colored Powertips","GifTheSpireLib","Minty Spire (QoL Compilation)","Permanent Neow","Quick Restart","StSLib","Weighted Paths"],"gold_per_floor":[13,13,13,28,43,43,84,102,157,195,223,10,10,34,34,160,160,179,179,179,193,193,193,224,224,224,264,264,33,33,46,46,170,170,195,210,273,273,32,32,73,73,73,86,86,129,129,147,147,147,147],"floor_reached":50,"language":"ENG","playtime":3553,"items_purged":[],"score":644,"play_id":"73983b81-4a35-44a7-b3d4-425dfc85f94c","local_time":"20210210181637","is_ascension_mode":false,"campfire_choices":[{"data":"All Out Attack","floor":6,"key":"SMITH"},{"floor":13,"key":"REST"},{"floor":15,"key":"REST"},{"data":"After Image","floor":23,"key":"SMITH"},{"data":"Infinite Blades","floor":25,"key":"SMITH"},{"data":"Corpse Explosion","floor":30,"key":"SMITH"},{"floor":32,"key":"REST"},{"data":"After Image","floor":40,"key":"SMITH"},{"data":"Swift Strike","floor":42,"key":"SMITH"},{"floor":47,"key":"REST"},{"floor":49,"key":"REST"}],"circlet_count":0,"master_deck":["Strike_G","Strike_G","Strike_G","Strike_G","Strike_G+1","Defend_G","Defend_G","Defend_G","Defend_G","Defend_G","Survivor","Neutralize","Prepared","Injury","All Out Attack+1","Flying Knee","Caltrops","Escape Plan","Outmaneuver","Endless Agony","Panacea","Tactician","Noxious Fumes","Infinite Blades+1","After Image+1","Deflect+1","Backstab","Ghostly","Ghostly","Ghostly","Ghostly","Ghostly","Blade Dance+1","Corpse Explosion+1","Accuracy","Impatience","Finisher","Die Die Die","Heel Hook","Backstab","After Image+1","Swift Strike+1","Backstab+1","Underhanded Strike+1","Madness","Madness","Masterful Stab+1","Backflip"],"relics":["Ring of the Snake","Golden Idol","Gremlin Horn","Blood Vial","MealTicket","Odd Mushroom","Runic Pyramid","Pantograph","Mango","Unceasing Top","Potion Belt","TwistedFunnel","WristBlade","TungstenRod","Mercury Hourglass","Centennial Puzzle","Ginger","Meat on the Bone"],"acts_visited":["Exordium","TheCity","TheBeyond"],"potions_floor_usage":[10,11,21,24,27,35,37,37],"damage_taken":[{"damage":0,"enemies":"2 Louse","floor":1,"turns":4},{"damage":0,"enemies":"Small Slimes","floor":4,"turns":3},{"damage":0,"enemies":"Jaw Worm","floor":5,"turns":3},{"damage":27,"enemies":"Gremlin Nob","floor":7,"turns":5},{"damage":14,"enemies":"2 Fungi Beasts","floor":8,"turns":3},{"damage":19,"enemies":"3 Sentries","floor":10,"turns":4},{"damage":10,"enemies":"The Mushroom Lair","floor":11,"turns":3},{"damage":12,"enemies":"Looter","floor":14,"turns":3},{"damage":60,"enemies":"The Guardian","floor":16,"turns":11},{"damage":6,"enemies":"Spheric Guardian","floor":18,"turns":5},{"damage":26,"enemies":"2 Thieves","floor":21,"turns":4},{"damage":0,"enemies":"Slavers","floor":24,"turns":6},{"damage":17,"enemies":"Gremlin Leader","floor":27,"turns":7},{"damage":12,"enemies":"Centurion and Healer","floor":31,"turns":6},{"damage":34,"enemies":"Collector","floor":33,"turns":10},{"damage":2,"enemies":"Orb Walker","floor":35,"turns":3},{"damage":23,"enemies":"3 Darklings","floor":36,"turns":3},{"damage":18,"enemies":"Mind Bloom Boss Battle","floor":37,"turns":5},{"damage":0,"enemies":"Nemesis","floor":41,"turns":5},{"damage":3,"enemies":"Spire Growth","floor":44,"turns":6},{"damage":8,"enemies":"Reptomancer","floor":46,"turns":6},{"damage":23,"enemies":"Writhing Mass","floor":48,"turns":6},{"damage":61,"enemies":"Awakened One","floor":50,"turns":11}],"seed_played":"341167109369021300","potions_obtained":[{"floor":1,"key":"Strength Potion"},{"floor":7,"key":"Ancient Potion"},{"floor":16,"key":"Fire Potion"},{"floor":18,"key":"DistilledChaos"},{"floor":24,"key":"SkillPotion"},{"floor":33,"key":"ColorlessPotion"},{"floor":35,"key":"SkillPotion"},{"floor":36,"key":"PowerPotion"}],"is_trial":false,"path_per_floor":["M","?","?","M","M","R","E","M","T","E","?","$","R","M","R","B",null,"M","?","?","M","?","R","E","R","T","E","?","$","R","M","R","B",null,"M","M","?","?","$","R","E","R","T","M","?","E","R","M","R","B"],"character_chosen":"THE_SILENT","items_purchased":["Panacea","Tactician","Noxious Fumes","TwistedFunnel","Impatience","Mercury Hourglass"],"campfire_rested":5,"item_purchase_floors":[12,12,12,29,29,39],"current_hp_per_floor":[84,84,84,84,84,84,57,43,43,26,18,33,58,48,73,15,84,78,69,69,45,42,42,56,56,56,39,39,54,54,44,56,22,56,54,33,38,38,53,53,55,55,55,53,47,41,56,33,49,0,0],"gold":147,"neow_bonus":"TWENTY_PERCENT_HP_BONUS","is_daily":false,"chose_seed":false,"campfire_upgraded":6,"win_rate":0.0,"timestamp":1612998997,"path_taken":["M","?","?","M","M","R","E","M","T","E","?","$","R","?","R","BOSS","M","?","?","M","?","R","E","R","T","E","?","$","R","M","R","BOSS","M","M","?","?","?","R","E","R","T","?","?","E","R","M","R","BOSS"],"items_purchased_type":["Card","Card","Card","Relic","Card","Relic"],"build_version":"2020-12-22","purchased_purges":0,"victory":false,"max_hp_per_floor":[84,84,84,84,84,84,84,84,84,84,84,84,84,84,84,84,84,84,84,84,84,42,42,56,56,56,56,56,56,56,56,56,56,56,56,56,56,56,56,56,56,56,56,56,56,56,56,56,56,56,56],"card_choices":[{"not_picked":["Sucker Punch","Flying Knee"],"picked":"Prepared","floor":1},{"not_picked":["Acrobatics","Dagger Throw"],"picked":"All Out Attack","floor":4},{"not_picked":["Deflect","Flechettes"],"picked":"Flying Knee","floor":5},{"not_picked":["Poisoned Stab","Footwork"],"picked":"Caltrops","floor":7},{"not_picked":["Dagger Throw","Sucker Punch"],"picked":"Escape Plan","floor":8},{"not_picked":["Catalyst","Finisher"],"picked":"Outmaneuver","floor":10},{"not_picked":["Bane","Backflip"],"picked":"Endless Agony","floor":11},{"not_picked":["Outmaneuver","Prepared"],"picked":"Infinite Blades","floor":14},{"not_picked":["Burst","Die Die Die"],"picked":"After Image","floor":16},{"not_picked":["Deadly Poison","Sucker Punch"],"picked":"Deflect+1","floor":18},{"not_picked":["Catalyst+1","Predator"],"picked":"Backstab","floor":21},{"not_picked":["Riddle With Holes","Expertise"],"picked":"Blade Dance+1","floor":24},{"not_picked":["Distraction","Tools of the Trade"],"picked":"Corpse Explosion","floor":27},{"not_picked":["PiercingWail","Flying Knee+1"],"picked":"Finisher","floor":31},{"not_picked":["Corpse Explosion","Malaise"],"picked":"Die Die Die","floor":33},{"not_picked":["Outmaneuver","Prepared+1"],"picked":"Heel Hook","floor":35},{"not_picked":["PiercingWail","Acrobatics"],"picked":"Backstab","floor":36},{"not_picked":["Dodge and Roll","Reflex+1"],"picked":"After Image","floor":37},{"not_picked":["Mayhem","Mind Blast"],"picked":"Swift Strike","floor":38},{"not_picked":["Bane","Phantasmal Killer"],"picked":"Backstab+1","floor":41},{"not_picked":["Deadly Poison+1","Choke+1"],"picked":"Underhanded Strike+1","floor":44},{"not_picked":["Deflect","Flying Knee"],"picked":"Masterful Stab+1","floor":46},{"not_picked":["Cloak And Dagger","Accuracy"],"picked":"Backflip","floor":48}],"player_experience":101447,"relics_obtained":[{"floor":7,"key":"Gremlin Horn"},{"floor":9,"key":"Blood Vial"},{"floor":10,"key":"MealTicket"},{"floor":11,"key":"Odd Mushroom"},{"floor":24,"key":"Mango"},{"floor":26,"key":"Unceasing Top"},{"floor":27,"key":"Potion Belt"},{"floor":37,"key":"TungstenRod"},{"floor":41,"key":"Centennial Puzzle"},{"floor":43,"key":"Ginger"},{"floor":46,"key":"Meat on the Bone"}],"event_choices":[{"damage_healed":0,"gold_gain":0,"player_choice":"Take Wound","damage_taken":0,"relics_obtained":["Golden Idol"],"max_hp_gain":0,"max_hp_loss":0,"event_name":"Golden Idol","floor":2,"gold_loss":0,"cards_obtained":["Injury"]},{"damage_healed":0,"gold_gain":0,"player_choice":"Grow","damage_taken":0,"max_hp_gain":0,"max_hp_loss":0,"event_name":"Living Wall","floor":3,"gold_loss":0,"cards_upgraded":["Strike_G"]},{"damage_healed":0,"gold_gain":0,"player_choice":"Fought Mushrooms","damage_taken":0,"max_hp_gain":0,"max_hp_loss":0,"event_name":"Mushrooms","floor":11,"gold_loss":0},{"damage_healed":0,"gold_gain":0,"player_choice":"Stopped","damage_taken":9,"max_hp_gain":0,"max_hp_loss":0,"event_name":"Cursed Tome","floor":19,"gold_loss":0},{"damage_healed":0,"gold_gain":0,"player_choice":"Opened","damage_taken":0,"relics_obtained":["Pantograph"],"max_hp_gain":0,"max_hp_loss":0,"event_name":"The Mausoleum","floor":20,"gold_loss":0},{"damage_healed":0,"gold_gain":0,"player_choice":"Became a Ghost","damage_taken":0,"max_hp_gain":0,"max_hp_loss":42,"event_name":"Ghosts","floor":22,"gold_loss":0,"cards_obtained":["Ghostly","Ghostly","Ghostly","Ghostly","Ghostly"]},{"damage_healed":0,"gold_gain":0,"player_choice":"Read","damage_taken":0,"max_hp_gain":0,"max_hp_loss":0,"event_name":"The Library","floor":28,"gold_loss":0,"cards_obtained":["Accuracy"]},{"damage_healed":0,"gold_gain":0,"player_choice":"Fight","damage_taken":0,"max_hp_gain":0,"max_hp_loss":0,"event_name":"MindBloom","floor":37,"gold_loss":0},{"damage_healed":0,"gold_gain":0,"player_choice":"Memory 1","damage_taken":0,"max_hp_gain":0,"max_hp_loss":0,"event_name":"SensoryStone","floor":38,"gold_loss":0},{"damage_healed":0,"gold_gain":0,"player_choice":"Embrace Madness","damage_taken":7,"max_hp_gain":0,"max_hp_loss":0,"event_name":"Winding Halls","floor":45,"gold_loss":0,"cards_obtained":["Madness","Madness"]}],"is_beta":false,"boss_relics":[{"not_picked":["Busted Crown","Runic Dome"],"picked":"Runic Pyramid"},{"not_picked":["Cursed Key","Tiny House"],"picked":"WristBlade"}],"items_purged_floors":[],"is_endless":false,"potions_floor_spawned":[1,7,16,18,24,33,35,36],"killed_by":"Awakened One","ascension_level":0}}