{"host":"344lv32hnei0mdhu","time":1612950065,"event":{"mods":["Act Like it!","BaseMod","Better Match","Better Sensory Stone","Better Skull","Better Third Choice","Better Vampires","Colored Powertips","Highlight Path","Minty Spire (QoL Compilation)","Quick Restart","Random Character Button","Rare Cards Sparkle","StSLib"],"gold_per_floor":[110,32,32,32,32,75,446,479,479,479,503,543,543,562,562,685,685,708,708,321,335,349,349,388,388,413,413,426,426,426,449,449,579,579,603,603,603,603,616,616,660,268,268,16,16,16,16,34,34,34,34,34,34,34,34],"floor_reached":54,"language":"ENG","playtime":2265,"items_purged":["Injury","Strike_B","Strike_B"],"score":1192,"play_id":"f2caffff-5972-4820-97b3-3039881b11ef","local_time":"20210210034103","is_ascension_mode":true,"campfire_choices":[{"floor":13.0,"key":"REST"},{"data":"Defragment","floor":15.0,"key":"SMITH"},{"data":"Buffer","floor":23.0,"key":"SMITH"},{"floor":25.0,"key":"REST"},{"floor":29.0,"key":"REST"},{"floor":32.0,"key":"REST"},{"floor":40.0,"key":"RECALL"},{"data":"Echo Form","floor":46.0,"key":"SMITH"},{"floor":49.0,"key":"REST"},{"data":"Buffer","floor":52,"key":"SMITH"}],"circlet_count":0,"master_deck":["AscendersBane","Defend_B","Defend_B","Defend_B","Defend_B+1","Zap","Dualcast","Glacier","Defragment+1","Secret Weapon","Rainbow","Capacitor","Capacitor","Buffer+1","Glacier+1","Seek","Genetic Algorithm","Loop","Beam Cell","Electrodynamics","White Noise","Ball Lightning+1","Echo Form+1","CurseOfTheBell","Buffer+1","Self Repair","Loop","Loop","Doubt"],"relics":["Cracked Core","NeowsBlessing","Golden Idol","Lantern","Odd Mushroom","Pantograph","Calipers","Akabeko","Empty Cage","Nloth\u0027s Gift","Incense Burner","Cables","Calling Bell","Turnip","Bag of Preparation","The Courier","Boot","War Paint","Strawberry","Darkstone Periapt","Oddly Smooth Stone"],"acts_visited":["Exordium","TheCity","TheBeyond","TheEnding"],"potions_floor_usage":[],"damage_taken":[{"damage":0.0,"enemies":"Cultist","floor":1.0,"turns":1.0},{"damage":0.0,"enemies":"3 Sentries","floor":6.0,"turns":1.0},{"damage":0.0,"enemies":"3 Sentries","floor":7.0,"turns":1.0},{"damage":38.0,"enemies":"The Mushroom Lair","floor":8.0,"turns":5.0},{"damage":7.0,"enemies":"Jaw Worm","floor":11.0,"turns":4.0},{"damage":25.0,"enemies":"Gremlin Nob","floor":12.0,"turns":6.0},{"damage":0.0,"enemies":"2 Louse","floor":14.0,"turns":2.0},{"damage":0.0,"enemies":"Slime Boss","floor":16.0,"turns":8.0},{"damage":7.0,"enemies":"Spheric Guardian","floor":18.0,"turns":3.0},{"damage":3.0,"enemies":"Shell Parasite","floor":21.0,"turns":8.0},{"damage":13.0,"enemies":"Snake Plant","floor":22.0,"turns":5.0},{"damage":42.0,"enemies":"Slavers","floor":24.0,"turns":7.0},{"damage":23.0,"enemies":"Centurion and Healer","floor":28.0,"turns":5.0},{"damage":0.0,"enemies":"Snecko","floor":31.0,"turns":6.0},{"damage":16.0,"enemies":"Collector","floor":33.0,"turns":11.0},{"damage":2.0,"enemies":"Orb Walker","floor":35.0,"turns":7.0},{"damage":19.0,"enemies":"3 Shapes","floor":39.0,"turns":3.0},{"damage":21.0,"enemies":"Nemesis","floor":41.0,"turns":9.0},{"damage":21.0,"enemies":"Spire Growth","floor":48.0,"turns":8.0},{"damage":27,"enemies":"Donu and Deca","floor":50,"turns":11},{"damage":141,"enemies":"Shield and Spear","floor":54,"turns":9}],"seed_played":"-2732388958347565076","potions_obtained":[{"floor":1.0,"key":"BlessingOfTheForge"},{"floor":11.0,"key":"Fruit Juice"},{"floor":12.0,"key":"LiquidBronze"},{"floor":18.0,"key":"Explosive Potion"},{"floor":24.0,"key":"SkillPotion"},{"floor":30.0,"key":"PowerPotion"},{"floor":30.0,"key":"AttackPotion"},{"floor":35.0,"key":"LiquidBronze"},{"floor":39.0,"key":"GamblersBrew"}],"is_trial":false,"path_per_floor":["M","$","?","$","?","E","?","?","T","?","M","E","R","M","R","B",null,"M","?","$","M","M","R","E","R","T","?","M","R","?","M","R","B",null,"M","?","?","T","M","R","E","$","T","$","?","R","?","M","R","B",null,"R","$","E"],"character_chosen":"DEFECT","items_purchased":["Defragment","Incense Burner","Strawberry","Self Repair","Loop","FairyPotion","Oddly Smooth Stone","Loop"],"campfire_rested":5,"item_purchase_floors":[2,20,42,42,42,42,44,44],"current_hp_per_floor":[68,68,68,68,68,68,68,30,30,30,28,3,27,27,27,52,73,66,66,66,63,50,50,8,32,32,32,9,33,33,33,57,64,76,74,74,74,74,55,55,34,41,41,41,89,89,89,75,89,69,84,84,84,0,0],"gold":34,"neow_bonus":"THREE_ENEMY_KILL","is_daily":false,"chose_seed":false,"campfire_upgraded":4,"win_rate":0.0,"timestamp":1612950063,"path_taken":["M","$","?","$","?","E","?","?","T","?","M","E","R","M","R","BOSS","M","?","$","M","?","R","E","R","T","?","M","R","?","?","R","BOSS","M","?","?","?","?","R","E","?","T","$","?","R","?","M","R","BOSS","R","$","E"],"items_purchased_type":["Card","Relic","Relic","Card","Card","Potion","Relic","Card"],"build_version":"2020-12-22","purchased_purges":3,"victory":false,"max_hp_per_floor":[75,75,75,75,75,75,75,75,75,75,80,80,80,80,80,80,80,80,80,80,80,80,80,80,80,80,80,80,80,80,80,80,80,80,80,76,76,76,76,76,76,83,83,83,89,89,89,89,89,89,89,89,89,89,89],"card_choices":[{"not_picked":["Skim","Conserve Battery"],"picked":"Glacier","floor":1.0},{"not_picked":["Enlightenment","Flash of Steel"],"picked":"Secret Weapon","floor":3.0},{"not_picked":["Chaos","Leap"],"picked":"Rainbow","floor":6.0},{"not_picked":["Sweeping Beam","Barrage"],"picked":"Capacitor","floor":7.0},{"not_picked":["Stack","Lockon"],"picked":"Capacitor","floor":8.0},{"not_picked":["Turbo","Scrape"],"picked":"Barrage","floor":11.0},{"not_picked":["Fission","Scrape"],"picked":"Buffer","floor":12.0},{"not_picked":["Gash","Ball Lightning"],"picked":"Glacier","floor":14.0},{"not_picked":["Thunder Strike","Fission"],"picked":"Seek","floor":16.0},{"not_picked":["Coolheaded","Ball Lightning"],"picked":"Genetic Algorithm","floor":18.0},{"not_picked":["Leap","Hello World"],"picked":"Loop","floor":21.0},{"not_picked":["Rebound+1","Glacier"],"picked":"Beam Cell","floor":22.0},{"not_picked":["Redo","All For One"],"picked":"Electrodynamics","floor":24.0},{"not_picked":["Auto Shields","Barrage"],"picked":"White Noise","floor":28.0},{"not_picked":["Beam Cell","Turbo+1"],"picked":"Ball Lightning+1","floor":31.0},{"not_picked":["Biased Cognition","Multi-Cast"],"picked":"Echo Form","floor":33.0},{"not_picked":["Rebound+1","Redo","Compile Driver"],"picked":"SKIP","floor":35.0},{"not_picked":["Recycle","Leap+1","Sweeping Beam"],"picked":"SKIP","floor":39.0},{"not_picked":["Blizzard","Heatsinks+1"],"picked":"Buffer","floor":41.0},{"not_picked":["Cold Snap+1","Leap","FTL"],"picked":"SKIP","floor":48.0}],"player_experience":426247,"relics_obtained":[{"floor":6.0,"key":"Lantern"},{"floor":7.0,"key":"Old Coin"},{"floor":8.0,"key":"Odd Mushroom"},{"floor":9.0,"key":"Pantograph"},{"floor":12.0,"key":"Akabeko"},{"floor":24.0,"key":"Cables"},{"floor":34.0,"key":"Turnip"},{"floor":34.0,"key":"Bag of Preparation"},{"floor":34.0,"key":"The Courier"},{"floor":38.0,"key":"Boot"},{"floor":41.0,"key":"War Paint"},{"floor":43.0,"key":"Darkstone Periapt"}],"event_choices":[{"damage_healed":0.0,"max_hp_gain":0.0,"max_hp_loss":0.0,"gold_gain":1.0,"event_name":"betterStone:BetterStone","player_choice":"1","floor":3.0,"gold_loss":0.0,"damage_taken":0.0},{"damage_healed":0.0,"max_hp_gain":0.0,"max_hp_loss":0.0,"gold_gain":0.0,"event_name":"Golden Idol","player_choice":"Take Wound","floor":5.0,"gold_loss":0.0,"damage_taken":0.0,"relics_obtained":["Golden Idol"],"cards_obtained":["Injury"]},{"damage_healed":0.0,"max_hp_gain":0.0,"max_hp_loss":0.0,"gold_gain":0.0,"event_name":"Dead Adventurer","player_choice":"Searched \u00271\u0027 times","floor":7.0,"gold_loss":0.0,"damage_taken":0.0},{"damage_healed":0.0,"max_hp_gain":0.0,"max_hp_loss":0.0,"gold_gain":0.0,"event_name":"Mushrooms","player_choice":"Fought Mushrooms","floor":8.0,"gold_loss":0.0,"damage_taken":0.0},{"damage_healed":0.0,"max_hp_gain":0.0,"max_hp_loss":0.0,"gold_gain":0.0,"event_name":"WeMeetAgain","player_choice":"Gave Potion","floor":10.0,"gold_loss":0.0,"damage_taken":0.0,"relics_obtained":["Calipers"]},{"damage_healed":0.0,"max_hp_gain":0.0,"max_hp_loss":0.0,"gold_gain":0.0,"event_name":"N\u0027loth","player_choice":"Traded Relic","floor":19.0,"relics_lost":["Old Coin"],"gold_loss":0.0,"damage_taken":0.0,"relics_obtained":["Nloth\u0027s Gift"]},{"damage_healed":0.0,"max_hp_gain":0.0,"max_hp_loss":0.0,"gold_gain":0.0,"event_name":"Cursed Tome","player_choice":"Ignored","floor":27.0,"gold_loss":0.0,"damage_taken":0.0},{"damage_healed":0.0,"max_hp_gain":0.0,"max_hp_loss":0.0,"gold_gain":0.0,"event_name":"Lab","player_choice":"Got Potions","floor":30.0,"gold_loss":0.0,"damage_taken":0.0},{"damage_healed":0.0,"max_hp_gain":0.0,"max_hp_loss":4.0,"gold_gain":0.0,"event_name":"Winding Halls","player_choice":"Max HP","floor":36.0,"gold_loss":0.0,"damage_taken":0.0},{"damage_healed":0.0,"max_hp_gain":0.0,"max_hp_loss":0.0,"gold_gain":0.0,"event_name":"Mysterious Sphere","player_choice":"Ignored","floor":37.0,"gold_loss":0.0,"damage_taken":0.0},{"damage_healed":42.0,"max_hp_gain":0.0,"max_hp_loss":0.0,"gold_gain":0.0,"event_name":"MindBloom","player_choice":"Heal","floor":45.0,"gold_loss":0.0,"damage_taken":0.0,"cards_obtained":["Doubt"]},{"cards_removed":["Barrage"],"damage_healed":0.0,"max_hp_gain":0.0,"max_hp_loss":0.0,"gold_gain":0.0,"event_name":"Falling","player_choice":"Removed Attack","floor":47.0,"gold_loss":0.0,"damage_taken":0.0}],"is_beta":false,"boss_relics":[{"not_picked":["SlaversCollar","Astrolabe"],"picked":"Empty Cage"},{"not_picked":["Inserter","Runic Pyramid"],"picked":"Calling Bell"}],"items_purged_floors":[20,42,44],"is_endless":false,"potions_floor_spawned":[1,11,12,18,24,35,39],"killed_by":"Shield and Spear","ascension_level":11}}