{"host":"bnpj5ln693dhfj4y","time":1612982047,"event":{"mods":["AchievementEnabler","BaseMod","Colored Map","Colored Powertips","DeckTracker","Highlight Path","Minty Spire (QoL Compilation)","Weighted Paths"],"gold_per_floor":[119,119,119,136,150,175,185,213,213,213,243,243,275,289,289,393,393,413,444,459,474,49,49,76,76,101,101,135,154,154,15,15,112,412,432,445,445,462,481,509,509,519,519,547,576,576,64,96,96,96,96,96,48,78,78,78],"floor_reached":55,"language":"ENG","playtime":5101,"items_purged":["Strike_R","Heavy Blade","Strike_R"],"score":1151,"play_id":"6cfb2960-3a22-4ef3-85a1-c0b4d62e34e9","local_time":"20210210193407","is_ascension_mode":true,"campfire_choices":[{"data":"Inflame","floor":10,"key":"SMITH"},{"data":"Uppercut","floor":15,"key":"SMITH"},{"data":"Demon Form","floor":23,"key":"SMITH"},{"floor":27,"key":"REST"},{"data":"Whirlwind","floor":30,"key":"SMITH"},{"floor":32,"key":"REST"},{"data":"Fiend Fire","floor":41,"key":"SMITH"},{"floor":46,"key":"RECALL"},{"floor":49,"key":"REST"},{"data":"Pommel Strike","floor":52,"key":"SMITH"}],"circlet_count":0,"master_deck":["Strike_R","Strike_R+1","Strike_R+1","Defend_R+1","Defend_R+1","Defend_R","Defend_R","Bash+1","Whirlwind+1","Inflame+1","Iron Wave+1","Pommel Strike+1","Shrug It Off+1","Disarm+1","Rage+1","Uppercut+1","Demon Form+1","Twin Strike+1","Iron Wave+1","Forethought+1","True Grit+1","Heavy Blade+1","Battle Trance+1","Seeing Red+1","Fiend Fire+1","CurseOfTheBell","Intimidate+1","Evolve+1","Offering+1"],"relics":["Burning Blood","NeowsBlessing","PreservedInsect","Meat on the Bone","Toxic Egg 2","Mercury Hourglass","Blue Candle","Pantograph","Runic Pyramid","Red Mask","Matryoshka","HornCleat","Anchor","War Paint","WingedGreaves","Calling Bell","Boot","Shuriken","Old Coin","MealTicket","Juzu Bracelet","Eternal Feather","Whetstone","Happy Flower","Du-Vu Doll","Potion Belt","Orichalcum"],"acts_visited":["Exordium","TheCity","TheBeyond","TheEnding"],"potions_floor_usage":[6,6,13,16,19,20,33,33,44,50,54],"damage_taken":[{"damage":0,"enemies":"Jaw Worm","floor":1,"turns":1},{"damage":0,"enemies":"Small Slimes","floor":4,"turns":1},{"damage":0,"enemies":"Cultist","floor":5,"turns":1},{"damage":8,"enemies":"Gremlin Nob","floor":6,"turns":3},{"damage":11,"enemies":"Exordium Thugs","floor":7,"turns":4},{"damage":35,"enemies":"3 Sentries","floor":8,"turns":6},{"damage":4,"enemies":"Gremlin Nob","floor":11,"turns":3},{"damage":11,"enemies":"Lagavulin","floor":13,"turns":4},{"damage":19,"enemies":"Exordium Wildlife","floor":14,"turns":5},{"damage":6,"enemies":"The Guardian","floor":16,"turns":9},{"damage":8,"enemies":"Chosen","floor":18,"turns":6},{"damage":24,"enemies":"Masked Bandits","floor":19,"turns":5},{"damage":8,"enemies":"Spheric Guardian","floor":20,"turns":3},{"damage":31,"enemies":"Centurion and Healer","floor":21,"turns":6},{"damage":25,"enemies":"Slavers","floor":24,"turns":5},{"damage":31,"enemies":"Gremlin Leader","floor":28,"turns":6},{"damage":3,"enemies":"Snake Plant","floor":29,"turns":5},{"damage":10,"enemies":"Champ","floor":33,"turns":8},{"damage":8,"enemies":"3 Darklings","floor":35,"turns":6},{"damage":0,"enemies":"Orb Walker","floor":36,"turns":3},{"damage":27,"enemies":"3 Darklings","floor":38,"turns":6},{"damage":10,"enemies":"Jaw Worm Horde","floor":39,"turns":5},{"damage":18,"enemies":"Nemesis","floor":40,"turns":5},{"damage":17,"enemies":"Transient","floor":42,"turns":5},{"damage":36,"enemies":"Giant Head","floor":44,"turns":7},{"damage":0,"enemies":"Nemesis","floor":45,"turns":3},{"damage":49,"enemies":"Reptomancer","floor":48,"turns":6},{"damage":33,"enemies":"Donu and Deca","floor":50,"turns":6},{"damage":27,"enemies":"Shield and Spear","floor":54,"turns":5},{"damage":81,"enemies":"The Heart","floor":55,"turns":5}],"seed_played":"-3802264672219166479","potions_obtained":[{"floor":1,"key":"LiquidMemories"},{"floor":4,"key":"SteroidPotion"},{"floor":8,"key":"LiquidMemories"},{"floor":11,"key":"SteroidPotion"},{"floor":14,"key":"Energy Potion"},{"floor":18,"key":"Ancient Potion"},{"floor":19,"key":"Explosive Potion"},{"floor":21,"key":"ElixirPotion"},{"floor":29,"key":"DuplicationPotion"},{"floor":38,"key":"BlessingOfTheForge"},{"floor":40,"key":"GamblersBrew"},{"floor":44,"key":"SpeedPotion"}],"is_trial":false,"path_per_floor":["M","?","?","M","M","E","M","E","T","R","E","T","E","M","R","B",null,"M","?","M","M","$","R","E","?","T","R","E","M","R","$","R","B",null,"M","M","?","M","M","E","R","M","T","E","E","R","$","E","R","B",null,"R","$","E","B"],"character_chosen":"IRONCLAD","items_purchased":["Matryoshka","Forethought+1","Seeing Red+1","Du-Vu Doll","Dexterity Potion","Swift Potion","SpeedPotion"],"campfire_rested":3,"item_purchase_floors":[22,22,31,47,47,47,53],"current_hp_per_floor":[78,62,62,68,74,72,67,38,38,38,52,52,47,46,46,71,78,76,58,56,43,43,43,36,36,36,60,47,50,50,50,74,76,79,77,80,80,59,55,55,55,56,56,38,56,74,80,49,80,53,73,80,80,59,0,0],"gold":78,"neow_bonus":"THREE_ENEMY_KILL","is_daily":false,"chose_seed":false,"campfire_upgraded":6,"win_rate":0.0,"timestamp":1612982047,"path_taken":["M","?","?","?","M","E","M","E","T","R","E","?","E","M","R","BOSS","M","?","M","M","$","R","E","?","T","R","E","M","R","?","R","BOSS","M","M","?","M","?","E","R","M","T","E","E","R","$","E","R","BOSS","R","$","E","BOSS"],"items_purchased_type":["Relic","Card","Card","Relic","Potion","Potion","Potion"],"build_version":"2020-12-22","purchased_purges":3,"victory":false,"max_hp_per_floor":[80,80,80,80,80,80,80,80,80,80,80,80,80,80,80,80,80,80,80,80,80,80,80,80,80,80,80,80,80,80,80,80,80,80,80,80,80,80,80,80,80,80,80,80,80,80,80,80,80,80,80,80,80,80,80,80],"card_choices":[{"not_picked":["Iron Wave","Pummel"],"picked":"Whirlwind","floor":1},{"not_picked":["Wild Strike","Flex"],"picked":"Inflame","floor":4},{"not_picked":["Burning Pact","Warcry"],"picked":"Iron Wave","floor":5},{"not_picked":["Sentinel","Twin Strike"],"picked":"Pommel Strike","floor":6},{"not_picked":["Havoc","Whirlwind","Sword Boomerang"],"picked":"SKIP","floor":7},{"not_picked":["Warcry","Headbutt"],"picked":"Shrug It Off","floor":8},{"not_picked":["Cleave","Sever Soul"],"picked":"Disarm+1","floor":11},{"not_picked":["Armaments+1","Hemokinesis"],"picked":"Rage+1","floor":13},{"not_picked":["Shockwave+1","Iron Wave"],"picked":"Uppercut","floor":14},{"not_picked":["Reaper","Immolate"],"picked":"Demon Form","floor":16},{"not_picked":["Clothesline","Havoc+1"],"picked":"Twin Strike+1","floor":18},{"not_picked":["Havoc+1","Perfected Strike"],"picked":"Heavy Blade","floor":20},{"not_picked":["Pommel Strike","Shrug It Off+1"],"picked":"Iron Wave+1","floor":21},{"not_picked":["Anger","Perfected Strike"],"picked":"True Grit+1","floor":24},{"not_picked":["Clash+1","Clothesline+1"],"picked":"Heavy Blade+1","floor":28},{"not_picked":["Shockwave+1","Entrench+1"],"picked":"Battle Trance+1","floor":29},{"not_picked":["Brutality","Juggernaut"],"picked":"Fiend Fire","floor":33},{"not_picked":["Searing Blow+1","Heavy Blade","Seeing Red+1"],"picked":"SKIP","floor":35},{"not_picked":["Headbutt","Thunderclap"],"picked":"Intimidate+1","floor":36},{"not_picked":["Feed","Heavy Blade","Wild Strike+1"],"picked":"SKIP","floor":38},{"not_picked":["Thunderclap","Pommel Strike","Anger+1"],"picked":"SKIP","floor":39},{"not_picked":["Anger+1","Brutality","Seeing Red+1"],"picked":"SKIP","floor":40},{"not_picked":["Pommel Strike+1","Clash+1"],"picked":"Evolve+1","floor":42},{"not_picked":["Havoc+1","Headbutt+1"],"picked":"Offering+1","floor":44},{"not_picked":["Twin Strike","Anger","Cleave"],"picked":"SKIP","floor":45},{"not_picked":["Anger","Havoc+1","Twin Strike"],"picked":"SKIP","floor":48},{"not_picked":["Havoc+1","Dropkick","Clothesline+1"],"picked":"SKIP","floor":54}],"player_experience":376289,"relics_obtained":[{"floor":6,"key":"PreservedInsect"},{"floor":8,"key":"Meat on the Bone"},{"floor":9,"key":"Toxic Egg 2"},{"floor":11,"key":"Mercury Hourglass"},{"floor":12,"key":"Blue Candle"},{"floor":13,"key":"Pantograph"},{"floor":19,"key":"Red Mask"},{"floor":24,"key":"HornCleat"},{"floor":26,"key":"Anchor"},{"floor":26,"key":"War Paint"},{"floor":28,"key":"WingedGreaves"},{"floor":34,"key":"Boot"},{"floor":34,"key":"Shuriken"},{"floor":34,"key":"Old Coin"},{"floor":40,"key":"Juzu Bracelet"},{"floor":43,"key":"Eternal Feather"},{"floor":44,"key":"Whetstone"},{"floor":45,"key":"Happy Flower"},{"floor":48,"key":"Potion Belt"},{"floor":54,"key":"Orichalcum"}],"event_choices":[{"damage_healed":0,"gold_gain":0,"player_choice":"Entered Light","damage_taken":16,"max_hp_gain":0,"max_hp_loss":0,"event_name":"Shining Light","floor":2,"gold_loss":0,"cards_upgraded":["Strike_R","Defend_R"]},{"damage_healed":0,"gold_gain":0,"player_choice":"Upgraded","damage_taken":0,"max_hp_gain":0,"max_hp_loss":0,"event_name":"Upgrade Shrine","floor":3,"gold_loss":0,"cards_upgraded":["Bash"]},{"damage_healed":0,"gold_gain":0,"player_choice":"Fought Bandits","damage_taken":0,"max_hp_gain":0,"max_hp_loss":0,"event_name":"Masked Bandits","floor":19,"gold_loss":0},{"damage_healed":0,"gold_gain":0,"player_choice":"Gave Potion","damage_taken":0,"relics_obtained":["MealTicket"],"max_hp_gain":0,"max_hp_loss":0,"event_name":"WeMeetAgain","floor":37,"gold_loss":0}],"is_beta":false,"boss_relics":[{"not_picked":["Fusion Hammer","SlaversCollar"],"picked":"Runic Pyramid"},{"not_picked":["Snecko Eye","Mark of Pain"],"picked":"Calling Bell"}],"items_purged_floors":[22,31,47],"is_endless":false,"potions_floor_spawned":[1,4,8,11,14,18,19,21,29,38,40,44],"killed_by":"The Heart","ascension_level":6}}