{"host":"lktusdb9orijgc6z","time":1612969651,"event":{"mods":["BaseMod","Bestiary","Colored Map","Colored Powertips","Filter the Spire","Minty Spire (QoL Compilation)","Permanent Neow","Quick Restart","Relic Stats","StSLib","everything is the same but u backflip on backflip","slay the spire mod where everything is the same but ironclad has a cowboy hat"],"gold_per_floor":[112,70,35,45,56,56,56,88,88,88,100,134,77,106,106,177,177,190,190,210,230,51,51,51],"floor_reached":23,"language":"ENG","playtime":1199,"items_purged":[],"score":468,"play_id":"9d023769-a92c-4c1f-90cf-68989eff0dce","local_time":"20210210160731","is_ascension_mode":true,"campfire_choices":[{"data":"Dash","floor":6,"key":"SMITH"},{"floor":10,"key":"REST"},{"data":"Noxious Fumes","floor":15,"key":"SMITH"}],"circlet_count":0,"master_deck":["AscendersBane","Survivor","Blur+1","Dash+1","Crippling Poison+1","Noxious Fumes+1","Backflip","Deflect","Night Terror","Escape Plan","Well Laid Plans","Grand Finale"],"relics":["Pandora\u0027s Box","Dead Branch","Torii","Pocketwatch","Whetstone","Empty Cage"],"acts_visited":["Exordium","TheCity"],"potions_floor_usage":[8,12,20,23,23],"damage_taken":[{"damage":11,"enemies":"Small Slimes","floor":1,"turns":14},{"damage":0,"enemies":"2 Louse","floor":4,"turns":4},{"damage":1,"enemies":"Jaw Worm","floor":5,"turns":5},{"damage":45,"enemies":"3 Sentries","floor":8,"turns":25},{"damage":0,"enemies":"Red Slaver","floor":11,"turns":5},{"damage":2,"enemies":"Gremlin Nob","floor":12,"turns":5},{"damage":0,"enemies":"3 Sentries","floor":14,"turns":6},{"damage":16,"enemies":"Slime Boss","floor":16,"turns":9},{"damage":2,"enemies":"2 Thieves","floor":18,"turns":4},{"damage":1,"enemies":"Chosen","floor":20,"turns":6},{"damage":25,"enemies":"Sentry and Sphere","floor":21,"turns":7},{"damage":44,"enemies":"Slavers","floor":23,"turns":4}],"seed_played":"9089531348502392050","potions_obtained":[{"floor":4,"key":"Regen Potion"},{"floor":5,"key":"Fruit Juice"},{"floor":11,"key":"PowerPotion"},{"floor":14,"key":"SteroidPotion"},{"floor":20,"key":"CunningPotion"}],"is_trial":false,"path_per_floor":["M","$","?","M","M","R","?","E","T","R","M","E","$","E","R","B",null,"M","?","M","M","$","E"],"character_chosen":"THE_SILENT","items_purchased":["Dash","Deflect","Grand Finale"],"campfire_rested":1,"item_purchase_floors":[2,13,22],"current_hp_per_floor":[48,48,64,64,63,63,43,13,13,32,32,30,30,30,30,14,53,51,51,55,30,30,0,0],"gold":51,"neow_bonus":"BOSS_RELIC","is_daily":false,"chose_seed":false,"campfire_upgraded":2,"win_rate":0.0,"timestamp":1612969651,"path_taken":["M","$","?","M","M","R","?","E","T","R","M","E","?","E","R","BOSS","M","?","M","M","$","E"],"items_purchased_type":["Card","Card","Card"],"build_version":"2020-12-22","purchased_purges":0,"victory":false,"max_hp_per_floor":[66,66,66,66,66,66,66,66,66,66,66,66,66,66,66,66,66,66,66,71,71,71,71,71],"relic_stats":{"Torii":19,"counters":[12,94],"Dead Branch":[84],"Pandora\u0027s Box":["Endless Agony","Bullet Time","Caltrops","Phantasmal Killer","Quick Slash","After Image","Storm of Steel","Escape Plan","Infinite Blades","Escape Plan"],"Whetstone":["Neutralize"],"obtain_stats":[{"Torii":9,"Dead Branch":8,"Pandora\u0027s Box":0,"Whetstone":14,"Empty Cage":17,"Ring of the Snake":0,"Pocketwatch":12},{"Torii":4,"Dead Branch":4,"Pandora\u0027s Box":0,"Whetstone":7,"Empty Cage":8,"Ring of the Snake":0,"Pocketwatch":6},{"Torii":48,"Dead Branch":48,"Pandora\u0027s Box":0,"Whetstone":64,"Empty Cage":73,"Ring of the Snake":0,"Pocketwatch":58}],"Pocketwatch":[31]},"card_choices":[{"not_picked":["Sucker Punch","PiercingWail"],"picked":"Blur","floor":1},{"not_picked":["Well Laid Plans","Riddle With Holes"],"picked":"Crippling Poison","floor":4},{"not_picked":["Bane","Underhanded Strike","Dodge and Roll"],"picked":"SKIP","floor":5},{"not_picked":["Deflect","Cloak And Dagger"],"picked":"Noxious Fumes","floor":8},{"not_picked":["Quick Slash","Phantasmal Killer"],"picked":"Backflip","floor":11},{"not_picked":["Poisoned Stab","Quick Slash","Deadly Poison"],"picked":"SKIP","floor":12},{"not_picked":["Flechettes","Poisoned Stab"],"picked":"Blade Dance","floor":14},{"not_picked":["Burst","After Image"],"picked":"Night Terror","floor":16},{"not_picked":["Flechettes","Backflip","PiercingWail"],"picked":"SKIP","floor":18},{"not_picked":["Dagger Throw","Bane"],"picked":"Well Laid Plans","floor":20},{"not_picked":["Dagger Spray+1","Backflip","Heel Hook"],"picked":"SKIP","floor":21}],"player_experience":778065,"relics_obtained":[{"floor":8,"key":"Dead Branch"},{"floor":9,"key":"Torii"},{"floor":12,"key":"Pocketwatch"},{"floor":14,"key":"Whetstone"}],"event_choices":[{"damage_healed":16,"gold_gain":0,"player_choice":"Healed","damage_taken":0,"max_hp_gain":0,"max_hp_loss":0,"event_name":"The Cleric","floor":3,"gold_loss":35},{"damage_healed":0,"gold_gain":0,"player_choice":"Entered Light","damage_taken":20,"max_hp_gain":0,"max_hp_loss":0,"event_name":"Shining Light","floor":7,"gold_loss":0,"cards_upgraded":["Blur","Crippling Poison"]},{"damage_healed":0,"gold_gain":0,"player_choice":"Read","damage_taken":0,"max_hp_gain":0,"max_hp_loss":0,"event_name":"The Library","floor":19,"gold_loss":0,"cards_obtained":["Escape Plan"]}],"is_beta":false,"boss_relics":[{"not_picked":["Runic Dome","Black Star"],"picked":"Empty Cage"}],"items_purged_floors":[],"is_endless":false,"potions_floor_spawned":[4,5,11,14,20],"killed_by":"Slavers","ascension_level":20}}