{"host":"hlz9nytggqnehs39","time":1612945930,"event":{"mods":["BaseMod","Highlight Path","Minty Spire (QoL Compilation)","Relic Stats"],"gold_per_floor":[11,31,31,181,456,456,474,474,501,515,539,539,560,573,573,662,662,680,693,59,59,59,90,90,90],"floor_reached":24,"language":"ENG","playtime":831,"items_purged":["Doubt"],"score":364,"play_id":"7be88740-6660-4437-ab08-4a5531b2942a","local_time":"20210210093210","is_ascension_mode":true,"campfire_choices":[{"floor":6,"key":"REST"},{"data":"Deadly Poison","floor":8,"key":"SMITH"},{"floor":15,"key":"REST"}],"circlet_count":0,"master_deck":["AscendersBane","Strike_G","Strike_G","Strike_G","Strike_G","Strike_G","Defend_G","Defend_G","Defend_G","Defend_G","Defend_G","Survivor","Neutralize","Backstab","Dagger Spray","Deadly Poison+1","Bouncing Flask","PiercingWail","Deadly Poison","Dodge and Roll","Unload","Riddle With Holes","Blade Dance","Corpse Explosion","Writhe","Crippling Poison"],"relics":["Ring of the Snake","Happy Flower","SacredBark","PreservedInsect","Pantograph","Singing Bowl","Nloth\u0027s Gift","The Courier"],"acts_visited":["Exordium","TheCity"],"potions_floor_usage":[16,19,23],"damage_taken":[{"damage":1,"enemies":"Jaw Worm","floor":1,"turns":6},{"damage":6,"enemies":"Small Slimes","floor":2,"turns":4},{"damage":5,"enemies":"Cultist","floor":7,"turns":5},{"damage":25,"enemies":"Large Slime","floor":10,"turns":7},{"damage":9,"enemies":"2 Fungi Beasts","floor":11,"turns":2},{"damage":3,"enemies":"Red Slaver","floor":13,"turns":4},{"damage":16,"enemies":"Blue Slaver","floor":14,"turns":3},{"damage":6,"enemies":"Hexaghost","floor":16,"turns":8},{"damage":14,"enemies":"Spheric Guardian","floor":18,"turns":5},{"damage":20,"enemies":"2 Thieves","floor":19,"turns":4},{"damage":22,"enemies":"Slavers","floor":23,"turns":5},{"damage":15,"enemies":"Centurion and Healer","floor":24,"turns":2}],"seed_played":"-8640285656995861266","potions_obtained":[{"floor":1,"key":"CultistPotion"},{"floor":10,"key":"Poison Potion"},{"floor":18,"key":"Block Potion"},{"floor":19,"key":"AttackPotion"}],"is_trial":false,"path_per_floor":["M","M","?","?","?","R","M","R","T","M","M","?","M","M","R","B",null,"M","M","$","?","?","E","M"],"character_chosen":"THE_SILENT","items_purchased":["PreservedInsect","Corpse Explosion","Pantograph"],"campfire_rested":2,"item_purchase_floors":[20,20,20],"current_hp_per_floor":[70,64,37,37,37,60,55,55,55,30,21,21,18,2,25,19,63,49,29,29,29,29,7,0,0],"gold":90,"neow_bonus":"TWENTY_PERCENT_HP_BONUS","is_daily":false,"chose_seed":false,"campfire_upgraded":1,"win_rate":0.0,"timestamp":1612945930,"path_taken":["M","M","?","?","?","R","?","R","T","M","M","?","M","M","R","BOSS","M","M","$","?","?","E","?"],"items_purchased_type":["Relic","Card","Relic"],"build_version":"2020-12-22","purchased_purges":1,"victory":false,"max_hp_per_floor":[78,78,78,78,78,78,78,78,78,78,78,78,78,78,78,78,78,78,78,78,78,78,78,78,78],"relic_stats":{"Happy Flower":[13],"Singing Bowl":0,"counters":[12,55],"Pantograph":0,"PreservedInsect":41,"Nloth\u0027s Gift":0,"obtain_stats":[{"Happy Flower":9,"Singing Bowl":21,"Golden Idol":3,"SacredBark":17,"Pantograph":20,"PreservedInsect":20,"The Courier":23,"Nloth\u0027s Gift":22,"Ring of the Snake":0},{"Happy Flower":3,"Singing Bowl":10,"Golden Idol":2,"SacredBark":8,"Pantograph":10,"PreservedInsect":10,"The Courier":11,"Nloth\u0027s Gift":10,"Ring of the Snake":0},{"Happy Flower":15,"Singing Bowl":48,"Golden Idol":10,"SacredBark":39,"Pantograph":48,"PreservedInsect":48,"The Courier":53,"Nloth\u0027s Gift":48,"Ring of the Snake":0}],"Ring of the Snake":[24]},"card_choices":[{"not_picked":["Predator","Poisoned Stab"],"picked":"Backstab","floor":1},{"not_picked":["Accuracy","Acrobatics"],"picked":"Dagger Spray","floor":2},{"not_picked":["Endless Agony","Cloak And Dagger"],"picked":"Deadly Poison","floor":7},{"not_picked":["Calculated Gamble","Deflect"],"picked":"Bouncing Flask","floor":10},{"not_picked":["Dagger Throw","Dodge and Roll"],"picked":"PiercingWail","floor":11},{"not_picked":["Dagger Spray","All Out Attack"],"picked":"Deadly Poison","floor":13},{"not_picked":["Storm of Steel","Deflect"],"picked":"Dodge and Roll","floor":14},{"not_picked":["Doppelganger","A Thousand Cuts"],"picked":"Unload","floor":16},{"not_picked":["Cloak And Dagger","Deflect"],"picked":"Riddle With Holes","floor":18},{"not_picked":["Outmaneuver+1","Sucker Punch"],"picked":"Blade Dance","floor":19},{"not_picked":["Acrobatics","Sucker Punch"],"picked":"Crippling Poison","floor":23}],"player_experience":429766,"relics_obtained":[{"floor":9,"key":"Happy Flower"},{"floor":23,"key":"The Courier"}],"event_choices":[{"damage_healed":0,"gold_gain":0,"player_choice":"Take Damage","damage_taken":27,"relics_obtained":["Golden Idol"],"max_hp_gain":0,"max_hp_loss":0,"event_name":"Golden Idol","floor":3,"gold_loss":0},{"damage_healed":0,"gold_gain":150,"player_choice":"AGREE","damage_taken":0,"max_hp_gain":0,"max_hp_loss":0,"event_name":"Liars Game","floor":4,"gold_loss":0,"cards_obtained":["Doubt"]},{"damage_healed":0,"gold_gain":275,"player_choice":"Desecrate","damage_taken":0,"max_hp_gain":0,"max_hp_loss":0,"event_name":"Golden Shrine","floor":5,"gold_loss":0,"cards_obtained":["Regret"]},{"cards_removed":["Regret"],"damage_healed":0,"gold_gain":0,"player_choice":"Forget","damage_taken":0,"max_hp_gain":0,"max_hp_loss":0,"event_name":"Living Wall","floor":12,"gold_loss":0},{"damage_healed":0,"gold_gain":0,"player_choice":"Opened","damage_taken":0,"relics_obtained":["Singing Bowl"],"max_hp_gain":0,"max_hp_loss":0,"event_name":"The Mausoleum","floor":21,"gold_loss":0,"cards_obtained":["Writhe"]},{"damage_healed":0,"gold_gain":0,"player_choice":"Traded Relic","damage_taken":0,"relics_obtained":["Nloth\u0027s Gift"],"max_hp_gain":0,"max_hp_loss":0,"event_name":"N\u0027loth","floor":22,"relics_lost":["Golden Idol"],"gold_loss":0}],"is_beta":false,"boss_relics":[{"not_picked":["Empty Cage","Calling Bell"],"picked":"SacredBark"}],"items_purged_floors":[20],"is_endless":false,"potions_floor_spawned":[1,10,11,14,18,19],"killed_by":"Centurion and Healer","ascension_level":15}}