{"host":"u6v0z43xi4vbzvq3","time":1612940710,"event":{"mods":["BaseMod","Beaked The Cultist","BetterRewards","Colored Map","Downfall","Googly Eyes","Hermit","Highlight Path","Hubris","Infinite Spire","Minty Spire (QoL Compilation)","Quick Restart","Rare Cards Sparkle","Replay The Spire","Shop Mod","StSLib","SuperFastMode"],"gold_per_floor":[118,135,153,18,18,18,52,65,91,91,91,103,114,114,114,213,213,231,231,231,231,231,231,245,245,259,273,273,273,291,237,257,275,275,376,376,396,433,480,399,399,399,0,11,11,11,23,34,34,53,53,53,53],"floor_reached":52,"language":"ENG","playtime":2032,"items_purged":[],"score":660,"play_id":"8be6e2bf-3f2a-4bae-ad41-157df32bb3a4","local_time":"20210210180510","is_ascension_mode":false,"campfire_choices":[{"data":"Adrenaline","floor":6.0,"key":"SMITH"},{"floor":10.0,"key":"REST"},{"floor":15.0,"key":"REST"},{"data":"Caltrops","floor":25,"key":"SMITH"},{"data":"Cloak And Dagger","floor":29,"key":"SMITH"},{"floor":34,"key":"REST"},{"floor":42,"key":"REST"},{"floor":49,"key":"REST"},{"floor":51,"key":"REST"}],"circlet_count":0,"master_deck":["Demon Form","Strike_G+1","Strike_G+1","Strike_G+1","Strike_G+1","Strike_G+1","Defend_G+1","Defend_G+1","Defend_G+1","Defend_G+1","Defend_G+1","Survivor","Neutralize","Caltrops+1","Quick Slash","Deadly Poison","Adrenaline+1","Die Die Die","Noxious Fumes","Dagger Throw","Cloak And Dagger+1","Blade Dance","After Image","Bane","Dagger Spray","Blade Dance+1","Prepared+1","Slice+1","Noxious Fumes","Noxious Fumes","Crippling Poison","All Out Attack","Malaise","Dagger Spray","All Out Attack","Parasite","Quick Slash","Noxious Fumes","Bouncing Flask+1","hubris:Sniper+1","hubris:Sniper+1","Caltrops"],"relics":["Ring of the Snake","ReplayTheSpireMod:Lightbulb","Anchor","Ornamental Fan","Philosopher\u0027s Stone","Nloth\u0027s Gift","Snack Pack","infinitespire:EvilPickle","Red Mask","infinitespire:EmpoweringShard"],"acts_visited":["Exordium","TheCity","TheBeyond"],"potions_floor_usage":[26,35,35,35,47,48,48],"damage_taken":[{"damage":0.0,"enemies":"Small Slimes","floor":1.0,"turns":6.0},{"damage":0.0,"enemies":"Cultist","floor":2.0,"turns":5.0},{"damage":0.0,"enemies":"Jaw Worm","floor":3.0,"turns":4.0},{"damage":33.0,"enemies":"Gremlin Nob","floor":7.0,"turns":5.0},{"damage":1.0,"enemies":"2 Fungi Beasts","floor":8.0,"turns":3.0},{"damage":0.0,"enemies":"Blue Slaver","floor":12.0,"turns":3.0},{"damage":0.0,"enemies":"Large Slime","floor":13.0,"turns":5.0},{"damage":27.0,"enemies":"Fading Forest","floor":16.0,"turns":11.0},{"damage":4,"enemies":"2 Thieves","floor":18,"turns":3},{"damage":0,"enemies":"Chosen","floor":24,"turns":4},{"damage":8,"enemies":"Shelled Parasite and Fungi","floor":26,"turns":4},{"damage":7,"enemies":"Sentry and Sphere","floor":27,"turns":6},{"damage":0,"enemies":"3 Cultists","floor":30,"turns":4},{"damage":28,"enemies":"Snecko","floor":32,"turns":5},{"damage":15,"enemies":"Snake Plant","floor":33,"turns":5},{"damage":9,"enemies":"Pondfish","floor":35,"turns":7},{"damage":14,"enemies":"3 Shapes","floor":37,"turns":4},{"damage":26,"enemies":"3 Darklings","floor":38,"turns":4},{"damage":31,"enemies":"Writhing Mass","floor":39,"turns":6},{"damage":0,"enemies":"Maw","floor":44,"turns":8},{"damage":15,"enemies":"Spire Growth","floor":47,"turns":4},{"damage":27,"enemies":"Transient","floor":48,"turns":5},{"damage":35,"enemies":"4 Shapes","floor":50,"turns":4},{"damage":39,"enemies":"infinitespire:MassOfShapes","floor":52,"turns":4}],"seed_played":"-6861945321982211979","potions_obtained":[{"floor":3.0,"key":"Energy Potion"},{"floor":7.0,"key":"ColorlessPotion"},{"floor":8.0,"key":"GamblersBrew"},{"floor":12.0,"key":"CunningPotion"},{"floor":16.0,"key":"LiquidMemories"},{"floor":30,"key":"Strength Potion"},{"floor":32,"key":"SneckoOil"},{"floor":35,"key":"hexamod:SoulburnPotion"},{"floor":44,"key":"DistilledChaos"},{"floor":47,"key":"Toxic Potion"}],"is_trial":false,"path_per_floor":["M","M","M","$","?","R","E","M","T","R","T","M","M","?","R","B",null,"M","?","?","?","PTL","PTL","M","R","M","M","T","R","M","$","M","M","R","B",null,"M","M","M","$","?","R","?","M","T","$","M","M","R","M","R","B"],"character_chosen":"THE_SILENT","items_purchased":["Adrenaline","Noxious Fumes","Noxious Fumes"],"campfire_rested":6,"item_purchase_floors":[4,31,40],"current_hp_per_floor":[70,70,70,70,70,70,37,36,36,57,57,57,57,57,70,67,70,66,66,66,66,66,66,66,66,58,51,51,51,61,61,37,32,53,58,70,56,36,13,13,13,34,34,48,48,48,37,20,41,6,27,0,0],"gold":53,"neow_bonus":"RANDOM_COMMON_RELIC","is_daily":false,"chose_seed":false,"campfire_upgraded":3,"win_rate":0.0,"timestamp":1612940710,"path_taken":["M","M","M","$","?","R","E","M","T","R","?","?","?","?","R","BOSS","M","?","?","?","PTL","PTL","?","R","M","M","T","R","M","$","M","M","R","BOSS","M","M","M","$","?","R","?","M","T","?","M","M","R","M","R","BOSS"],"items_purchased_type":["Card","Card","Card"],"build_version":"2020-12-22","purchased_purges":0,"victory":false,"max_hp_per_floor":[70,70,70,70,70,70,70,70,70,70,70,70,70,70,70,70,70,70,70,70,70,70,70,70,70,70,70,70,70,70,70,70,70,70,70,70,70,70,70,70,70,70,70,70,70,70,70,70,70,70,70,70,70],"card_choices":[{"not_picked":["Dodge and Roll","Deadly Poison"],"picked":"Caltrops","floor":1.0},{"not_picked":["Backflip","PiercingWail"],"picked":"Quick Slash","floor":2.0},{"not_picked":["Hidden Blade","Flying Knee"],"picked":"Deadly Poison","floor":3.0},{"not_picked":["Hidden Blade","Phantasmal Killer"],"picked":"Die Die Die","floor":7.0},{"not_picked":["Bane","Dagger Spray"],"picked":"Noxious Fumes","floor":8.0},{"not_picked":["Concentrate","hubris:SlightOfHand"],"picked":"Dagger Throw","floor":12.0},{"not_picked":["Poisoned Stab","Dodge and Roll"],"picked":"Cloak And Dagger","floor":13.0},{"not_picked":["Grand Finale","Unload"],"picked":"After Image","floor":16.0},{"not_picked":["Outmaneuver","Hidden Blade"],"picked":"Bane","floor":18},{"not_picked":["Sucker Punch","Fluid Movement"],"picked":"Dagger Spray","floor":24},{"not_picked":["Slice","Well Laid Plans"],"picked":"Blade Dance+1","floor":26},{"not_picked":["Flying Knee","Unload"],"picked":"Prepared+1","floor":27},{"not_picked":["Outmaneuver","Underhanded Strike+1"],"picked":"Slice+1","floor":30},{"not_picked":["Well Laid Plans","Deadly Poison"],"picked":"Crippling Poison","floor":32},{"not_picked":["Deadly Poison","ReplayTheSpireMod:Shiv Toss"],"picked":"All Out Attack","floor":33},{"not_picked":["Burst","Phantasmal Killer"],"picked":"Malaise","floor":35},{"not_picked":["ReplayTheSpireMod:Exploit Weakness+1","Dash+1"],"picked":"Dagger Spray","floor":37},{"not_picked":["Deadly Poison","Deflect"],"picked":"All Out Attack","floor":38},{"not_picked":["Dagger Throw","Draining Mist+1"],"picked":"Quick Slash","floor":39},{"not_picked":["Dagger Throw","ReplayTheSpireMod:Tripwire"],"picked":"Bouncing Flask+1","floor":44},{"not_picked":["hubris:Counter+1","Choke"],"picked":"hubris:Sniper+1","floor":47},{"not_picked":["Escape Plan+1","Backflip"],"picked":"hubris:Sniper+1","floor":48},{"not_picked":["Finisher+1","ReplayTheSpireMod:Exploit Weakness+1"],"picked":"Caltrops","floor":50}],"player_experience":134658,"relics_obtained":[{"floor":7.0,"key":"infinitespire:FocusingShard"},{"floor":9.0,"key":"Anchor"},{"floor":11.0,"key":"Ornamental Fan"},{"floor":28,"key":"Snack Pack"},{"floor":45,"key":"infinitespire:EmpoweringShard"}],"event_choices":[{"damage_healed":0,"gold_gain":0,"player_choice":"Simplicity","damage_taken":0,"max_hp_gain":0,"max_hp_loss":0,"event_name":"Back to Basics","floor":19,"gold_loss":0,"cards_upgraded":["Strike_G","Strike_G","Strike_G","Strike_G","Defend_G","Defend_G","Defend_G","Defend_G","Defend_G"]},{"damage_healed":0,"gold_gain":0,"player_choice":"Ignored","damage_taken":0,"max_hp_gain":0,"max_hp_loss":0,"event_name":"Vampires","floor":20,"gold_loss":0},{"damage_healed":0,"gold_gain":0,"player_choice":"Traded Relic","damage_taken":0,"relics_obtained":["Nloth\u0027s Gift"],"max_hp_gain":0,"max_hp_loss":0,"event_name":"N\u0027loth","floor":21,"relics_lost":["infinitespire:FocusingShard"],"gold_loss":0},{"damage_healed":0,"gold_gain":0,"player_choice":"Paid","damage_taken":0,"relics_obtained":["Red Mask"],"max_hp_gain":0,"max_hp_loss":0,"event_name":"Tomb of Lord Red Mask","floor":43,"gold_loss":399}],"is_beta":false,"boss_relics":[{"not_picked":["beaked:MawFillet","Tiny House"],"picked":"Philosopher\u0027s Stone"},{"not_picked":["Snecko Scales","Ring of Chaos","Velvet Choker"]}],"items_purged_floors":[],"is_endless":false,"potions_floor_spawned":[3,7,8,12,16,30,32,35,44,47],"killed_by":"infinitespire:MassOfShapes","ascension_level":0}}