{"host":"hmqgkh1yopklu0aj","time":1612984103,"event":{"mods":["BaseMod","Block Reminder","Colored Map","Minty Spire (QoL Compilation)"],"gold_per_floor":[15,30,45,120,138,170,170,180,180,210,210,210,223,234,234,335,335,346,28,28,28,28,28,56,69,122,122,142,142,142,168,168,271,271,285,285,4,4,20,55,55,87,87,37,56,9,9,24,24,24,24],"floor_reached":50,"language":"ENG","playtime":3219,"items_purged":["Shame","Decay"],"score":627,"play_id":"bb88d6a0-7fae-4cb1-bfdc-51b3f1ec42c5","local_time":"20210210200823","is_ascension_mode":true,"campfire_choices":[{"floor":7,"key":"REST"},{"data":"Endless Agony","floor":12,"key":"SMITH"},{"floor":15,"key":"REST"},{"floor":23,"key":"REST"},{"floor":27,"key":"REST"},{"floor":29,"key":"REST"},{"data":"Sadistic Nature","floor":32,"key":"SMITH"},{"data":"Phantasmal Killer","floor":41,"key":"SMITH"},{"floor":47,"key":"REST"},{"data":"Madness","floor":49,"key":"SMITH"}],"circlet_count":0,"master_deck":["Strike_G","Strike_G","Strike_G","Strike_G","Strike_G","Defend_G","Defend_G","Defend_G","Defend_G","Defend_G","Survivor","Neutralize","Finisher+1","Dagger Throw","Sucker Punch","Endless Agony+1","Quick Slash","Die Die Die+1","Outmaneuver","Choke","Underhanded Strike","Die Die Die","Sucker Punch","Sadistic Nature+1","Choke","Cloak And Dagger","Endless Agony+1","Backflip","Backstab","Cloak And Dagger+1","Phantasmal Killer+1","Terror+1","Madness+1","Madness","Flash of Steel+1","Dagger Spray+1","Underhanded Strike+1","Terror+1","Predator+1","Underhanded Strike+1","Dagger Spray+1","Choke+1"],"relics":["Ring of the Snake","Lizard Tail","Unceasing Top","Whetstone","Smiling Mask","CultistMask","HoveringKite","Art of War","White Beast Statue","Enchiridion","Vajra","Dream Catcher","Molten Egg 2","Cursed Key","Happy Flower","Ancient Tea Set","Bronze Scales","PreservedInsect","Regal Pillow"],"acts_visited":["Exordium","TheCity","TheBeyond"],"potions_floor_usage":[6,8,10,24,24,31,33,33,33,40,42,50,50,50],"damage_taken":[{"damage":4,"enemies":"Jaw Worm","floor":1,"turns":6},{"damage":7,"enemies":"Small Slimes","floor":2,"turns":4},{"damage":0,"enemies":"Cultist","floor":3,"turns":2},{"damage":5,"enemies":"3 Louse","floor":5,"turns":3},{"damage":15,"enemies":"3 Sentries","floor":6,"turns":7},{"damage":1,"enemies":"2 Fungi Beasts","floor":8,"turns":3},{"damage":2,"enemies":"Gremlin Nob","floor":10,"turns":3},{"damage":10,"enemies":"Looter","floor":13,"turns":2},{"damage":1,"enemies":"Exordium Thugs","floor":14,"turns":3},{"damage":48,"enemies":"Hexaghost","floor":16,"turns":10},{"damage":7,"enemies":"2 Thieves","floor":18,"turns":2},{"damage":7,"enemies":"Slavers","floor":24,"turns":3},{"damage":17,"enemies":"Spheric Guardian","floor":25,"turns":4},{"damage":12,"enemies":"Shelled Parasite and Fungi","floor":28,"turns":4},{"damage":3,"enemies":"Book of Stabbing","floor":31,"turns":2},{"damage":46,"enemies":"Champ","floor":33,"turns":7},{"damage":2,"enemies":"3 Shapes","floor":35,"turns":2},{"damage":0,"enemies":"Orb Walker","floor":39,"turns":2},{"damage":0,"enemies":"Reptomancer","floor":40,"turns":4},{"damage":18,"enemies":"Nemesis","floor":42,"turns":3},{"damage":0,"enemies":"Transient","floor":45,"turns":5},{"damage":0,"enemies":"Writhing Mass","floor":48,"turns":1},{"damage":113,"enemies":"Awakened One","floor":50,"turns":8}],"seed_played":"6045459069486514492","potions_obtained":[{"floor":3,"key":"Fire Potion"},{"floor":6,"key":"EssenceOfSteel"},{"floor":8,"key":"Block Potion"},{"floor":10,"key":"Ancient Potion"},{"floor":16,"key":"ColorlessPotion"},{"floor":24,"key":"AttackPotion"},{"floor":25,"key":"CultistPotion"},{"floor":28,"key":"DistilledChaos"},{"floor":31,"key":"Block Potion"},{"floor":33,"key":"DistilledChaos"},{"floor":35,"key":"PowerPotion"},{"floor":39,"key":"GamblersBrew"},{"floor":40,"key":"Strength Potion"},{"floor":42,"key":"DuplicationPotion"},{"floor":45,"key":"SpeedPotion"},{"floor":48,"key":"Fire Potion"}],"is_trial":false,"path_per_floor":["M","M","M","?","M","E","R","M","T","E","?","R","M","M","R","B",null,"M","$","?","$","?","R","E","M","T","R","M","R","?","E","R","B",null,"M","?","$","?","M","E","R","E","T","$","M","$","R","M","R","B"],"character_chosen":"THE_SILENT","items_purchased":["Art of War","Sadistic Nature","Happy Flower","Flash of Steel+1","Underhanded Strike+1"],"campfire_rested":6,"item_purchase_floors":[19,19,37,37,46],"current_hp_per_floor":[66,59,59,48,43,28,49,48,48,46,46,46,36,35,56,8,70,63,63,63,63,47,68,61,44,44,65,53,70,70,67,67,21,70,68,59,59,59,59,59,59,41,41,41,41,41,70,70,70,0,0],"gold":24,"neow_bonus":"ONE_RARE_RELIC","is_daily":false,"chose_seed":false,"campfire_upgraded":4,"win_rate":0.0,"timestamp":1612984103,"path_taken":["M","M","M","?","M","E","R","M","T","E","?","R","M","?","R","BOSS","M","$","?","$","?","R","E","M","T","R","M","R","?","E","R","BOSS","M","?","$","?","M","E","R","E","T","$","M","$","R","M","R","BOSS"],"items_purchased_type":["Relic","Card","Relic","Card","Card"],"build_version":"2020-12-22","purchased_purges":2,"victory":false,"max_hp_per_floor":[70,70,70,70,70,70,70,70,70,70,70,70,70,70,70,70,70,70,70,70,70,70,70,70,70,70,70,70,70,70,70,70,70,70,70,70,70,70,70,70,70,70,70,70,70,70,70,70,70,70,70],"card_choices":[{"not_picked":["Dodge and Roll","Predator"],"picked":"Finisher","floor":1},{"not_picked":["Quick Slash","Dash"],"picked":"Dagger Throw","floor":2},{"not_picked":["Blade Dance","Underhanded Strike"],"picked":"Sucker Punch","floor":3},{"not_picked":["Acrobatics","Bane"],"picked":"Endless Agony","floor":5},{"not_picked":["Poisoned Stab","Backflip"],"picked":"Quick Slash","floor":6},{"not_picked":["Prepared","Noxious Fumes"],"picked":"Die Die Die","floor":8},{"not_picked":["Deadly Poison","Poisoned Stab"],"picked":"Outmaneuver","floor":10},{"not_picked":["Deadly Poison","Poisoned Stab"],"picked":"Choke","floor":13},{"not_picked":["Calculated Gamble","Crippling Poison"],"picked":"Underhanded Strike","floor":14},{"not_picked":["Venomology","Burst"],"picked":"Die Die Die","floor":16},{"not_picked":["Reflex","Backflip"],"picked":"Sucker Punch","floor":18},{"not_picked":["Calculated Gamble","Malaise"],"picked":"Choke","floor":24},{"not_picked":["Flying Knee","Acrobatics"],"picked":"Cloak And Dagger","floor":25},{"not_picked":["Quick Slash","Slice"],"picked":"Endless Agony+1","floor":27},{"not_picked":["Dodge and Roll","Choke"],"picked":"Backflip","floor":28},{"not_picked":["Catalyst+1","Quick Slash"],"picked":"Backstab","floor":29},{"not_picked":["Prepared","Outmaneuver"],"picked":"Cloak And Dagger+1","floor":31},{"not_picked":["Wraith Form v2","Tools of the Trade"],"picked":"Phantasmal Killer","floor":33},{"not_picked":["Sucker Punch+1","Catalyst+1"],"picked":"Terror+1","floor":35},{"not_picked":["Bane+1","Quick Slash+1"],"picked":"Dagger Spray+1","floor":39},{"not_picked":["Blade Dance","Reflex+1"],"picked":"Underhanded Strike+1","floor":40},{"not_picked":["Noxious Fumes+1","Caltrops"],"picked":"Terror+1","floor":42},{"not_picked":["Noxious Fumes","Prepared"],"picked":"Predator+1","floor":45},{"not_picked":["Backflip+1","Quick Slash+1"],"picked":"Dagger Spray+1","floor":47},{"not_picked":["Quick Slash+1","Dodge and Roll"],"picked":"Choke+1","floor":48}],"player_experience":36957,"relics_obtained":[{"floor":6,"key":"Unceasing Top"},{"floor":9,"key":"Whetstone"},{"floor":10,"key":"Smiling Mask"},{"floor":22,"key":"Enchiridion"},{"floor":24,"key":"Vajra"},{"floor":26,"key":"Dream Catcher"},{"floor":31,"key":"Molten Egg 2"},{"floor":40,"key":"Bronze Scales"},{"floor":42,"key":"PreservedInsect"},{"floor":43,"key":"Regal Pillow"}],"event_choices":[{"damage_healed":0,"gold_gain":75,"player_choice":"Gather Gold","damage_taken":11,"max_hp_gain":0,"max_hp_loss":0,"event_name":"World of Goop","floor":4,"gold_loss":0},{"damage_healed":0,"gold_gain":0,"player_choice":"Trade","damage_taken":0,"relics_obtained":["CultistMask"],"max_hp_gain":0,"max_hp_loss":0,"event_name":"FaceTrader","floor":11,"gold_loss":0},{"damage_healed":0,"gold_gain":0,"player_choice":"Stole Relic","damage_taken":0,"relics_obtained":["White Beast Statue"],"max_hp_gain":0,"max_hp_loss":0,"event_name":"Addict","floor":20,"gold_loss":0,"cards_obtained":["Shame"]},{"damage_healed":0,"gold_gain":0,"player_choice":"Obtained Book","damage_taken":16,"max_hp_gain":0,"max_hp_loss":0,"event_name":"Cursed Tome","floor":22,"gold_loss":0},{"damage_healed":0,"gold_gain":0,"player_choice":"Ignored","damage_taken":0,"max_hp_gain":0,"max_hp_loss":0,"event_name":"Ghosts","floor":30,"gold_loss":0},{"damage_healed":0,"gold_gain":0,"player_choice":"Embrace Madness","damage_taken":9,"max_hp_gain":0,"max_hp_loss":0,"event_name":"Winding Halls","floor":36,"gold_loss":0,"cards_obtained":["Madness","Madness"]},{"damage_healed":0,"gold_gain":0,"player_choice":"Gave Potion","damage_taken":0,"relics_obtained":["Ancient Tea Set"],"max_hp_gain":0,"max_hp_loss":0,"event_name":"WeMeetAgain","floor":38,"gold_loss":0}],"is_beta":false,"boss_relics":[{"not_picked":["Runic Pyramid","Coffee Dripper"],"picked":"HoveringKite"},{"not_picked":["Runic Dome","Empty Cage"],"picked":"Cursed Key"}],"items_purged_floors":[37,44],"is_endless":false,"potions_floor_spawned":[3,6,8,10,16,24,25,28,31,33,35,39,40,42,45,48],"killed_by":"Awakened One","ascension_level":1}}