{"host":"eft627g0ddukeijo","time":1612958354,"event":{"mods":["AchievementEnabler","BaseMod","Bestiary","Better Note","Block Reminder","Colored Powertips","Highlight Path","Minty Spire (QoL Compilation)","Permanent Neow","Rare Cards Sparkle","Relic Stats","StSLib","Weighted Paths"],"gold_per_floor":[117,192,207,207,224,224,241,241,241,255,283,299,42,67,67,169,169,189,40,56,69,82,82,110,110,160,160,172,184,202,202,202,307,307,322,370,128,38,55,55,55,68,140,140,160,160,9,9,9,9,9],"floor_reached":50,"language":"ENG","playtime":2069,"items_purged":[],"score":690,"play_id":"840e0371-9946-44b3-b01f-2a33d0343ef0","local_time":"20210210205914","is_ascension_mode":true,"campfire_choices":[{"floor":6.0,"key":"REST"},{"floor":8.0,"key":"REST"},{"floor":15.0,"key":"REST"},{"floor":23.0,"key":"REST"},{"floor":25.0,"key":"REST"},{"floor":27.0,"key":"RECALL"},{"floor":32.0,"key":"REST"},{"floor":44.0,"key":"REST"},{"floor":49,"key":"REST"}],"circlet_count":0,"master_deck":["Strike_R","Strike_R","Strike_R","Strike_R","Defend_R","Defend_R","Defend_R","Defend_R","Bash","Body Slam","Flex","Pain","Shockwave","Shrug It Off","Whirlwind","Metallicize","Headbutt","Barricade","Iron Wave","Pommel Strike+1","Intimidate+1","Heavy Blade","Bludgeon","Impervious+1","Iron Wave","Entrench+1","Spot Weakness+1","Madness+1","Madness+1"],"relics":["Burning Blood","Bronze Scales","WarpedTongs","Oddly Smooth Stone","StrikeDummy","Regal Pillow","Bag of Preparation","SlaversCollar","Happy Flower","Toxic Egg 2","SacredBark","Torii","Singing Bowl","Bottled Tornado","Brimstone"],"acts_visited":["Exordium","TheCity","TheBeyond"],"potions_floor_usage":[45],"damage_taken":[{"damage":14.0,"enemies":"Jaw Worm","floor":1.0,"turns":3.0},{"damage":10.0,"enemies":"Small Slimes","floor":3.0,"turns":3.0},{"damage":4.0,"enemies":"Cultist","floor":5.0,"turns":3.0},{"damage":28.0,"enemies":"Large Slime","floor":7.0,"turns":7.0},{"damage":11.0,"enemies":"Exordium Wildlife","floor":10.0,"turns":4.0},{"damage":37.0,"enemies":"Lagavulin","floor":11.0,"turns":6.0},{"damage":11.0,"enemies":"Looter","floor":12.0,"turns":2.0},{"damage":23.0,"enemies":"Gremlin Nob","floor":14.0,"turns":5.0},{"damage":40.0,"enemies":"The Guardian","floor":16.0,"turns":12.0},{"damage":39.0,"enemies":"2 Thieves","floor":18.0,"turns":4.0},{"damage":23.0,"enemies":"Chosen","floor":20.0,"turns":5.0},{"damage":15.0,"enemies":"Shelled Parasite and Fungi","floor":21.0,"turns":6.0},{"damage":24.0,"enemies":"Cultist and Chosen","floor":22.0,"turns":7.0},{"damage":40.0,"enemies":"Slavers","floor":24.0,"turns":5.0},{"damage":13.0,"enemies":"3 Cultists","floor":28.0,"turns":4.0},{"damage":36.0,"enemies":"Snake Plant","floor":29.0,"turns":4.0},{"damage":11.0,"enemies":"Cultist and Chosen","floor":30.0,"turns":8.0},{"damage":47.0,"enemies":"Collector","floor":33.0,"turns":10.0},{"damage":8.0,"enemies":"3 Shapes","floor":35.0,"turns":4.0},{"damage":30.0,"enemies":"2 Orb Walkers","floor":36.0,"turns":4.0},{"damage":7.0,"enemies":"3 Darklings","floor":39.0,"turns":5.0},{"damage":0.0,"enemies":"Sphere and 2 Shapes","floor":40.0,"turns":1.0},{"damage":27.0,"enemies":"4 Shapes","floor":42.0,"turns":5.0},{"damage":43,"enemies":"Writhing Mass","floor":45,"turns":6},{"damage":60,"enemies":"Donu and Deca","floor":50,"turns":2}],"seed_played":"-4660246677470193233","potions_obtained":[{"floor":1.0,"key":"EntropicBrew"},{"floor":3.0,"key":"FairyPotion"},{"floor":10.0,"key":"SteroidPotion"},{"floor":11.0,"key":"SmokeBomb"},{"floor":12.0,"key":"Dexterity Potion"},{"floor":16.0,"key":"HeartOfIron"},{"floor":29.0,"key":"BlessingOfTheForge"},{"floor":30.0,"key":"Strength Potion"},{"floor":39.0,"key":"PowerPotion"},{"floor":42.0,"key":"SteroidPotion"}],"is_trial":false,"path_per_floor":["M","?","M","?","M","R","M","R","T","M","E","M","$","E","R","B",null,"M","$","M","M","M","R","E","R","T","R","M","M","M","?","R","B",null,"M","?","$","?","M","M","?","M","T","R","M","?","$","$","R","B"],"character_chosen":"IRONCLAD","items_purchased":["Whirlwind","Regal Pillow","Metallicize","Happy Flower","Singing Bowl","Brimstone"],"campfire_rested":8,"item_purchase_floors":[13,13,13,19,37,47],"current_hp_per_floor":[64,53,49,49,51,75,53,77,77,72,41,36,36,19,58,24,66,33,33,16,7,13,52,18,57,57,57,50,20,15,15,54,13,63,61,37,37,37,36,42,42,21,21,60,25,15,15,15,54,0,0],"gold":9,"neow_bonus":"RANDOM_COMMON_RELIC","is_daily":false,"chose_seed":false,"campfire_upgraded":0,"win_rate":0.0,"timestamp":1612958354,"path_taken":["M","?","M","?","M","R","M","R","T","M","E","?","$","E","R","BOSS","M","$","M","M","M","R","E","R","T","R","M","M","M","?","R","BOSS","M","?","$","?","?","M","?","M","T","R","M","?","?","$","R","BOSS"],"items_purchased_type":["Card","Relic","Card","Relic","Relic","Relic"],"build_version":"2020-12-22","purchased_purges":0,"victory":false,"max_hp_per_floor":[80,80,80,80,80,80,80,80,80,80,80,80,80,80,80,80,80,80,80,80,80,80,80,80,80,80,80,80,80,80,80,80,80,80,80,80,80,80,80,80,80,80,80,80,82,82,82,82,82,82,82],"relic_stats":{"Regal Pillow":90,"Happy Flower":[25],"Torii":4,"Singing Bowl":2,"counters":[25,125],"Bronze Scales":[343],"Bag of Preparation":[34],"obtain_stats":[{"Regal Pillow":13,"Happy Flower":19,"Torii":36,"Singing Bowl":37,"SacredBark":34,"Oddly Smooth Stone":9,"Bag of Preparation":14,"Bottled Tornado":43,"Burning Blood":0,"WarpedTongs":4,"SlaversCollar":17,"Brimstone":47,"Bronze Scales":0,"Toxic Egg 2":24,"StrikeDummy":11},{"Regal Pillow":7,"Happy Flower":10,"Torii":20,"Singing Bowl":20,"SacredBark":18,"Oddly Smooth Stone":4,"Bag of Preparation":8,"Bottled Tornado":23,"Burning Blood":0,"WarpedTongs":2,"SlaversCollar":9,"Brimstone":24,"Bronze Scales":0,"Toxic Egg 2":14,"StrikeDummy":6},{"Regal Pillow":28,"Happy Flower":49,"Torii":106,"Singing Bowl":106,"SacredBark":98,"Oddly Smooth Stone":16,"Bag of Preparation":33,"Bottled Tornado":117,"Burning Blood":0,"WarpedTongs":6,"SlaversCollar":45,"Brimstone":123,"Bronze Scales":0,"Toxic Egg 2":72,"StrikeDummy":26}],"Burning Blood":144,"WarpedTongs":[119]},"card_choices":[{"not_picked":["Infernal Blade","Searing Blow"],"picked":"Body Slam","floor":1.0},{"not_picked":["Headbutt","True Grit"],"picked":"Flex","floor":3.0},{"not_picked":["Dark Embrace","Intimidate","Armaments"],"picked":"SKIP","floor":5.0},{"not_picked":["Clash","Flex"],"picked":"Shockwave","floor":7.0},{"not_picked":["Thunderclap","Warcry","Havoc"],"picked":"SKIP","floor":10.0},{"not_picked":["Fiend Fire","Shockwave","Body Slam"],"picked":"SKIP","floor":11.0},{"not_picked":["Cleave","Sever Soul"],"picked":"Shrug It Off","floor":12.0},{"not_picked":["Fire Breathing","Blood for Blood"],"picked":"Headbutt","floor":14.0},{"not_picked":["Corruption","Exhume"],"picked":"Barricade","floor":16.0},{"not_picked":["Intimidate","Rage"],"picked":"Evolve","floor":18.0},{"not_picked":["Wild Strike","Pommel Strike","Rupture"],"picked":"SKIP","floor":20.0},{"not_picked":["Thunderclap","Armaments+1"],"picked":"Iron Wave","floor":21.0},{"not_picked":["True Grit","Bloodletting+1"],"picked":"Pommel Strike+1","floor":22.0},{"not_picked":["Body Slam","Warcry+1"],"picked":"Intimidate+1","floor":24.0},{"not_picked":["Sword Boomerang+1","Iron Wave"],"picked":"Heavy Blade","floor":28.0},{"not_picked":["Havoc+1","Anger","Warcry+1"],"picked":"SKIP","floor":29.0},{"not_picked":["Warcry+1","Rampage"],"picked":"Bludgeon","floor":30.0},{"not_picked":["Immolate","Juggernaut"],"picked":"Impervious+1","floor":33.0},{"not_picked":["Pommel Strike+1","Clash"],"picked":"Iron Wave","floor":35.0},{"not_picked":["Clash","Anger+1"],"picked":"Entrench+1","floor":39.0},{"not_picked":["Cleave","Rage+1"],"picked":"Spot Weakness+1","floor":42.0},{"not_picked":["Shockwave+1","Perfected Strike","Reckless Charge"],"picked":"Singing Bowl","floor":45}],"player_experience":550860,"relics_obtained":[{"floor":9.0,"key":"Oddly Smooth Stone"},{"floor":11.0,"key":"StrikeDummy"},{"floor":14.0,"key":"Bag of Preparation"},{"floor":24.0,"key":"Toxic Egg 2"},{"floor":36.0,"key":"Torii"},{"floor":43.0,"key":"Bottled Tornado"}],"event_choices":[{"damage_healed":0.0,"max_hp_gain":0.0,"max_hp_loss":0.0,"gold_gain":75.0,"event_name":"World of Goop","player_choice":"Gather Gold","floor":2.0,"gold_loss":0.0,"damage_taken":11.0},{"damage_healed":0.0,"max_hp_gain":0.0,"max_hp_loss":0.0,"gold_gain":0.0,"event_name":"Accursed Blacksmith","player_choice":"Rummage","floor":4.0,"gold_loss":0.0,"damage_taken":0.0,"relics_obtained":["WarpedTongs"],"cards_obtained":["Pain"]},{"cards_removed":["Strike_R"],"damage_healed":0.0,"max_hp_gain":0.0,"max_hp_loss":0.0,"gold_gain":0.0,"event_name":"betterNote:BetterNote","player_choice":"Give","floor":31.0,"gold_loss":0.0,"damage_taken":0.0,"cards_obtained":["Doubt"]},{"damage_healed":0.0,"max_hp_gain":0.0,"max_hp_loss":0.0,"gold_gain":0.0,"event_name":"Mysterious Sphere","player_choice":"Fight","floor":36.0,"gold_loss":0.0,"damage_taken":0.0},{"cards_removed":["Strike_R"],"damage_healed":0.0,"max_hp_gain":0.0,"max_hp_loss":0.0,"gold_gain":0.0,"event_name":"Designer","player_choice":"Upgrade and Remove","floor":38.0,"gold_loss":90.0,"damage_taken":0.0,"cards_upgraded":["Evolve"]},{"cards_removed":["Evolve"],"damage_healed":0.0,"max_hp_gain":0.0,"max_hp_loss":0.0,"gold_gain":0.0,"event_name":"Falling","player_choice":"Removed Power","floor":41.0,"gold_loss":0.0,"damage_taken":0.0},{"damage_healed":0,"gold_gain":0,"player_choice":"Embrace Madness","damage_taken":10,"max_hp_gain":0,"max_hp_loss":0,"event_name":"Winding Halls","floor":46,"gold_loss":0,"cards_obtained":["Madness","Madness"]}],"is_beta":false,"boss_relics":[{"not_picked":["Busted Crown","Empty Cage"],"picked":"SlaversCollar"},{"not_picked":["Runic Dome","Fusion Hammer"],"picked":"SacredBark"}],"items_purged_floors":[],"is_endless":false,"potions_floor_spawned":[1,3,10,11,12,16,18,29,30,39,42],"killed_by":"Donu and Deca","ascension_level":9}}