{"host":"r20plk0ye00cesdc","time":1612926443,"event":{"mods":["BaseMod","Better Third Choice","Colored Powertips","Downfall","GifTheSpireLib","Minty Spire (QoL Compilation)","Quick Restart","StSLib"],"gold_per_floor":[99,36,52,70,70,70,144,161,175,175,201,230,250,268,286,386,436,336,352,56,56,56,72,72,89,89,89,89,89],"floor_reached":27,"language":"ENG","playtime":1630,"items_purged":["hexamod:Strike"],"score":290,"play_id":"1dcb3e85-8a2e-412d-b55a-f49bca993d7f","local_time":"20210209220723","is_ascension_mode":false,"campfire_choices":[{"data":"hexamod:Float","floor":1,"key":"SMITH"},{"data":"hexamod:RainOfEmbers","floor":10,"key":"SMITH"},{"floor":18,"key":"RECALL"},{"data":"hexamod:PhantomCloak","floor":26,"key":"SMITH"}],"circlet_count":0,"master_deck":["hexamod:Strike","hexamod:Strike","hexamod:Strike","hexamod:Defend","hexamod:Defend","hexamod:Defend","hexamod:Defend","hexamod:Sear","hexamod:Float+1","hexamod:BurningTouch+1","hexamod:Hexaguard","hexamod:RadiantFlame","hexamod:PhantomFireball","hexamod:FastForward","hexamod:RainOfEmbers+1","hexamod:EmpoweredFlame","hexamod:FastForward","hexamod:GhostflameBarrier","hexamod:VolcanoVisage","hexamod:NightmareGuise","hexamod:VolcanoVisage","hexamod:HeatShield","hexamod:SkipABeat","hexamod:BurningTouch+1","hexamod:FirstSeal","hexamod:PhantomFireball","hexamod:PhantomCloak+1"],"relics":["Bottled Tornado","Smiling Mask","Gambling Chip","Tiny House","downfall:HeartBlessingGreen","Frozen Eye","Nloth\u0027s Gift"],"acts_visited":["Exordium","TheCity"],"potions_floor_usage":[14,16,25,25,25],"damage_taken":[{"damage":0,"enemies":"downfall:FleeingMerchant","floor":2,"turns":4},{"damage":5,"enemies":"Small Slimes","floor":3,"turns":4},{"damage":6,"enemies":"Jaw Worm","floor":4,"turns":5},{"damage":0,"enemies":"Cultist","floor":6,"turns":1},{"damage":2,"enemies":"Blue Slaver","floor":8,"turns":4},{"damage":9,"enemies":"Gremlin Gang","floor":9,"turns":3},{"damage":21,"enemies":"Lagavulin","floor":12,"turns":7},{"damage":11,"enemies":"Large Slime","floor":13,"turns":3},{"damage":14,"enemies":"3 Louse","floor":14,"turns":4},{"damage":13,"enemies":"Exordium Thugs","floor":15,"turns":4},{"damage":0,"enemies":"SI_SHIV_ARCHETYPE","floor":16,"turns":6},{"damage":20,"enemies":"3 Byrds","floor":19,"turns":6},{"damage":4,"enemies":"downfall:FleeingMerchant","floor":20,"turns":4},{"damage":19,"enemies":"Shell Parasite","floor":23,"turns":8},{"damage":39,"enemies":"Shelled Parasite and Fungi","floor":25,"turns":6},{"damage":27,"enemies":"Gremlin Leader","floor":27,"turns":4}],"seed_played":"3408880281485220384","potions_obtained":[{"floor":4,"key":"champ:CounterPotion"},{"floor":9,"key":"Fruit Juice"},{"floor":14,"key":"SmokeBomb"},{"floor":16,"key":"Weak Potion"},{"floor":17,"key":"Slimebound:ThreeZeroPotion"},{"floor":19,"key":"ColorlessPotion"},{"floor":23,"key":"PowerPotion"}],"is_trial":false,"path_per_floor":["R","$","M","M","?","M","T","M","M","R","T","E","M","M","M","B",null,"R","M","$","?","?","M","T","M","R","E"],"character_chosen":"THE_SPIRIT","items_purchased":["hexamod:Hexaguard","hexamod:FirstSeal","Frozen Eye"],"campfire_rested":0,"item_purchase_floors":[2,20,20],"current_hp_per_floor":[77,77,72,66,66,66,66,64,55,55,55,34,23,14,1,1,87,87,67,63,63,63,51,51,19,19,0,0,0],"gold":89,"neow_bonus":"TEN_PERCENT_HP_BONUS","is_daily":false,"chose_seed":false,"campfire_upgraded":3,"win_rate":0.0,"timestamp":1612926443,"path_taken":["R","$","M","M","?","M","T","M","M","R","?","E","?","M","M","BOSS","R","M","$","?","?","M","T","M","R","E"],"items_purchased_type":["Card","Card","Relic"],"build_version":"2020-12-22","purchased_purges":1,"victory":false,"max_hp_per_floor":[77,77,77,77,77,77,77,77,77,77,77,77,77,82,82,82,87,87,87,87,87,87,87,87,87,87,87,87,87],"card_choices":[{"not_picked":["hexamod:UnleashSpirits","hexamod:GhostShield"],"picked":"hexamod:BurningTouch","floor":2},{"not_picked":["hexamod:ShieldOfDarkness","hexamod:Firestarter"],"picked":"hexamod:RadiantFlame","floor":3},{"not_picked":["hexamod:Incineration","hexamod:RecurringNightmare"],"picked":"hexamod:PhantomFireball","floor":4},{"not_picked":["hexamod:Firestarter","hexamod:Hexaguard"],"picked":"hexamod:FastForward","floor":6},{"not_picked":["hexamod:FourthSeal","hexamod:Hexaguard"],"picked":"hexamod:RainOfEmbers","floor":8},{"not_picked":["hexamod:NightmareGuise","hexamod:GhostShield"],"picked":"hexamod:EmpoweredFlame","floor":9},{"not_picked":["hexamod:ShieldOfDarkness","hexamod:Firestarter"],"picked":"hexamod:FastForward","floor":12},{"not_picked":["hexamod:RecurringNightmare","hexamod:GhostLash"],"picked":"hexamod:GhostflameBarrier","floor":13},{"not_picked":["hexamod:GhostflameBarrier","hexamod:ShieldOfDarkness"],"picked":"hexamod:VolcanoVisage","floor":14},{"not_picked":["hexamod:EtherealExpedition","hexamod:BurningTouch"],"picked":"hexamod:NightmareGuise","floor":15},{"not_picked":["hexamod:TimeWarp","hexamod:UnleashSpirits"],"picked":"hexamod:VolcanoVisage","floor":16},{"not_picked":["hexamod:Incineration","hexamod:PhantomFireball"],"picked":"hexamod:HeatShield","floor":17},{"not_picked":["hexamod:HauntingEcho+1","hexamod:BurningTouch"],"picked":"hexamod:SkipABeat","floor":19},{"not_picked":["hexamod:ShieldOfDarkness","hexamod:GhostflameBarrier"],"picked":"hexamod:BurningTouch+1","floor":20},{"not_picked":["hexamod:DynamicBlow","hexamod:NightmareGuise"],"picked":"hexamod:PhantomFireball","floor":23},{"not_picked":["hexamod:WildfireWeapon","hexamod:PhantomFireball"],"picked":"hexamod:PhantomCloak","floor":25}],"player_experience":263772,"relics_obtained":[{"floor":7,"key":"Bottled Tornado"},{"floor":11,"key":"Smiling Mask"},{"floor":12,"key":"Gambling Chip"}],"event_choices":[],"is_beta":false,"boss_relics":[{"not_picked":["Snecko Eye","Busted Crown"],"picked":"Tiny House"}],"items_purged_floors":[20],"is_endless":false,"potions_floor_spawned":[4,9,14,16,19,23],"killed_by":"Gremlin Leader","ascension_level":0}}