{"host":"8fs888ktgs0nww02","time":1612951058,"event":{"mods":["ATMod(阿瑾Mod)","Aspiration","BaseMod","Better-Laid Plans","Bossed Relics","Colored Powertips","Dota2Spire","Luminous","Minty Spire (QoL Compilation)","Relic Filter","Remove Card Discount Mod","Shop Mod","StSLib","TestMod","The Blackbeard","noobMod","篝火指南"],"gold_per_floor":[118,138,138,538,570,615,83,108,108,108,108,58,102,118,118,228,228,260,279,279,312,312,85,127,146,170,170,217,217,133,167,167,277,277,287,307,342,369,369,419,333,333,357,388,388,388,419,467,245,265],"floor_reached":51,"language":"ZHS","playtime":1779,"items_purged":["blackbeard:WiseDefense","blackbeard:BlackbeardStrike+1","blackbeard:BlackbeardStrike+1","blackbeard:BlackbeardDefend+1","blackbeard:BlackbeardDefend+1","blackbeard:IntimidatingStrike","blackbeard:BlackbeardDefend+1"],"score":954,"play_id":"4545172d-427a-4e02-83c5-ffadf481f4b3","local_time":"20210210175738","is_ascension_mode":false,"campfire_choices":[{"data":"AT_Dispersion","floor":11,"key":"SMITH"},{"data":"blackbeard:Cutlass","floor":15,"key":"SMITH"},{"floor":32,"key":"REST"}],"circlet_count":0,"master_deck":["blackbeard:BlackbeardStrike+1","blackbeard:BlackbeardDefend+1","blackbeard:Cutlass+1","AT_Dispersion+1","blackbeard:Dagger","blackbeard:BuriedTreasure","blackbeard:TerrorOfTheSeas","blackbeard:MegaUpgrade+1","blackbeard:DangerousBlow","blackbeard:BlindAttacks","blackbeard:GoldenStrike","blackbeard:Sword+1","blackbeard:DeadlyArsenal+1","blackbeard:CaptainsHat","AT_EmpoweredMortalDraw","blackbeard:DoubleBottom+1","blackbeard:GoldenDefense+1","blackbeard:WiseDefense+1","blackbeard:GoldenCannonball","blackbeard:RearmingStrike","blackbeard:BountyHunter","blackbeard:PirateHook+1","blackbeard:Salvager","blackbeard:ChaoticDefense+1","blackbeard:AgileStrike+1","blackbeard:WeaponMastery","blackbeard:CatONineTails+1","blackbeard:BlindAttacks+1","Pain","blackbeard:Spear+1","blackbeard:WiseDefense+1"],"relics":["blackbeard:LoadTheCannons","ice","testmod-TestBox","AT_ATBox","testmod-CrystalShield","aspiration:BabyByrd","Toxic Egg 2","AT_ImmortalShieldbow","Juzu Bracelet","Dota2Spire:PhaseBoots","AT_MortalBlade","blackbeard:CrossedSwords","Orichalcum","AT_ArchangelStaff","White Beast Statue","Dota2Spire:Bloodstone","Kunai","Lantern","WarpedTongs","AT_BladeRuinedKing"],"acts_visited":["Exordium","TheCity","TheBeyond"],"potions_floor_usage":[22,24,47,50,50,50,50],"damage_taken":[{"damage":6,"enemies":"2 Louse","floor":1,"turns":2},{"damage":0,"enemies":"Jaw Worm","floor":2,"turns":1},{"damage":15,"enemies":"Small Slimes","floor":5,"turns":4},{"damage":18,"enemies":"3 Sentries","floor":6,"turns":9},{"damage":1,"enemies":"3 Louse","floor":8,"turns":4},{"damage":9,"enemies":"Lagavulin","floor":13,"turns":5},{"damage":4,"enemies":"2 Fungi Beasts","floor":14,"turns":2},{"damage":10,"enemies":"Hexaghost","floor":16,"turns":6},{"damage":3,"enemies":"2 Thieves","floor":18,"turns":2},{"damage":0,"enemies":"Spheric Guardian","floor":19,"turns":1},{"damage":21,"enemies":"Centurion and Healer","floor":21,"turns":5},{"damage":18,"enemies":"Slavers","floor":24,"turns":3},{"damage":0,"enemies":"Snecko","floor":25,"turns":2},{"damage":11,"enemies":"Book of Stabbing","floor":28,"turns":4},{"damage":4,"enemies":"Cultist and Chosen","floor":31,"turns":3},{"damage":20,"enemies":"Collector","floor":33,"turns":7},{"damage":5,"enemies":"3 Darklings","floor":35,"turns":3},{"damage":0,"enemies":"Orb Walker","floor":36,"turns":2},{"damage":8,"enemies":"Maw","floor":37,"turns":5},{"damage":0,"enemies":"Sphere and 2 Shapes","floor":38,"turns":2},{"damage":36,"enemies":"Nemesis","floor":40,"turns":5},{"damage":0,"enemies":"Spire Growth","floor":44,"turns":2},{"damage":7,"enemies":"Transient","floor":47,"turns":5},{"damage":1,"enemies":"Jaw Worm Horde","floor":48,"turns":2},{"damage":42,"enemies":"Time Eater","floor":50,"turns":6}],"seed_played":"3491698175454020862","potions_obtained":[{"floor":2,"key":"SpeedPotion"},{"floor":14,"key":"Block Potion"},{"floor":16,"key":"ColorlessPotion"},{"floor":21,"key":"LiquidBronze"},{"floor":22,"key":"testmod-SpacePotion"},{"floor":22,"key":"GamblersBrew"},{"floor":22,"key":"Dota2Spire:HealingSalve"},{"floor":24,"key":"AttackPotion"},{"floor":33,"key":"BlessingOfTheForge"},{"floor":40,"key":"Regen Potion"},{"floor":47,"key":"Strength Potion"}],"is_trial":false,"path_per_floor":["M","M","?","?","M","E","R","M","T","?","R","?","E","M","R","B",null,"M","M","?","M","?","R","E","M","T","?","E","?","$","M","R","B",null,"M","M","M","M","?","E","$","?","T","M","?","?","M","M","R","B",null],"character_chosen":"BLACKBEARD_CLASS","items_purchased":["Toxic Egg 2","blackbeard:InfiniteBarrage","blackbeard:MegaUpgrade+1","blackbeard:DangerousBlow","blackbeard:CrossedSwords","blackbeard:GoldenCannonball","blackbeard:BountyHunter","blackbeard:CatONineTails+1","AT_BladeRuinedKing","blackbeard:Spear+1","blackbeard:WiseDefense+1"],"campfire_rested":1,"item_purchase_floors":[7,7,7,7,23,23,30,41,49,49,49],"current_hp_per_floor":[69,69,69,69,54,36,36,35,35,35,35,35,26,28,28,58,75,72,72,72,51,51,51,39,39,39,39,28,28,28,24,46,26,75,70,70,62,62,62,26,26,26,26,26,26,26,34,33,33,40],"gold":265,"neow_bonus":"THREE_ENEMY_KILL","is_daily":false,"chose_seed":false,"campfire_upgraded":2,"win_rate":0.0,"timestamp":1612951058,"path_taken":["M","M","?","?","M","E","R","M","T","?","R","?","E","M","R","BOSS","M","M","?","M","?","R","E","M","T","?","E","?","?","M","R","BOSS","M","M","M","M","?","E","$","?","T","M","?","?","M","M","R","BOSS"],"items_purchased_type":["Relic","Card","Card","Card","Relic","Card","Card","Card","Relic","Card","Card"],"build_version":"2020-12-22","purchased_purges":7,"victory":true,"max_hp_per_floor":[75,75,75,75,75,75,75,75,75,75,75,75,75,75,75,75,75,75,75,75,75,75,75,75,75,75,75,75,75,75,75,75,75,75,75,75,75,75,71,71,71,71,71,71,71,71,71,71,71,71],"card_choices":[{"not_picked":["blackbeard:CloakAndCannonball","blackbeard:Boarding"],"picked":"blackbeard:Dagger","floor":1},{"not_picked":["blackbeard:TacticalRetreat","blackbeard:BeatUp"],"picked":"blackbeard:BuriedTreasure","floor":2},{"not_picked":["blackbeard:PiratesWill","blackbeard:TacticalRetreat"],"picked":"blackbeard:WiseDefense","floor":5},{"not_picked":["blackbeard:DangerousBlow","blackbeard:Anchor"],"picked":"blackbeard:TerrorOfTheSeas","floor":6},{"not_picked":["blackbeard:CloakAndCannonball+1","blackbeard:PiratesWill+1"],"picked":"blackbeard:BlindAttacks","floor":8},{"not_picked":["blackbeard:BuriedTreasure+1","blackbeard:RemoveScurvy+1"],"picked":"blackbeard:Sword+1","floor":13},{"not_picked":["blackbeard:Sharpening+1","blackbeard:BuriedTreasure+1"],"picked":"blackbeard:DeadlyArsenal+1","floor":14},{"not_picked":["blackbeard:Halberd+1","blackbeard:MegaUpgrade+1"],"picked":"blackbeard:CaptainsHat","floor":16},{"not_picked":["blackbeard:Toast+1","blackbeard:WiseDefense+1"],"picked":"blackbeard:DoubleBottom+1","floor":18},{"not_picked":["blackbeard:BuriedTreasure+1","blackbeard:ArmorUp+1"],"picked":"blackbeard:GoldenDefense+1","floor":19},{"not_picked":["blackbeard:UndeadForm","blackbeard:PiratesWill+1"],"picked":"blackbeard:WiseDefense+1","floor":21},{"not_picked":["blackbeard:Dagger+1","blackbeard:GoldenCannonball"],"picked":"blackbeard:RearmingStrike","floor":24},{"not_picked":["blackbeard:BuriedTreasure+1","blackbeard:Sharpening+1","blackbeard:VengefulSpirit+1"],"picked":"SKIP","floor":25},{"not_picked":["blackbeard:WiseDefense+1","blackbeard:CannonBarrage+1","blackbeard:InfiniteBarrage"],"picked":"SKIP","floor":28},{"not_picked":["blackbeard:Dagger+1","blackbeard:DelayedPain+1"],"picked":"blackbeard:PirateHook+1","floor":31},{"not_picked":["blackbeard:UndeadForm","blackbeard:TheDrunkenSailor"],"picked":"blackbeard:Salvager","floor":33},{"not_picked":["blackbeard:PowderKeg+1","blackbeard:WiseDefense+1"],"picked":"blackbeard:SwordDance+1","floor":35},{"not_picked":["blackbeard:DoubleBottom+1","blackbeard:SwordDance+1","blackbeard:WiseDefense+1"],"picked":"SKIP","floor":36},{"not_picked":["blackbeard:CaptainsCabin+1","blackbeard:RearmingStrike"],"picked":"blackbeard:ChaoticDefense+1","floor":37},{"not_picked":["blackbeard:CannonBarrage+1","blackbeard:GhostInTheRum+1"],"picked":"blackbeard:AgileStrike+1","floor":38},{"not_picked":["blackbeard:Rum","blackbeard:Sharpening+1"],"picked":"blackbeard:WeaponMastery","floor":40},{"not_picked":["blackbeard:GoldenDefense+1","blackbeard:FieryDefense+1"],"picked":"blackbeard:BlindAttacks+1","floor":44},{"not_picked":["blackbeard:DeadlyArsenal+1","blackbeard:CaptainsCabin+1","blackbeard:Sharpening+1"],"picked":"SKIP","floor":47},{"not_picked":["blackbeard:Boarding+1","blackbeard:GhostInTheRum+1","blackbeard:Provisioning+1"],"picked":"SKIP","floor":48}],"player_experience":23017,"relics_obtained":[{"floor":6,"key":"Bottled Lightning"},{"floor":9,"key":"AT_ImmortalShieldbow"},{"floor":13,"key":"Dota2Spire:PhaseBoots"},{"floor":24,"key":"Orichalcum"},{"floor":26,"key":"AT_ArchangelStaff"},{"floor":28,"key":"White Beast Statue"},{"floor":40,"key":"Kunai"},{"floor":43,"key":"Lantern"}],"event_choices":[{"damage_healed":0,"gold_gain":400,"player_choice":"Sell","damage_taken":0,"max_hp_gain":0,"max_hp_loss":0,"event_name":"恩洛斯的盘子","floor":4,"relics_lost":["NeowsBlessing"],"gold_loss":0},{"damage_healed":0,"gold_gain":0,"player_choice":"Swap Relic","damage_taken":0,"relics_obtained":["Juzu Bracelet"],"max_hp_gain":0,"max_hp_loss":0,"event_name":"给自己的盒子","floor":10,"relics_lost":["Bottled Lightning"],"gold_loss":0},{"damage_healed":0,"gold_gain":0,"player_choice":"blackbeard:GoldenStrike","damage_taken":0,"max_hp_gain":0,"max_hp_loss":0,"event_name":"blackbeard:GoldsmithEvent","floor":12,"gold_loss":0,"cards_obtained":["blackbeard:GoldenStrike"]},{"damage_healed":0,"gold_gain":0,"player_choice":"Got Potions","damage_taken":0,"max_hp_gain":0,"max_hp_loss":0,"event_name":"Lab","floor":22,"gold_loss":0},{"damage_healed":0,"gold_gain":0,"player_choice":"Ignored","damage_taken":0,"max_hp_gain":0,"max_hp_loss":0,"event_name":"Ghosts","floor":27,"gold_loss":0},{"damage_healed":0,"gold_gain":0,"player_choice":"Simplicity","damage_taken":0,"max_hp_gain":0,"max_hp_loss":0,"event_name":"Back to Basics","floor":29,"gold_loss":0,"cards_upgraded":["blackbeard:BlackbeardStrike","blackbeard:BlackbeardStrike","blackbeard:BlackbeardStrike","blackbeard:BlackbeardDefend","blackbeard:BlackbeardDefend","blackbeard:BlackbeardDefend","blackbeard:BlackbeardDefend"]},{"damage_healed":0,"gold_gain":0,"player_choice":"Max HP","damage_taken":0,"max_hp_gain":0,"max_hp_loss":4,"event_name":"Winding Halls","floor":39,"gold_loss":0},{"cards_removed":["blackbeard:SwordDance"],"damage_healed":0,"gold_gain":0,"player_choice":"Purged","damage_taken":0,"max_hp_gain":0,"max_hp_loss":0,"event_name":"Purifier","floor":42,"gold_loss":0},{"cards_removed":["blackbeard:InfiniteBarrage"],"damage_healed":0,"gold_gain":0,"player_choice":"Removed Power","damage_taken":0,"max_hp_gain":0,"max_hp_loss":0,"event_name":"Falling","floor":45,"gold_loss":0},{"damage_healed":0,"gold_gain":0,"player_choice":"Rummage","damage_taken":0,"relics_obtained":["WarpedTongs"],"max_hp_gain":0,"max_hp_loss":0,"event_name":"Accursed Blacksmith","floor":46,"gold_loss":0,"cards_obtained":["Pain"]}],"is_beta":false,"boss_relics":[{"not_picked":["testmod-NegativeEmotionEnhancer","Runic Pyramid"],"picked":"AT_MortalBlade"},{"not_picked":["Dota2Spire:RefresherOrb","testmod-Recursion"],"picked":"Dota2Spire:Bloodstone"}],"items_purged_floors":[30,30,30,30,30,41,41],"is_endless":false,"potions_floor_spawned":[2,14,16,21,24,28,31,33,35,36,37,38,40,44,47,48],"ascension_level":0}}