{"host":"d52brwsy6af8zvaq","time":1612918535,"event":{"mods":["AchievementEnabler","BaseMod","Bestiary","Highlight Path","Minty Spire (QoL Compilation)","Quick Restart","Relic Stats","ojb\u0027s Better Paths Mod"],"gold_per_floor":[118,137,287,44,63,76,96,124,148,168,168,184,184,223,223,312,312,337,361,361,361,361],"floor_reached":21,"language":"ENG","playtime":820,"items_purged":["Doubt"],"score":386,"play_id":"80efd0e6-7606-41ea-9493-3d42895da917","local_time":"20210209175535","is_ascension_mode":true,"campfire_choices":[{"data":"Defragment","floor":13.0,"key":"SMITH"},{"data":"Zap","floor":15.0,"key":"SMITH"}],"circlet_count":0,"master_deck":["AscendersBane","Strike_B","Strike_B","Strike_B","Defend_B","Defend_B","Defend_B","Defend_B","Zap+1","Dualcast","Cold Snap","White Noise","FTL","Glacier","Ball Lightning","Defragment+1","Gash","Gash","Core Surge","Gash","BootSequence","Turbo","Creative AI+1","Stack","Capacitor+1"],"relics":["Cracked Core","Orrery","Boot","Lantern","Golden Idol","Dream Catcher","Philosopher\u0027s Stone"],"acts_visited":["TheCity"],"potions_floor_usage":[19],"damage_taken":[{"damage":0.0,"enemies":"Cultist","floor":1.0,"turns":3.0},{"damage":0.0,"enemies":"2 Louse","floor":2.0,"turns":3.0},{"damage":0.0,"enemies":"Jaw Worm","floor":5.0,"turns":3.0},{"damage":9.0,"enemies":"Exordium Wildlife","floor":6.0,"turns":6.0},{"damage":0.0,"enemies":"2 Fungi Beasts","floor":7.0,"turns":4.0},{"damage":24.0,"enemies":"Gremlin Nob","floor":8.0,"turns":4.0},{"damage":0.0,"enemies":"3 Louse","floor":10.0,"turns":3.0},{"damage":0.0,"enemies":"Red Slaver","floor":12.0,"turns":4.0},{"damage":4.0,"enemies":"3 Sentries","floor":14.0,"turns":6.0},{"damage":11.0,"enemies":"Hexaghost","floor":16.0,"turns":10.0},{"damage":13,"enemies":"2 Thieves","floor":18,"turns":5},{"damage":38,"enemies":"3 Byrds","floor":19,"turns":5},{"damage":4,"enemies":"3 Cultists","floor":21,"turns":2}],"seed_played":"-7245491657558890742","potions_obtained":[{"floor":1.0,"key":"EntropicBrew"},{"floor":5.0,"key":"EntropicBrew"},{"floor":8.0,"key":"Block Potion"},{"floor":10.0,"key":"Explosive Potion"},{"floor":12.0,"key":"Weak Potion"}],"is_trial":false,"path_per_floor":["M","M","?","$","M","M","M","E","T","M","?","M","R","E","R","B",null,"M","M","?","M"],"character_chosen":"DEFECT","items_purchased":["Orrery"],"campfire_rested":0,"item_purchase_floors":[4],"current_hp_per_floor":[64,64,64,64,64,55,55,31,31,31,31,31,31,27,27,16,52,39,1,1,0,0],"gold":361,"neow_bonus":"TRANSFORM_CARD","is_daily":false,"chose_seed":false,"campfire_upgraded":2,"win_rate":0.0,"timestamp":1612918535,"path_taken":["M","?","?","$","M","M","M","E","T","M","?","M","R","E","R","BOSS","M","M","?","?"],"items_purchased_type":["Relic"],"build_version":"2020-12-22","purchased_purges":1,"victory":false,"max_hp_per_floor":[71,71,71,71,71,71,71,71,71,71,64,64,64,64,64,64,64,64,64,64,64,64],"relic_stats":{"Dream Catcher":0,"counters":[13,58],"Golden Idol":39,"Boot":[36],"obtain_stats":[{"Lantern":9,"Dream Catcher":14,"Golden Idol":11,"Orrery":4,"Philosopher\u0027s Stone":17,"Cracked Core":0,"Boot":8},{"Lantern":6,"Dream Catcher":9,"Golden Idol":7,"Orrery":2,"Philosopher\u0027s Stone":10,"Cracked Core":0,"Boot":6},{"Lantern":23,"Dream Catcher":36,"Golden Idol":26,"Orrery":6,"Philosopher\u0027s Stone":46,"Cracked Core":0,"Boot":23}]},"card_choices":[{"not_picked":["Force Field","Rip and Tear"],"picked":"White Noise","floor":1.0},{"not_picked":["Scrape","Barrage"],"picked":"FTL","floor":2.0},{"not_picked":["Sweeping Beam","Gash"],"picked":"Glacier","floor":4.0},{"not_picked":["Cold Snap","Barrage"],"picked":"Ball Lightning","floor":4.0},{"not_picked":["Cold Snap","Fusion"],"picked":"Defragment","floor":5.0},{"not_picked":["Go for the Eyes","Conserve Battery"],"picked":"Gash","floor":6.0},{"not_picked":["Steam Power","Turbo"],"picked":"Gash","floor":7.0},{"not_picked":["Ball Lightning","Recycle"],"picked":"Core Surge","floor":8.0},{"not_picked":["Coolheaded","Sweeping Beam"],"picked":"Gash","floor":10.0},{"not_picked":["Aggregate","Steam Power"],"picked":"BootSequence","floor":12.0},{"not_picked":["Rip and Tear","Sweeping Beam"],"picked":"Turbo","floor":14.0},{"not_picked":["All For One","Machine Learning"],"picked":"Creative AI","floor":16.0},{"not_picked":["Redo+1","Hologram"],"picked":"Stack","floor":18},{"not_picked":["Cold Snap+1","Steam"],"picked":"Capacitor+1","floor":19}],"player_experience":2203120,"relics_obtained":[{"floor":8.0,"key":"Boot"},{"floor":9.0,"key":"Lantern"},{"floor":14.0,"key":"Dream Catcher"}],"event_choices":[{"damage_healed":0.0,"max_hp_gain":0.0,"max_hp_loss":0.0,"gold_gain":150.0,"event_name":"Liars Game","player_choice":"AGREE","floor":3.0,"gold_loss":0.0,"damage_taken":0.0,"cards_obtained":["Doubt"]},{"damage_healed":0.0,"max_hp_gain":0.0,"max_hp_loss":7.0,"gold_gain":0.0,"event_name":"Golden Idol","player_choice":"Lose Max HP","floor":11.0,"gold_loss":0.0,"damage_taken":0.0,"relics_obtained":["Golden Idol"]},{"damage_healed":0,"gold_gain":0,"player_choice":"Forge","damage_taken":0,"max_hp_gain":0,"max_hp_loss":0,"event_name":"Accursed Blacksmith","floor":20,"gold_loss":0,"cards_upgraded":["Creative AI"]}],"is_beta":false,"boss_relics":[{"not_picked":["Ectoplasm","Tiny House"],"picked":"Philosopher\u0027s Stone"}],"items_purged_floors":[4],"is_endless":false,"potions_floor_spawned":[1,5,8,10,12],"killed_by":"3 Cultists","ascension_level":20}}