{"host":"815dqs41i1y8uxms","time":1612985414,"event":{"mods":["A Penny For Your Troubles","Act Like it!","BaseMod","Elementarium","GungeonMod","Minty Spire (QoL Compilation)","Rare Cards Sparkle","Shop Mod","Spire Arcade","StSLib"],"gold_per_floor":[111,111,0,75,89,89,89,89,89],"floor_reached":8,"language":"ENG","playtime":418,"items_purged":["Injury"],"score":44,"play_id":"b4b5e551-ec19-4e63-8ca4-c31fb0696ccf","local_time":"20210210203014","is_ascension_mode":false,"campfire_choices":[{"data":"DemoMod:ManualReload","floor":6,"key":"SMITH"}],"circlet_count":0,"master_deck":["DemoMod:Strike_Huntress","DemoMod:Strike_Huntress","DemoMod:Strike_Huntress","DemoMod:Defend_Huntress","DemoMod:Defend_Huntress","DemoMod:Defend_Huntress","DemoMod:Defend_Huntress","DemoMod:Roll","DemoMod:ManualReload+1","DemoMod:RustySidearm","DemoMod:CrossBow","DemoMod:BattleInHaste","DemoMod:Evolver","DemoMod:HungryBullets"],"relics":["DemoMod:Dog","Gambling Chip","Golden Idol"],"acts_visited":["Exordium"],"potions_floor_usage":[5,8],"damage_taken":[{"damage":1,"enemies":"Cultist","floor":1,"turns":4},{"damage":0,"enemies":"Jaw Worm","floor":5,"turns":3},{"damage":66,"enemies":"3 Sentries","floor":8,"turns":14}],"seed_played":"-3011472393254588375","potions_obtained":[{"floor":1,"key":"Fire Potion"},{"floor":5,"key":"Regen Potion"}],"is_trial":false,"path_per_floor":["M","?","$","?","M","R","?","E"],"character_chosen":"HUNTRESS","items_purchased":["DemoMod:Evolver"],"campfire_rested":0,"item_purchase_floors":[3],"current_hp_per_floor":[62,62,62,51,51,51,51,0,0],"gold":89,"neow_bonus":"ONE_RARE_RELIC","is_daily":false,"chose_seed":false,"campfire_upgraded":1,"win_rate":0.0,"timestamp":1612985414,"path_taken":["M","?","$","?","M","R","?","E"],"items_purchased_type":["Card"],"build_version":"2020-12-22","purchased_purges":1,"victory":false,"max_hp_per_floor":[63,63,63,63,63,63,63,63,63],"card_choices":[{"not_picked":["DemoMod:FeignSurrender","DemoMod:SniperShot"],"picked":"DemoMod:BattleInHaste","floor":1},{"not_picked":["DemoMod:TableSutra","DemoMod:ChanceBullets"],"picked":"DemoMod:HungryBullets","floor":5}],"player_experience":3769219,"relics_obtained":[],"event_choices":[{"damage_healed":0,"gold_gain":0,"player_choice":"Take Wound","damage_taken":0,"relics_obtained":["Golden Idol"],"max_hp_gain":0,"max_hp_loss":0,"event_name":"Golden Idol","floor":2,"gold_loss":0,"cards_obtained":["Injury"]},{"damage_healed":0,"gold_gain":75,"player_choice":"Gather Gold","damage_taken":11,"max_hp_gain":0,"max_hp_loss":0,"event_name":"World of Goop","floor":4,"gold_loss":0},{"damage_healed":0,"gold_gain":0,"player_choice":"Ignored","damage_taken":0,"max_hp_gain":0,"max_hp_loss":0,"event_name":"NoteForYourself","floor":7,"gold_loss":0}],"is_beta":false,"boss_relics":[],"items_purged_floors":[3],"is_endless":false,"potions_floor_spawned":[1,5],"killed_by":"3 Sentries","ascension_level":0}}