{"host":"ds28d883r3sz42zs","time":1612992287,"event":{"mods":["2.2 Compatiblity","A Penny For Your Troubles","AchievementEnabler","Act Like it!","BaseMod","Bestiary","Better Match","Better Sensory Stone","Better Third Choice","Better-Laid Plans","BetterRewards","Block Reminder","Challenge The Spire","Colored Map","Colored Powertips","DeckTracker","Defuse TimeMaze Blight","Disable Question Mark Monsters","Displayed Cursed Tome","Emptier Cage","GifTheSpireLib","Gold Saver","Hallownest","Infinite Spire","Minty Spire (QoL Compilation)","Permanent Neow","Practice Mode","Quick Restart","Random Character Button","Rare Cards Sparkle","Relic Filter","Relic Sorter","Relic Stats","Reliquary","SacredBarkPlus","Shop Mod","Spire Arcade","StSLib","SuperFastMode","The Bug Knight","Uncapped","Unknown Chances","Wide Potions"],"gold_per_floor":[795,810,360,17,17,52,52,86,86,129,147,166,196,214,214,242,242],"floor_reached":16,"language":"ENG","playtime":665,"items_purged":["Strike_R","Strike_R"],"score":177,"play_id":"22459c50-db71-4789-a795-e76f5cd869a8","local_time":"20210210162447","is_ascension_mode":true,"campfire_choices":[{"data":"Havoc","floor":7,"key":"SMITH"},{"floor":15,"key":"REST"}],"circlet_count":0,"master_deck":["Strike_R","Strike_R","Strike_R","Defend_R","Defend_R","Defend_R","Bash","Panache","Inflame","Clothesline","Havoc+1","Impervious","Shrug It Off","Combust","Rampage","Armaments","Flame Barrier","Heavy Blade","True Grit"],"relics":["Burning Blood","reliquary:TatteredRug","Omamori","infinitespire:Midas Blood","reliquary:FeatherDuster","Ancient Tea Set","reliquary:NewFriend","reliquary:ExpiredCoupon"],"acts_visited":["Exordium"],"potions_floor_usage":[6,8,14],"damage_taken":[{"damage":11,"enemies":"Cultist","floor":1,"turns":4},{"damage":6,"enemies":"2 Louse","floor":2,"turns":3},{"damage":25,"enemies":"Lagavulin","floor":6,"turns":8},{"damage":17,"enemies":"3 Sentries","floor":8,"turns":12},{"damage":9,"enemies":"Lagavulin","floor":10,"turns":8},{"damage":4,"enemies":"infinitespire:Voidling","floor":11,"turns":3},{"damage":4,"enemies":"Looter","floor":12,"turns":4},{"damage":16,"enemies":"Exordium Thugs","floor":13,"turns":4},{"damage":0,"enemies":"Blue Slaver","floor":14,"turns":2},{"damage":37,"enemies":"Slime Boss","floor":16,"turns":10}],"seed_played":"4256682329995161770","potions_obtained":[{"floor":1,"key":"Block Potion"},{"floor":8,"key":"SpeedPotion"},{"floor":12,"key":"AttackPotion"}],"is_trial":false,"path_per_floor":["M","M","$","$","?","E","R","E","T","E","M","M","M","M","R","B"],"character_chosen":"IRONCLAD","items_purchased":["reliquary:TatteredRug","Omamori","Havoc","AttackPotion","infinitespire:Midas Blood"],"campfire_rested":1,"item_purchase_floors":[3,3,3,3,4],"current_hp_per_floor":[46,46,46,46,46,27,27,16,16,13,15,17,7,13,37,0,0],"gold":242,"neow_bonus":"RANDOM_COLORLESS_2","is_daily":false,"chose_seed":false,"campfire_upgraded":1,"win_rate":0.0,"timestamp":1612992287,"path_taken":["M","M","?","$","?","E","R","E","T","E","M","?","M","M","R","BOSS"],"items_purchased_type":["Relic","Relic","Card","Potion","Relic"],"build_version":"2020-12-22","purchased_purges":2,"victory":false,"max_hp_per_floor":[80,80,80,80,80,80,80,80,80,80,80,80,80,80,80,80,80],"relic_stats":{"counters":[10,58],"obtain_stats":[{"reliquary:FeatherDuster":6,"reliquary:ExpiredCoupon":10,"reliquary:NewFriend":9,"reliquary:TatteredRug":3,"Omamori":3,"Ancient Tea Set":8,"Burning Blood":0,"infinitespire:Midas Blood":4},{"reliquary:FeatherDuster":3,"reliquary:ExpiredCoupon":5,"reliquary:NewFriend":4,"reliquary:TatteredRug":2,"Omamori":2,"Ancient Tea Set":4,"Burning Blood":0,"infinitespire:Midas Blood":2},{"reliquary:FeatherDuster":15,"reliquary:ExpiredCoupon":35,"reliquary:NewFriend":27,"reliquary:TatteredRug":7,"Omamori":7,"Ancient Tea Set":27,"Burning Blood":0,"infinitespire:Midas Blood":7}],"Burning Blood":54},"card_choices":[{"not_picked":["Magnetism","Mayhem"],"picked":"Panache","floor":0},{"not_picked":["Evolve","Headbutt"],"picked":"Inflame","floor":1},{"not_picked":["Shrug It Off","Dark Embrace"],"picked":"Clothesline","floor":2},{"not_picked":["Thunderclap","Combust"],"picked":"Shrug It Off","floor":6},{"not_picked":["Havoc","Shrug It Off"],"picked":"Combust","floor":8},{"not_picked":["Shrug It Off","Blood for Blood"],"picked":"Rampage","floor":10},{"not_picked":["Intimidate","Heavy Blade"],"picked":"Armaments","floor":11},{"not_picked":["Armaments","Disarm"],"picked":"Flame Barrier","floor":12},{"not_picked":["Twin Strike","Carnage"],"picked":"Heavy Blade","floor":13},{"not_picked":["Intimidate","Sever Soul","True Grit"],"picked":"SKIP","floor":14},{"not_picked":["Intimidate","Sever Soul"],"picked":"True Grit","floor":14}],"player_experience":777923,"relics_obtained":[{"floor":6,"key":"reliquary:FeatherDuster"},{"floor":8,"key":"Ancient Tea Set"},{"floor":9,"key":"reliquary:NewFriend"},{"floor":10,"key":"reliquary:ExpiredCoupon"}],"event_choices":[{"damage_healed":0,"gold_gain":0,"cards_transformed":["Defend_R"],"player_choice":"Transformed","damage_taken":0,"max_hp_gain":0,"max_hp_loss":0,"event_name":"Transmorgrifier","floor":5,"gold_loss":0,"cards_obtained":["Impervious"]}],"is_beta":false,"boss_relics":[],"items_purged_floors":[3,4],"is_endless":false,"potions_floor_spawned":[1,8,12],"killed_by":"Slime Boss","ascension_level":9}}