{"host":"y0i0tbisecj7yjyn","time":1612924162,"event":{"mods":["2.2 Compatiblity","A Penny For Your Troubles","AchievementEnabler","AlwaysNeverKeys","BaseMod","BetterRewards","Colored Map","Colored Powertips","Consume Value Calculator","Curses Come First","Dark Map","Disable Question Mark Monsters","Displayed Cursed Tome","Highlight Path","Keyboard Shortcuts","Minty Spire (QoL Compilation)","Quick Restart","Random Character Button","Rare Cards Sparkle","Relic Sorter","StSLib","SuperFastMode","Transform Curses","Weighted Paths"],"gold_per_floor":[117,128,128,128,128,128,163,176,202,202,216,216,226,301,301,401,401,413,413,431,431,431,460,460,460,460],"floor_reached":25,"language":"ENG","playtime":1299,"items_purged":[],"score":263,"play_id":"563ae395-a851-4576-a8f8-fd26e56680d2","local_time":"20210209202922","is_ascension_mode":true,"campfire_choices":[{"floor":6,"key":"REST"},{"floor":12,"key":"REST"},{"floor":15,"key":"REST"},{"floor":24,"key":"REST"}],"circlet_count":0,"master_deck":["Strike_B","Strike_B","Strike_B","Strike_B","Defend_B","Defend_B","Defend_B","Zap","Dualcast","Ball Lightning","Capacitor","Coolheaded","Reinforced Body","Loop","Consume","White Noise","Biased Cognition","Conserve Battery","Coolheaded+1","Amplify"],"relics":["Cracked Core","Bird Faced Urn","Bottled Tornado","Orichalcum","Strawberry","Snecko Eye","MutagenicStrength","Art of War"],"acts_visited":["Exordium","TheCity"],"potions_floor_usage":[7,11,11,23],"damage_taken":[{"damage":6,"enemies":"Cultist","floor":1,"turns":3},{"damage":12,"enemies":"Jaw Worm","floor":2,"turns":2},{"damage":28,"enemies":"Gremlin Nob","floor":7,"turns":4},{"damage":0,"enemies":"Small Slimes","floor":8,"turns":2},{"damage":25,"enemies":"Exordium Thugs","floor":11,"turns":4},{"damage":1,"enemies":"2 Fungi Beasts","floor":13,"turns":4},{"damage":24,"enemies":"The Guardian","floor":16,"turns":11},{"damage":1,"enemies":"Shell Parasite","floor":18,"turns":5},{"damage":10,"enemies":"Spheric Guardian","floor":20,"turns":4},{"damage":51,"enemies":"Book of Stabbing","floor":23,"turns":5},{"damage":60,"enemies":"Gremlin Leader","floor":25,"turns":8}],"seed_played":"9110975673248012970","potions_obtained":[{"floor":1,"key":"FocusPotion"},{"floor":2,"key":"EssenceOfSteel"},{"floor":8,"key":"Explosive Potion"},{"floor":20,"key":"Weak Potion"}],"is_trial":false,"path_per_floor":["M","M","?","T","?","R","E","M","T","?","M","R","M","?","R","B",null,"M","?","M","?","?","E","R","E"],"character_chosen":"DEFECT","items_purchased":[],"campfire_rested":4,"item_purchase_floors":[],"current_hp_per_floor":[69,57,39,39,39,61,35,37,44,37,16,40,43,32,56,38,82,82,82,74,74,58,15,41,0,0],"gold":460,"neow_bonus":"","is_daily":false,"chose_seed":false,"campfire_upgraded":0,"win_rate":0.0,"timestamp":1612924162,"path_taken":["M","M","?","?","?","R","E","?","T","?","M","R","M","?","R","BOSS","M","?","M","?","?","E","R","E"],"items_purchased_type":[],"build_version":"2020-12-22","purchased_purges":0,"victory":false,"max_hp_per_floor":[75,75,75,75,75,75,75,75,82,82,82,82,82,82,82,82,82,82,82,82,82,87,87,87,87,87],"card_choices":[{"not_picked":["Chill","Sweeping Beam"],"picked":"Capacitor","floor":1},{"not_picked":["Fusion","Cold Snap"],"picked":"Coolheaded","floor":2},{"not_picked":["Steam","Doom and Gloom"],"picked":"Loop","floor":7},{"not_picked":["Beam Cell","Gash"],"picked":"Consume","floor":8},{"not_picked":["Go for the Eyes","Sweeping Beam","Undo"],"picked":"SKIP","floor":11},{"not_picked":["Cold Snap","Rebound"],"picked":"White Noise","floor":13},{"not_picked":["Amplify","Multi-Cast"],"picked":"Biased Cognition","floor":16},{"not_picked":["Beam Cell","Cold Snap"],"picked":"Conserve Battery","floor":18},{"not_picked":["BootSequence","Gash"],"picked":"Coolheaded+1","floor":20},{"not_picked":["Redo+1","Leap"],"picked":"Amplify","floor":23}],"player_experience":414508,"relics_obtained":[{"floor":4,"key":"Bottled Tornado"},{"floor":7,"key":"Orichalcum"},{"floor":9,"key":"Strawberry"},{"floor":23,"key":"Art of War"}],"event_choices":[{"damage_healed":0,"gold_gain":0,"player_choice":"Success","damage_taken":18,"relics_obtained":["Bird Faced Urn"],"max_hp_gain":0,"max_hp_loss":0,"event_name":"Scrap Ooze","floor":3,"gold_loss":0},{"damage_healed":0,"gold_gain":0,"player_choice":"1 cards matched","damage_taken":0,"max_hp_gain":0,"max_hp_loss":0,"event_name":"Match and Keep!","floor":5,"gold_loss":0,"cards_obtained":["Reinforced Body"]},{"cards_removed":["Defend_B"],"damage_healed":0,"gold_gain":0,"player_choice":"Card Removal","damage_taken":7,"max_hp_gain":0,"max_hp_loss":0,"event_name":"Golden Wing","floor":10,"gold_loss":0},{"damage_healed":0,"gold_gain":75,"player_choice":"Gather Gold","damage_taken":11,"max_hp_gain":0,"max_hp_loss":0,"event_name":"World of Goop","floor":14,"gold_loss":0},{"damage_healed":0,"gold_gain":0,"player_choice":"Ignored","damage_taken":0,"max_hp_gain":0,"max_hp_loss":0,"event_name":"Vampires","floor":19,"gold_loss":0},{"damage_healed":0,"gold_gain":0,"player_choice":"Inject Mutagens","damage_taken":0,"relics_obtained":["MutagenicStrength"],"max_hp_gain":0,"max_hp_loss":0,"event_name":"Drug Dealer","floor":21,"gold_loss":0},{"damage_healed":0,"gold_gain":0,"player_choice":"Shed Blood","damage_taken":21,"max_hp_gain":5,"max_hp_loss":0,"event_name":"Forgotten Altar","floor":22,"gold_loss":0}],"is_beta":false,"boss_relics":[{"not_picked":["Nuclear Battery","Runic Pyramid"],"picked":"Snecko Eye"}],"items_purged_floors":[],"is_endless":false,"potions_floor_spawned":[1,2,8,20],"killed_by":"Gremlin Leader","ascension_level":4}}