{"host":"dzs26xzxvr8oc34c","time":1612952359,"event":{"mods":["BaseMod","Colored Map","Downfall","Lobotomy","LobotomyExtend","Minty Spire (QoL Compilation)","StSLib","SuperFastMode","Waifu the Spire"],"gold_per_floor":[119,119,119,129,140,165,177,192,192,222,222,222,272,304,316,430,442,472,583,595,338,338,338],"floor_reached":22,"language":"ZHS","playtime":822,"items_purged":["SpecialBullet"],"score":230,"play_id":"22caf50b-827e-48fb-8f9a-f831014e9050","local_time":"20210210181919","is_ascension_mode":true,"campfire_choices":[],"circlet_count":0,"master_deck":["SpecialBullet","SpecialBullet","SpecialBullet","SpecialBullet","SpecialBullet","SpecialBullet","SecurityCode","ExtractionCode","CrimsonScar","Lamp+4","Logging","CrumblingArmor","BlueScar","Soda","Mercenary","Twilight","Scarecrow","Mimicry","SecurityCode"],"relics":["CogitoBucket","LetterFromLob","Question Card","Theresia","Juzu Bracelet","White Beast Statue","MawBank","Philosopher\u0027s Stone","Membership Card","Vajra"],"acts_visited":["Exordium","TheCity"],"potions_floor_usage":[22],"damage_taken":[{"damage":14.0,"enemies":"2 Louse","floor":1.0,"turns":3.0},{"damage":6.0,"enemies":"Cultist","floor":4.0,"turns":3.0},{"damage":11.0,"enemies":"Jaw Worm","floor":5.0,"turns":2.0},{"damage":54.0,"enemies":"3 Sentries","floor":6.0,"turns":6.0},{"damage":8.0,"enemies":"Large Slime","floor":7.0,"turns":4.0},{"damage":20.0,"enemies":"Exordium Thugs","floor":8.0,"turns":5.0},{"damage":0,"enemies":"Lagavulin","floor":10,"turns":4},{"damage":0,"enemies":"Looter","floor":14,"turns":1},{"damage":36,"enemies":"Hexaghost","floor":16,"turns":5},{"damage":4,"enemies":"Chosen","floor":18,"turns":3},{"damage":91,"enemies":"2 Thieves","floor":22,"turns":4}],"seed_played":"-2713821203062737892","potions_obtained":[{"floor":1.0,"key":"BlessingOfTheForge"},{"floor":6.0,"key":"SteroidPotion"},{"floor":7.0,"key":"FearPotion"},{"floor":14,"key":"ColorlessPotion"}],"is_trial":false,"path_per_floor":["M","?","?","M","M","E","M","M","T","E","?","R","T","M","R","B",null,"M","?","?","$","M"],"character_chosen":"Angela","items_purchased":["Membership Card","Vajra"],"campfire_rested":0,"item_purchase_floors":[21,21],"current_hp_per_floor":[64,64,64,66,63,21,25,19,19,31,31,31,31,43,43,31,70,70,70,70,70,0,0],"gold":338,"neow_bonus":"TRANSFORM_CARD","is_daily":false,"chose_seed":false,"campfire_upgraded":0,"win_rate":0.0,"timestamp":1612952359,"path_taken":["M","?","?","M","M","E","?","M","T","E","?","R","?","M","R","BOSS","M","?","?","$","M"],"items_purchased_type":["Relic","Relic"],"build_version":"2020-12-22","purchased_purges":1,"victory":false,"max_hp_per_floor":[70,70,70,70,70,70,70,70,70,70,70,70,70,70,70,70,70,70,70,70,70,70,70],"card_choices":[{"not_picked":["GrinderMk4","Beak"],"picked":"SKIP","floor":1.0},{"not_picked":["Discord","RedEyes"],"picked":"SKIP","floor":1.0},{"not_picked":["FourthMatchFlame"],"picked":"Lamp","floor":4.0},{"not_picked":["Hypocrisy"],"picked":"Logging","floor":4.0},{"not_picked":["UniverseFragment","CherryBlossoms"],"picked":"CrumblingArmor","floor":5.0},{"not_picked":["InTheNameOfLoveAndHate","WristCuter"],"picked":"SKIP","floor":5.0},{"not_picked":["InTheNameOfLoveAndHate","WristCuter"],"picked":"SKIP","floor":5.0},{"not_picked":["Wingbeat"],"picked":"BlueScar","floor":6.0},{"not_picked":["FeatherOfHonor","Spore"],"picked":"Soda","floor":7.0},{"not_picked":["SingingMachine","Laetitia"],"picked":"Mercenary","floor":8.0},{"not_picked":["RedEyes","GreenStem"],"picked":"Twilight","floor":8.0},{"not_picked":["SomewhereSpear","RedEyes","Amita"],"picked":"SKIP","floor":10},{"not_picked":["Regret_ego","Discord","CherryBlossom"],"picked":"SKIP","floor":10},{"not_picked":["SpiderBud","Porccubus"],"picked":"Scarecrow","floor":14},{"not_picked":["Loneliness","SoundOfStar","CUTE"],"picked":"SKIP","floor":14},{"not_picked":["Loneliness","SoundOfStar","CUTE"],"picked":"SKIP","floor":14},{"not_picked":["DaCapo","Twilight"],"picked":"Mimicry","floor":16},{"not_picked":["SolemnVow+1","Reverberation+1","Hornet+1"],"picked":"SKIP","floor":18}],"player_experience":1247731,"relics_obtained":[{"floor":1.0,"key":"LetterFromLob"},{"floor":6.0,"key":"Question Card"},{"floor":10,"key":"Juzu Bracelet"},{"floor":13,"key":"MawBank"}],"event_choices":[{"damage_healed":0.0,"max_hp_gain":0.0,"max_hp_loss":0.0,"gold_gain":0.0,"event_name":"The Cleric","player_choice":"Leave","floor":2.0,"gold_loss":0.0,"damage_taken":0.0},{"cards_removed":["SpecialBullet"],"damage_healed":0.0,"max_hp_gain":0.0,"max_hp_loss":0.0,"gold_gain":0.0,"event_name":"Purifier","player_choice":"Purged","floor":3.0,"gold_loss":0.0,"damage_taken":0.0},{"damage_healed":0,"gold_gain":0,"player_choice":"Box","damage_taken":0,"relics_obtained":["White Beast Statue"],"max_hp_gain":0,"max_hp_loss":0,"event_name":"Big Fish","floor":11,"gold_loss":0,"cards_obtained":["Regret"]},{"damage_healed":0,"gold_gain":99,"player_choice":"Stole From Cult","damage_taken":0,"max_hp_gain":0,"max_hp_loss":0,"event_name":"Nest","floor":19,"gold_loss":0},{"damage_healed":0,"gold_gain":0,"player_choice":"Copied","damage_taken":0,"max_hp_gain":0,"max_hp_loss":0,"event_name":"Duplicator","floor":20,"gold_loss":0,"cards_obtained":["SecurityCode"]}],"is_beta":false,"boss_relics":[{"not_picked":["SacredBark","bronze:MakeshiftBattery"],"picked":"Philosopher\u0027s Stone"}],"items_purged_floors":[21],"is_endless":false,"potions_floor_spawned":[1,6,7,14,16,18],"killed_by":"2 Thieves","ascension_level":1}}