{"host":"fdq5pmhluajjrf8d","time":1612983322,"event":{"mods":["BaseMod","Minty Spire (QoL Compilation)"],"gold_per_floor":[115,115,63,78,93,93,122,122,122,122,134,152,117,117,117,194,194,211,246,264,264,276,276,288,299,325,325,325,325],"floor_reached":28,"language":"ENG","playtime":1586,"items_purged":[],"score":465,"play_id":"fb1a6f8a-08c6-4edb-9c84-1ee2db23a629","local_time":"20210210135522","is_ascension_mode":true,"campfire_choices":[{"floor":8.0,"key":"RECALL"},{"data":"Zap","floor":10.0,"key":"SMITH"},{"floor":15.0,"key":"REST"},{"floor":23.0,"key":"REST"},{"floor":27,"key":"REST"}],"circlet_count":0,"master_deck":["AscendersBane","Strike_B","Strike_B","Defend_B","Defend_B","Defend_B","Zap+1","Dualcast","Coolheaded","Gash","Gash","Scrape","FTL","Beam Cell","Hyperbeam","Sweeping Beam+1","Scrape+1","Defragment+1","Gash","Gash"],"relics":["Cracked Core","Bottled Flame","Eternal Feather","Astrolabe","Red Mask"],"acts_visited":["Exordium","TheCity"],"potions_floor_usage":[],"damage_taken":[{"damage":1.0,"enemies":"Cultist","floor":1.0,"turns":3.0},{"damage":12.0,"enemies":"Jaw Worm","floor":4.0,"turns":5.0},{"damage":1.0,"enemies":"2 Louse","floor":5.0,"turns":3.0},{"damage":23.0,"enemies":"Lagavulin","floor":7.0,"turns":7.0},{"damage":28.0,"enemies":"Exordium Thugs","floor":11.0,"turns":4.0},{"damage":1.0,"enemies":"Blue Slaver","floor":12.0,"turns":2.0},{"damage":45.0,"enemies":"Hexaghost","floor":16.0,"turns":9.0},{"damage":0.0,"enemies":"Spheric Guardian","floor":18.0,"turns":2.0},{"damage":12.0,"enemies":"Masked Bandits","floor":19.0,"turns":3.0},{"damage":12.0,"enemies":"3 Byrds","floor":20.0,"turns":3.0},{"damage":40.0,"enemies":"Shelled Parasite and Fungi","floor":22.0,"turns":4.0},{"damage":17.0,"enemies":"Centurion and Healer","floor":24.0,"turns":4.0},{"damage":18.0,"enemies":"Snake Plant","floor":25.0,"turns":3.0},{"damage":54,"enemies":"Slavers","floor":28,"turns":3}],"seed_played":"4080594055320474578","potions_obtained":[{"floor":4.0,"key":"SkillPotion"},{"floor":7.0,"key":"FocusPotion"},{"floor":16.0,"key":"DistilledChaos"},{"floor":22.0,"key":"GamblersBrew"},{"floor":24.0,"key":"LiquidBronze"}],"is_trial":false,"path_per_floor":["M","?","$","M","M","?","E","R","T","R","M","M","?","$","R","B",null,"M","?","M","?","M","R","M","M","T","R","E"],"character_chosen":"DEFECT","items_purchased":["Gash"],"campfire_rested":3,"item_purchase_floors":[3],"current_hp_per_floor":[70,59,59,47,46,46,23,23,23,32,4,3,22,22,54,9,61,61,49,37,53,13,45,28,10,10,45,0,0],"gold":325,"neow_bonus":"TEN_PERCENT_HP_BONUS","is_daily":false,"chose_seed":false,"campfire_upgraded":1,"win_rate":0.0,"timestamp":1612983322,"path_taken":["M","?","?","M","M","?","E","R","T","R","?","M","?","?","R","BOSS","M","?","M","?","M","R","M","M","T","R","E"],"items_purchased_type":["Card"],"build_version":"2020-12-22","purchased_purges":0,"victory":false,"max_hp_per_floor":[78,78,78,78,78,78,78,78,78,78,78,78,78,78,78,78,78,78,78,78,78,78,78,78,78,78,78,78,78],"card_choices":[{"not_picked":["Hologram","Rebound"],"picked":"Coolheaded","floor":1.0},{"not_picked":["Beam Cell","Conserve Battery"],"picked":"Gash","floor":4.0},{"not_picked":["Sweeping Beam","Turbo"],"picked":"Scrape","floor":5.0},{"not_picked":["Scrape","Sweeping Beam"],"picked":"FTL","floor":7.0},{"not_picked":["Leap","Streamline","Genetic Algorithm"],"picked":"SKIP","floor":11.0},{"not_picked":["Stack","Buffer"],"picked":"Beam Cell","floor":12.0},{"not_picked":["Amplify","Biased Cognition"],"picked":"Hyperbeam","floor":16.0},{"not_picked":["Sweeping Beam","Darkness+1","Rebound"],"picked":"SKIP","floor":18.0},{"not_picked":["Loop+1","Leap"],"picked":"Gash","floor":20.0},{"not_picked":["Turbo","Conserve Battery","Rip and Tear"],"picked":"SKIP","floor":22.0},{"not_picked":["Cold Snap+1","Barrage"],"picked":"Gash","floor":24.0},{"not_picked":["Undo","Hologram","Barrage"],"picked":"SKIP","floor":25.0}],"player_experience":1981230,"relics_obtained":[{"floor":7.0,"key":"Bottled Flame"},{"floor":9.0,"key":"Eternal Feather"},{"floor":19.0,"key":"Red Mask"}],"event_choices":[{"damage_healed":0.0,"max_hp_gain":0.0,"max_hp_loss":0.0,"gold_gain":0.0,"event_name":"Wheel of Change","player_choice":"Damaged","floor":2.0,"gold_loss":0.0,"damage_taken":11.0},{"damage_healed":0.0,"max_hp_gain":0.0,"max_hp_loss":0.0,"gold_gain":0.0,"event_name":"Golden Wing","player_choice":"Ignored","floor":6.0,"gold_loss":0.0,"damage_taken":0.0},{"damage_healed":19.0,"max_hp_gain":0.0,"max_hp_loss":0.0,"gold_gain":0.0,"event_name":"The Cleric","player_choice":"Healed","floor":13.0,"gold_loss":35.0,"damage_taken":0.0},{"damage_healed":0.0,"max_hp_gain":0.0,"max_hp_loss":0.0,"gold_gain":0.0,"event_name":"Masked Bandits","player_choice":"Fought Bandits","floor":19.0,"gold_loss":0.0,"damage_taken":0.0},{"damage_healed":16.0,"max_hp_gain":0.0,"max_hp_loss":0.0,"gold_gain":0.0,"event_name":"The Library","player_choice":"Heal","floor":21.0,"gold_loss":0.0,"damage_taken":0.0}],"is_beta":false,"boss_relics":[{"not_picked":["Tiny House","Cursed Key"],"picked":"Astrolabe"}],"items_purged_floors":[],"is_endless":false,"potions_floor_spawned":[4,7,16,22,24],"killed_by":"Slavers","ascension_level":20}}