{"host":"0qevis500jgmlc2v","time":1612926793,"event":{"mods":["Act Like it!","Aspiration","BaseMod","Conspire","Energized Spire","Friendly Minions","GifTheSpireLib","Hubris","KinomotoSakuraMod(木之本樱)","KomeijiMod","Marisa（F雨　魔理沙）","Minty Spire (QoL Compilation)","Pale of the Ancients","Quick Restart","Shop Mod","StSLib","【功能Mod】聪明的最终Boss"],"gold_per_floor":[112,131,131,143,158,158,83,118,118,118,118],"floor_reached":10,"language":"ZHS","playtime":356,"items_purged":[],"score":136,"play_id":"7ba437a7-b3cc-4f19-90fe-41f9ec3c2cca","local_time":"20210210111313","is_ascension_mode":true,"campfire_choices":[{"data":"Tactician","floor":6.0,"key":"SMITH"}],"circlet_count":0,"master_deck":["AscendersBane","Strike_G","Strike_G","Strike_G","Strike_G","Strike_G","Defend_G","Defend_G","Defend_G","Survivor","Neutralize","Backflip","hubris:Sniper","Tactician+1","PiercingWail","Storm of Steel"],"relics":["Ring of the Snake","aspiration:Nostalgia","PureWater","Bag of Marbles","conspire:Flyswatter"],"acts_visited":["Exordium"],"potions_floor_usage":[],"damage_taken":[{"damage":0.0,"enemies":"2 Louse","floor":1.0,"turns":5.0},{"damage":1.0,"enemies":"Cultist","floor":2.0,"turns":4.0},{"damage":2.0,"enemies":"Jaw Worm","floor":4.0,"turns":4.0},{"damage":13.0,"enemies":"Blue Slaver","floor":5.0,"turns":7.0},{"damage":3.0,"enemies":"Gremlin Nob","floor":8.0,"turns":4.0},{"damage":0,"enemies":"3 Sentries","floor":10,"turns":1}],"seed_played":"-7896357682693026248","potions_obtained":[{"floor":1.0,"key":"AttackPotion"},{"floor":4.0,"key":"PowerPotion"},{"floor":8.0,"key":"EssenceOfSteel"}],"is_trial":false,"path_per_floor":["M","M","?","M","M","R","?","E","T","E"],"character_chosen":"THE_SILENT","items_purchased":[],"campfire_rested":0,"item_purchase_floors":[],"current_hp_per_floor":[59,58,58,56,43,43,43,40,40,40,40],"gold":118,"neow_bonus":"NOSTALGIA","is_daily":false,"chose_seed":false,"campfire_upgraded":1,"win_rate":0.0,"timestamp":1612926793,"path_taken":["M","M","?","?","M","R","?","E","T","E"],"items_purchased_type":[],"build_version":"2020-12-22","purchased_purges":0,"victory":false,"max_hp_per_floor":[66,66,66,66,66,66,66,66,66,66,66],"card_choices":[{"not_picked":["All Out Attack","Cloak And Dagger"],"picked":"Backflip","floor":1.0},{"not_picked":["Infinite Blades","Flying Knee"],"picked":"hubris:Sniper","floor":2.0},{"not_picked":["Poisoned Stab","Cloak And Dagger"],"picked":"Tactician","floor":4.0},{"not_picked":["Choke","Dash"],"picked":"PiercingWail","floor":5.0},{"not_picked":["Setup","hubris:SlightOfHand"],"picked":"Storm of Steel","floor":8.0}],"player_experience":922946,"relics_obtained":[{"floor":8.0,"key":"Bag of Marbles"},{"floor":9.0,"key":"conspire:Flyswatter"}],"event_choices":[{"cards_removed":["Defend_G"],"damage_healed":0.0,"max_hp_gain":0.0,"max_hp_loss":0.0,"gold_gain":0.0,"event_name":"Purifier","player_choice":"Purged","floor":3.0,"gold_loss":0.0,"damage_taken":0.0},{"cards_removed":["Defend_G"],"damage_healed":0.0,"max_hp_gain":0.0,"max_hp_loss":0.0,"gold_gain":0.0,"event_name":"The Cleric","player_choice":"Card Removal","floor":7.0,"gold_loss":75.0,"damage_taken":0.0}],"is_beta":false,"boss_relics":[],"items_purged_floors":[],"is_endless":false,"potions_floor_spawned":[1,4,5,8],"killed_by":"3 Sentries","ascension_level":20}}