{"host":"5h6e4l6hpn0p5lap","time":1612928130,"event":{"mods":["AchievementEnabler","BaseMod","Better Altar","Better Match","Better Sensory Stone","Better Skull","Better Third Choice","Colored Map","Filter the Spire","Minty Spire (QoL Compilation)","StSLib"],"gold_per_floor":[114,127,127,141,157,157,187,204,228,241,241,258,277,53,53,155,155,123,48,0,0,0,0,18,30,30,30,130,130,30,40,40,144,144,157,157,175,195,124,124,124,124,151,151,165,180,180,206,206,206],"floor_reached":51,"language":"ENG","playtime":2406,"items_purged":["Strike_R","Shame"],"score":899,"play_id":"794cbc0c-d96d-4cdf-b760-8c0333b77d4c","local_time":"20210209223530","is_ascension_mode":true,"campfire_choices":[{"data":"Intimidate","floor":6,"key":"SMITH"},{"data":"Corruption","floor":15,"key":"SMITH"},{"floor":23,"key":"REST"},{"data":"Limit Break","floor":29,"key":"SMITH"},{"data":"Shrug It Off","floor":32,"key":"SMITH"},{"data":"Feel No Pain","floor":40,"key":"SMITH"},{"data":"Feel No Pain","floor":42,"key":"SMITH"},{"data":"Dark Embrace","floor":44,"key":"SMITH"},{"floor":47,"key":"REST"},{"data":"Flex","floor":49,"key":"SMITH"}],"circlet_count":0,"master_deck":["Bash","Heavy Blade","Feel No Pain+1","Twin Strike","Burning Pact","Intimidate+1","Sword Boomerang","Dark Embrace","Shrug It Off","Armaments","Limit Break+1","Impervious","Corruption+1","Disarm","Cleave","Feed","Flex","Spot Weakness","Flame Barrier","Shrug It Off+1","Impervious","Pummel+1","Dark Embrace+1","Parasite","Flex+1","Feel No Pain+1","True Grit","Disarm","Infernal Blade"],"relics":["Burning Blood","Toy Ornithopter","Orichalcum","Vajra","Orrery","Mark of Pain","Ancient Tea Set","Bag of Preparation","Peace Pipe","Paper Frog","Pandora\u0027s Box","Juzu Bracelet","Self Forming Clay"],"acts_visited":["Exordium","TheCity","TheBeyond"],"potions_floor_usage":[7,10,12,28,33,33,38],"damage_taken":[{"damage":9,"enemies":"Jaw Worm","floor":1,"turns":5},{"damage":0,"enemies":"Small Slimes","floor":2,"turns":3},{"damage":1,"enemies":"Cultist","floor":4,"turns":4},{"damage":5,"enemies":"Exordium Wildlife","floor":5,"turns":3},{"damage":33,"enemies":"Lagavulin","floor":7,"turns":8},{"damage":14,"enemies":"2 Fungi Beasts","floor":8,"turns":3},{"damage":2,"enemies":"Exordium Thugs","floor":10,"turns":4},{"damage":18,"enemies":"Large Slime","floor":12,"turns":7},{"damage":21,"enemies":"Exordium Wildlife","floor":13,"turns":5},{"damage":37,"enemies":"The Guardian","floor":16,"turns":15},{"damage":24,"enemies":"2 Thieves","floor":18,"turns":5},{"damage":0,"enemies":"Chosen","floor":24,"turns":6},{"damage":8,"enemies":"Snecko","floor":25,"turns":5},{"damage":0,"enemies":"Colosseum Slavers","floor":28,"turns":4},{"damage":24,"enemies":"Colosseum Nobs","floor":28,"turns":6},{"damage":6,"enemies":"Snake Plant","floor":31,"turns":6},{"damage":20,"enemies":"Automaton","floor":33,"turns":9},{"damage":0,"enemies":"3 Shapes","floor":35,"turns":6},{"damage":6,"enemies":"Orb Walker","floor":37,"turns":3},{"damage":31,"enemies":"Writhing Mass","floor":38,"turns":6},{"damage":21,"enemies":"Jaw Worm Horde","floor":45,"turns":5},{"damage":11,"enemies":"Spire Growth","floor":46,"turns":7},{"damage":0,"enemies":"Nemesis","floor":48,"turns":5},{"damage":64,"enemies":"Awakened One","floor":50,"turns":10}],"seed_played":"4183410160305330935","potions_obtained":[{"floor":2,"key":"Dexterity Potion"},{"floor":4,"key":"PowerPotion"},{"floor":8,"key":"Fire Potion"},{"floor":12,"key":"BloodPotion"},{"floor":25,"key":"AttackPotion"},{"floor":28,"key":"Block Potion"},{"floor":31,"key":"Explosive Potion"}],"is_trial":false,"path_per_floor":["M","M","?","M","M","R","E","M","T","M","?","M","M","$","R","B",null,"M","$","?","$","?","R","M","M","T","?","?","R","$","M","R","B",null,"M","?","M","M","$","R","$","R","T","R","M","M","R","E","R","B",null],"character_chosen":"IRONCLAD","items_purchased":["Limit Break","Orrery","Feel No Pain"],"campfire_rested":2,"item_purchase_floors":[14,14,39],"current_hp_per_floor":[77,80,73,78,79,79,53,45,45,54,54,63,48,48,48,17,64,46,46,46,46,46,70,76,78,78,78,66,66,66,66,66,62,79,87,87,90,65,65,65,65,65,65,65,50,45,72,78,78,20],"gold":206,"neow_bonus":"TRANSFORM_CARD","is_daily":false,"chose_seed":false,"campfire_upgraded":8,"win_rate":0.0,"timestamp":1612928130,"path_taken":["M","M","?","M","M","R","E","M","T","M","?","?","M","$","R","BOSS","M","$","?","$","?","R","M","?","T","?","?","R","?","M","R","BOSS","M","?","M","M","?","R","$","R","T","R","M","M","R","E","R","BOSS"],"items_purchased_type":["Card","Relic","Card"],"build_version":"2020-12-22","purchased_purges":2,"victory":true,"max_hp_per_floor":[80,80,80,80,80,80,80,80,80,80,80,80,80,80,80,80,80,80,80,80,80,80,80,80,84,84,84,84,84,84,84,84,84,84,87,87,90,90,90,90,90,90,90,90,90,90,90,90,90,90],"card_choices":[{"not_picked":["Warcry","Combust"],"picked":"Feel No Pain","floor":1},{"not_picked":["Dual Wield","Wild Strike"],"picked":"Twin Strike","floor":2},{"not_picked":["Iron Wave","Shrug It Off"],"picked":"Burning Pact","floor":4},{"not_picked":["Clothesline","Clash"],"picked":"Intimidate","floor":5},{"not_picked":["Thunderclap","Searing Blow"],"picked":"Anger","floor":7},{"not_picked":["Iron Wave","Clash"],"picked":"Sword Boomerang","floor":8},{"not_picked":["Sever Soul","Barricade"],"picked":"Dark Embrace","floor":10},{"not_picked":["Pummel","Flex"],"picked":"Shrug It Off","floor":12},{"not_picked":["Clothesline","Heavy Blade"],"picked":"Armaments","floor":13},{"not_picked":["Twin Strike","Headbutt"],"picked":"Impervious","floor":14},{"not_picked":["Flex","Uppercut"],"picked":"Corruption","floor":14},{"not_picked":["Sever Soul","True Grit"],"picked":"Disarm","floor":14},{"not_picked":["Seeing Red","Twin Strike"],"picked":"Cleave","floor":14},{"not_picked":["Fiend Fire","Exhume"],"picked":"Feed","floor":16},{"not_picked":["Hemokinesis+1","Twin Strike","Wild Strike"],"picked":"SKIP","floor":18},{"not_picked":["Body Slam","Flame Barrier"],"picked":"Flex","floor":24},{"not_picked":["Sever Soul+1","Flex"],"picked":"Spot Weakness","floor":25},{"not_picked":["Flex","Shrug It Off"],"picked":"Flame Barrier","floor":28},{"not_picked":["Blood for Blood","Shockwave"],"picked":"Shrug It Off","floor":31},{"not_picked":["Demon Form","Fiend Fire"],"picked":"Impervious","floor":33},{"not_picked":["Second Wind+1","Carnage+1"],"picked":"Pummel+1","floor":35},{"not_picked":["Heavy Blade","Clash+1","Shockwave"],"picked":"SKIP","floor":37},{"not_picked":["Body Slam","Wild Strike+1"],"picked":"Flex","floor":38},{"not_picked":["Thunderclap","Infernal Blade"],"picked":"True Grit","floor":45},{"not_picked":["Dropkick+1","Thunderclap"],"picked":"Disarm","floor":46},{"not_picked":["Fiend Fire","Heavy Blade"],"picked":"Infernal Blade","floor":48}],"player_experience":1095630,"relics_obtained":[{"floor":7,"key":"Orichalcum"},{"floor":9,"key":"Vajra"},{"floor":26,"key":"Bag of Preparation"},{"floor":28,"key":"Peace Pipe"},{"floor":28,"key":"Paper Frog"},{"floor":43,"key":"Juzu Bracelet"},{"floor":48,"key":"Self Forming Clay"}],"event_choices":[{"damage_healed":0,"gold_gain":0,"player_choice":"Relic ","damage_taken":7,"max_hp_gain":0,"max_hp_loss":0,"event_name":"betterThird:BetterScrap","floor":3,"gold_loss":0,"cards_obtained":["Recycle"]},{"damage_healed":0,"gold_gain":0,"player_choice":"Bought 0 Potions","damage_taken":0,"max_hp_gain":0,"max_hp_loss":0,"event_name":"The Woman in Blue","floor":11,"gold_loss":0},{"damage_healed":0,"gold_gain":0,"player_choice":"Paid Fearfully","damage_taken":0,"max_hp_gain":0,"max_hp_loss":0,"event_name":"Masked Bandits","floor":20,"gold_loss":48},{"damage_healed":0,"gold_gain":0,"player_choice":"Stole Relic","damage_taken":0,"relics_obtained":["Ancient Tea Set"],"max_hp_gain":0,"max_hp_loss":0,"event_name":"Addict","floor":22,"gold_loss":0,"cards_obtained":["Shame"]},{"damage_healed":0,"gold_gain":0,"player_choice":"Simplicity","damage_taken":0,"max_hp_gain":0,"max_hp_loss":7,"event_name":"betterThird:BetterWriting","floor":27,"gold_loss":0},{"damage_healed":0,"gold_gain":0,"player_choice":"Fight","damage_taken":0,"max_hp_gain":0,"max_hp_loss":0,"event_name":"Colosseum","floor":28,"gold_loss":0},{"damage_healed":0,"gold_gain":0,"player_choice":"Fought Nobs","damage_taken":0,"max_hp_gain":0,"max_hp_loss":0,"event_name":"Colosseum","floor":28,"gold_loss":0},{"damage_healed":0,"gold_gain":0,"cards_transformed":["Anger"],"player_choice":"Transformed","damage_taken":0,"max_hp_gain":0,"max_hp_loss":0,"event_name":"Transmorgrifier","floor":36,"gold_loss":0,"cards_obtained":["Dark Embrace"]}],"is_beta":false,"boss_relics":[{"not_picked":["Busted Crown","Sozu"],"picked":"Mark of Pain"},{"not_picked":["Fusion Hammer","Velvet Choker"],"picked":"Pandora\u0027s Box"}],"items_purged_floors":[19,30],"is_endless":false,"potions_floor_spawned":[2,4,8,12,25,28,28,31],"ascension_level":5}}