{"host":"6xsbn6ynqlzwllfm","time":1612979998,"event":{"mods":["2.2 Compatiblity","BaseMod","Bestiary","Colored Map","Colored Powertips","Curses Come First","Highlight Path","Keyboard Shortcuts","Minty Spire (QoL Compilation)","Relic Stats","Slay the Relics Exporter","StSLib","SuperFastMode"],"gold_per_floor":[111,111,111,54,73,73,98,109,109,139,139,155,168,197,197,271,271,284,734,752,27,44,44,44,44],"floor_reached":24,"language":"ENG","playtime":1330,"items_purged":[],"score":482,"play_id":"15849b18-dc22-4b48-a6d0-31c6b06b5fb0","local_time":"20210210125958","is_ascension_mode":true,"campfire_choices":[{"data":"Barrage","floor":6,"key":"SMITH"},{"floor":15,"key":"REST"},{"floor":23,"key":"REST"}],"circlet_count":0,"master_deck":["AscendersBane","Strike_B","Strike_B","Defend_B","Defend_B","Defend_B","Defend_B","Zap","Dualcast","Barrage+1","Cold Snap","Ball Lightning","Hologram","Compile Driver","Machine Learning","Conserve Battery","Doom and Gloom","Self Repair","Electrodynamics","Undo","Reprogram","Master of Strategy"],"relics":["Cracked Core","NeowsBlessing","Mummified Hand","TungstenRod","Blue Candle","Sozu","OrangePellets","Pear"],"acts_visited":["Exordium","TheCity"],"potions_floor_usage":[14,20],"damage_taken":[{"damage":0,"enemies":"Cultist","floor":1,"turns":1},{"damage":0,"enemies":"Small Slimes","floor":5,"turns":1},{"damage":0,"enemies":"Gremlin Nob","floor":7,"turns":1},{"damage":0,"enemies":"2 Louse","floor":8,"turns":2},{"damage":12,"enemies":"3 Sentries","floor":10,"turns":6},{"damage":12,"enemies":"Blue Slaver","floor":12,"turns":4},{"damage":0,"enemies":"Red Slaver","floor":13,"turns":4},{"damage":27,"enemies":"Gremlin Nob","floor":14,"turns":4},{"damage":25,"enemies":"Slime Boss","floor":16,"turns":8},{"damage":0,"enemies":"Spheric Guardian","floor":18,"turns":3},{"damage":11,"enemies":"Shell Parasite","floor":20,"turns":5},{"damage":24,"enemies":"Shelled Parasite and Fungi","floor":22,"turns":5},{"damage":35,"enemies":"Gremlin Leader","floor":24,"turns":4}],"seed_played":"-1788843371409792768","potions_obtained":[{"floor":5,"key":"Fruit Juice"},{"floor":13,"key":"BlessingOfTheForge"},{"floor":14,"key":"Ancient Potion"}],"is_trial":false,"path_per_floor":["M","$","?","$","M","R","E","M","T","E","?","M","M","E","R","B",null,"M","?","M","$","M","R","E"],"character_chosen":"DEFECT","items_purchased":["Cold Snap","OrangePellets","Pear","Reprogram","Master of Strategy"],"campfire_rested":2,"item_purchase_floors":[4,21,21,21,21],"current_hp_per_floor":[64,64,57,57,57,57,57,57,57,45,45,33,33,11,33,15,61,61,21,17,27,10,35,0,0],"gold":44,"neow_bonus":"THREE_ENEMY_KILL","is_daily":false,"chose_seed":false,"campfire_upgraded":1,"win_rate":0.0,"timestamp":1612979998,"path_taken":["M","$","?","$","M","R","E","M","T","E","?","?","M","E","R","BOSS","M","?","?","$","M","R","E"],"items_purchased_type":["Card","Relic","Relic","Card","Card"],"build_version":"2020-12-22","purchased_purges":0,"victory":false,"max_hp_per_floor":[71,71,71,71,71,71,71,71,71,71,71,71,71,76,76,76,76,76,76,76,86,86,86,86,86],"relic_stats":{"Sozu":2,"OrangePellets":[4],"counters":[13,48],"Mummified Hand":[16],"Blue Candle":[0],"obtain_stats":[{"Sozu":17,"OrangePellets":21,"Pear":21,"NeowsBlessing":0,"Mummified Hand":7,"Blue Candle":10,"Cracked Core":0,"TungstenRod":9},{"Sozu":9,"OrangePellets":11,"Pear":11,"NeowsBlessing":0,"Mummified Hand":3,"Blue Candle":5,"Cracked Core":0,"TungstenRod":4},{"Sozu":31,"OrangePellets":39,"Pear":39,"NeowsBlessing":0,"Mummified Hand":3,"Blue Candle":11,"Cracked Core":0,"TungstenRod":5}],"TungstenRod":27},"card_choices":[{"not_picked":["Turbo","Leap"],"picked":"Barrage","floor":1},{"not_picked":["Coolheaded","Cold Snap"],"picked":"Ball Lightning","floor":5},{"not_picked":["Beam Cell","Rebound"],"picked":"Hologram","floor":7},{"not_picked":["Cold Snap","Lockon"],"picked":"Compile Driver","floor":8},{"not_picked":["Compile Driver","Melter"],"picked":"Machine Learning","floor":10},{"not_picked":["Stack","Steam"],"picked":"Conserve Battery","floor":12},{"not_picked":["Ball Lightning","Coolheaded"],"picked":"Doom and Gloom","floor":13},{"not_picked":["Ball Lightning","Tempest"],"picked":"Self Repair","floor":14},{"not_picked":["Seek","Biased Cognition"],"picked":"Electrodynamics","floor":16},{"not_picked":["Rebound+1","Force Field"],"picked":"Undo","floor":18},{"not_picked":["Turbo","Beam Cell","Stack"],"picked":"SKIP","floor":20}],"player_experience":1434963,"relics_obtained":[{"floor":7,"key":"Mummified Hand"},{"floor":9,"key":"TungstenRod"},{"floor":10,"key":"Blue Candle"}],"event_choices":[{"cards_removed":["Strike_B"],"damage_healed":0,"gold_gain":0,"player_choice":"Card Removal","damage_taken":7,"max_hp_gain":0,"max_hp_loss":0,"event_name":"Golden Wing","floor":3,"gold_loss":0},{"cards_removed":["Strike_B"],"damage_healed":0,"gold_gain":0,"player_choice":"Purged","damage_taken":0,"max_hp_gain":0,"max_hp_loss":0,"event_name":"Purifier","floor":11,"gold_loss":0},{"damage_healed":0,"gold_gain":450,"player_choice":"GOLD GOLD GOLD GOLD GOLD ","damage_taken":46,"max_hp_gain":0,"max_hp_loss":0,"event_name":"Knowing Skull","floor":19,"potions_obtained":[],"gold_loss":0,"cards_obtained":[]}],"is_beta":false,"boss_relics":[{"not_picked":["Busted Crown","Tiny House"],"picked":"Sozu"}],"items_purged_floors":[],"is_endless":false,"potions_floor_spawned":[5,13,14,20,22],"killed_by":"Gremlin Leader","ascension_level":20}}