{"host":"g907ck67u7c3hrs6","time":1612938412,"event":{"mods":["BaseMod","Colored Map","DeckTracker","Highlight Path","Keyboard Shortcuts","Minty Spire (QoL Compilation)","Permanent Neow","Say the Spire","SuperFastMode"],"gold_per_floor":[116,136,136,148,148,148,148,148,148,148,148,148,164,164,164,164,164],"floor_reached":16,"language":"KOR","playtime":251,"items_purged":[],"score":88,"play_id":"9445b224-89fd-412b-b8e7-d15ccc30c749","local_time":"20210210152652","daily_mods":["Heirloom","Flight"],"is_ascension_mode":false,"campfire_choices":[{"data":"Strike_R","floor":6,"key":"PURGE"},{"data":"Defend_R","floor":7,"key":"PURGE"},{"data":"Defend_R","floor":8,"key":"PURGE"},{"data":"Strike_R","floor":10,"key":"PURGE"},{"data":"Strike_R","floor":11,"key":"PURGE"},{"data":"Disarm","floor":15,"key":"SMITH"}],"circlet_count":0,"master_deck":["Strike_R","Defend_R","Defend_R","Bash","True Grit+1","Disarm+1","Dropkick+1","Second Wind"],"relics":["Burning Blood","Peace Pipe","Molten Egg 2"],"acts_visited":["Exordium"],"potions_floor_usage":[],"damage_taken":[{"damage":5,"enemies":"2 Louse","floor":1,"turns":4},{"damage":13,"enemies":"Cultist","floor":2,"turns":5},{"damage":6,"enemies":"Small Slimes","floor":4,"turns":3},{"damage":11,"enemies":"Exordium Wildlife","floor":13,"turns":4},{"damage":48,"enemies":"The Guardian","floor":16,"turns":11}],"seed_played":"7615185290478909782","potions_obtained":[{"floor":2,"key":"Block Potion"},{"floor":13,"key":"SpeedPotion"}],"is_trial":true,"path_per_floor":["M","M","?","M","?","R","R","R","T","R","R","$","M","$","R","B"],"character_chosen":"IRONCLAD","items_purchased":[],"campfire_rested":0,"item_purchase_floors":[],"current_hp_per_floor":[80,73,73,73,57,57,57,57,57,57,57,57,52,52,52,4,4],"gold":164,"neow_bonus":"","is_daily":false,"chose_seed":false,"campfire_upgraded":1,"win_rate":0.0,"timestamp":1612938412,"path_taken":["M","M","?","?","?","R","R","R","T","R","R","$","M","$","R","BOSS"],"items_purchased_type":[],"build_version":"2020-12-22","purchased_purges":0,"victory":false,"max_hp_per_floor":[80,80,80,80,80,80,80,80,80,80,80,80,80,80,80,80,80],"card_choices":[{"not_picked":["Armaments","Perfected Strike"],"picked":"True Grit","floor":1},{"not_picked":["Intimidate","Shrug It Off"],"picked":"Disarm","floor":2},{"not_picked":["Clothesline","Havoc"],"picked":"Second Wind","floor":4},{"not_picked":["Anger+1","Pommel Strike+1","Ghostly Armor"],"picked":"SKIP","floor":13}],"player_experience":276220,"relics_obtained":[{"floor":9,"key":"Molten Egg 2"}],"event_choices":[{"damage_healed":0,"gold_gain":0,"cards_transformed":["Strike_R"],"player_choice":"Transformed","damage_taken":0,"max_hp_gain":0,"max_hp_loss":0,"event_name":"Transmorgrifier","floor":3,"gold_loss":0,"cards_obtained":["Dropkick"]},{"damage_healed":0,"gold_gain":0,"player_choice":"Entered Light","damage_taken":16,"max_hp_gain":0,"max_hp_loss":0,"event_name":"Shining Light","floor":5,"gold_loss":0,"cards_upgraded":["Dropkick","True Grit"]}],"is_beta":false,"boss_relics":[],"items_purged_floors":[],"is_endless":false,"potions_floor_spawned":[2,13],"killed_by":"The Guardian","ascension_level":0}}