{"host":"ugys05tpep779cl6","time":1612951576,"event":{"mods":["AchievementEnabler","Aspiration","BaseMod","Beaked The Cultist","CatGirl Mod","Colored Powertips","HololiveMod","Lobotomy","Minty Spire (QoL Compilation)","Quick Restart","Replay The Spire","Spicy Shops","StSLib","The Druid"],"gold_per_floor":[117,21,21,35,53,85,96,96,96,122,122,122,157,169,169,169,169],"floor_reached":16,"language":"ENG","playtime":546,"items_purged":[],"score":268,"play_id":"ec72a113-10e8-475b-99fc-0f5e2eda2853","local_time":"20210210110616","is_ascension_mode":true,"campfire_choices":[{"data":"Heavy Blade","floor":8.0,"key":"SMITH"},{"data":"Defend_R+1","floor":11.0,"key":"SMITH"},{"data":"Body Slam","floor":15.0,"key":"SMITH"}],"circlet_count":0,"master_deck":["AscendersBane","Strike_R+1","Strike_R","Strike_R","Strike_R","Strike_R","Defend_R","Defend_R","Defend_R+1","Defend_R","Bash","Replay:Undeath\u0027s Touch","Clothesline","Flex","Flex","Warcry","Heavy Blade+1","Warcry","Limit Break","Body Slam+1"],"relics":["Burning Blood","aspiration:DSix","Simple Rune","Tiny Chest","Akabeko"],"acts_visited":["Exordium"],"potions_floor_usage":[],"damage_taken":[{"damage":6.0,"enemies":"Cultist","floor":1.0,"turns":3.0},{"damage":5.0,"enemies":"2 Louse","floor":4.0,"turns":3.0},{"damage":3.0,"enemies":"Jaw Worm","floor":5.0,"turns":4.0},{"damage":45.0,"enemies":"3 Sentries","floor":6.0,"turns":11.0},{"damage":4.0,"enemies":"Large Slime","floor":7.0,"turns":6.0},{"damage":25.0,"enemies":"Lagavulin","floor":10.0,"turns":4.0},{"damage":0.0,"enemies":"Gremlin Nob","floor":13.0,"turns":2.0},{"damage":7.0,"enemies":"3 Louse","floor":14.0,"turns":3.0},{"damage":7,"enemies":"Hexaghost","floor":16,"turns":7}],"seed_played":"-2746214494037429679","potions_obtained":[{"floor":1.0,"key":"SkillPotion"},{"floor":7.0,"key":"DistilledChaos"},{"floor":10.0,"key":"DuplicationPotion"}],"is_trial":false,"path_per_floor":["M","$","?","M","M","E","M","R","T","E","R","?","E","M","R","B"],"character_chosen":"IRONCLAD","items_purchased":["Clothesline","Flex"],"campfire_rested":0,"item_purchase_floors":[2,2],"current_hp_per_floor":[68,68,68,69,72,33,35,35,35,16,16,16,22,21,21,14,14],"gold":169,"neow_bonus":"DSIX","is_daily":false,"chose_seed":false,"campfire_upgraded":3,"win_rate":0.0,"timestamp":1612951576,"path_taken":["M","$","?","M","M","E","M","R","T","E","R","?","E","M","R","BOSS"],"items_purchased_type":["Card","Card"],"build_version":"2020-12-22","purchased_purges":0,"victory":false,"max_hp_per_floor":[75,75,75,75,75,75,75,75,75,75,75,75,75,75,75,75,75],"card_choices":[{"not_picked":["Hemokinesis","Pommel Strike"],"picked":"Replay:Undeath\u0027s Touch","floor":1.0},{"not_picked":["Reckless Charge","Twin Strike"],"picked":"Warcry","floor":4.0},{"not_picked":["Pommel Strike","Perfected Strike","Havoc"],"picked":"SKIP","floor":5.0},{"not_picked":["Searing Blow","Wild Strike","Combust"],"picked":"SKIP","floor":6.0},{"not_picked":["Twin Strike","Dropkick"],"picked":"Heavy Blade","floor":7.0},{"not_picked":["Clothesline","Uppercut"],"picked":"Warcry","floor":10.0},{"not_picked":["Body Slam","Bloodletting"],"picked":"Limit Break","floor":13.0},{"not_picked":["Anger","Sword Boomerang"],"picked":"Body Slam","floor":14.0}],"player_experience":738032,"relics_obtained":[{"floor":6.0,"key":"Simple Rune"},{"floor":10.0,"key":"Tiny Chest"},{"floor":13.0,"key":"Akabeko"}],"event_choices":[{"damage_healed":0.0,"max_hp_gain":0.0,"max_hp_loss":0.0,"gold_gain":0.0,"event_name":"Shining Light","player_choice":"Ignored","floor":12.0,"gold_loss":0.0,"damage_taken":0.0}],"is_beta":false,"boss_relics":[],"items_purged_floors":[],"is_endless":false,"potions_floor_spawned":[1,7,10],"killed_by":"Hexaghost","ascension_level":17}}