{"host":"ababi7n1w04ome7c","time":1612932076,"event":{"mods":["AchievementEnabler","BaseMod","Colored Map","Minty Spire (QoL Compilation)","Permanent Neow","StSLib","everything is the same but u backflip on backflip"],"gold_per_floor":[119,119,294,294,310,310,310,324,350,350,408,428,442,469,469,573,573,573,573],"floor_reached":18,"language":"KOR","playtime":545,"items_purged":[],"score":162,"play_id":"411c411b-f60c-49cc-ae27-2a07269b67fb","local_time":"20210210134116","is_ascension_mode":false,"campfire_choices":[{"data":"Accuracy","floor":6,"key":"SMITH"},{"floor":15,"key":"REST"}],"circlet_count":0,"master_deck":["Strike_G","Strike_G","Strike_G","Defend_G","Defend_G","Defend_G","Defend_G","Survivor","Neutralize","Setup+1","Terror+1","Poisoned Stab+1","Poisoned Stab","Blade Dance","Doubt","Accuracy+1","Backflip","Adrenaline","After Image"],"relics":["Astrolabe","Orichalcum","Oddly Smooth Stone","Tiny Chest","Snake Skull","Lantern","SlaversCollar"],"acts_visited":["Exordium","TheCity"],"potions_floor_usage":[13],"damage_taken":[{"damage":0,"enemies":"Small Slimes","floor":1,"turns":4},{"damage":3,"enemies":"Jaw Worm","floor":2,"turns":3},{"damage":3,"enemies":"2 Louse","floor":5,"turns":3},{"damage":4,"enemies":"2 Fungi Beasts","floor":8,"turns":3},{"damage":6,"enemies":"3 Sentries","floor":11,"turns":7},{"damage":5,"enemies":"3 Louse","floor":12,"turns":3},{"damage":0,"enemies":"Looter","floor":13,"turns":1},{"damage":6,"enemies":"3 Sentries","floor":14,"turns":8},{"damage":51,"enemies":"Slime Boss","floor":16,"turns":11},{"damage":0,"enemies":"3 Byrds","floor":18,"turns":1}],"seed_played":"-5868206351486220975","potions_obtained":[{"floor":1,"key":"SmokeBomb"},{"floor":5,"key":"SkillPotion"},{"floor":12,"key":"CunningPotion"},{"floor":16,"key":"EssenceOfSteel"}],"is_trial":false,"path_per_floor":["M","M","?","?","M","R","T","M","T","?","?","M","M","E","R","B",null,"M"],"character_chosen":"THE_SILENT","items_purchased":[],"campfire_rested":1,"item_purchase_floors":[],"current_hp_per_floor":[70,67,67,67,64,64,64,60,60,60,54,49,49,43,64,13,70,70,70],"gold":573,"neow_bonus":"BOSS_RELIC","is_daily":false,"chose_seed":false,"campfire_upgraded":1,"win_rate":0.0,"timestamp":1612932076,"path_taken":["M","M","?","?","M","R","?","M","T","?","?","M","M","E","R","BOSS","M"],"items_purchased_type":[],"build_version":"2020-12-22","purchased_purges":0,"victory":false,"max_hp_per_floor":[70,70,70,70,70,70,70,70,70,70,70,70,70,70,70,70,70,70,70],"card_choices":[{"not_picked":["Heel Hook","Outmaneuver"],"picked":"Poisoned Stab","floor":1},{"not_picked":["Flying Knee","Dodge and Roll"],"picked":"Blade Dance","floor":2},{"not_picked":["Blur","Slice"],"picked":"Accuracy","floor":5},{"not_picked":["Heel Hook","Sucker Punch"],"picked":"Backflip","floor":8},{"not_picked":["Slice","Endless Agony"],"picked":"Adrenaline","floor":12},{"not_picked":["Deadly Poison","Calculated Gamble","Prepared"],"picked":"SKIP","floor":13},{"not_picked":["Tactician","Crippling Poison","Well Laid Plans"],"picked":"SKIP","floor":14},{"not_picked":["Phantasmal Killer","Glass Knife"],"picked":"After Image","floor":16}],"player_experience":332676,"relics_obtained":[{"floor":7,"key":"Oddly Smooth Stone"},{"floor":9,"key":"Tiny Chest"},{"floor":11,"key":"Snake Skull"},{"floor":14,"key":"Lantern"}],"event_choices":[{"damage_healed":0,"gold_gain":175,"player_choice":"AGREE","damage_taken":0,"max_hp_gain":0,"max_hp_loss":0,"event_name":"Liars Game","floor":3,"gold_loss":0,"cards_obtained":["Doubt"]},{"damage_healed":0,"gold_gain":0,"player_choice":"Box","damage_taken":0,"relics_obtained":["Orichalcum"],"max_hp_gain":0,"max_hp_loss":0,"event_name":"Big Fish","floor":4,"gold_loss":0,"cards_obtained":["Regret"]},{"cards_removed":["Regret"],"damage_healed":0,"gold_gain":0,"player_choice":"Forget","damage_taken":0,"max_hp_gain":0,"max_hp_loss":0,"event_name":"Living Wall","floor":10,"gold_loss":0},{"damage_healed":0,"gold_gain":30,"player_choice":"Searched \u00272\u0027 times","damage_taken":0,"max_hp_gain":0,"max_hp_loss":0,"event_name":"Dead Adventurer","floor":11,"gold_loss":0}],"is_beta":false,"boss_relics":[{"not_picked":["Ectoplasm","Tiny House"],"picked":"SlaversCollar"}],"items_purged_floors":[],"is_endless":false,"potions_floor_spawned":[1,5,12,16],"killed_by":"3 Byrds","ascension_level":0}}