{"host":"kaame4qwxxqnygv7","time":1612972037,"event":{"mods":["AchievementEnabler","BaseMod","Better Match","Better Skull","Better Third Choice","Block Reminder","DeckTracker","Energized Spire","GungeonMod","Minty Spire (QoL Compilation)","Quick Restart","Red Circlet Mod","StSLib","SuperFastMode","The Blue Laboratory"],"gold_per_floor":[119,119,447,458,458,458,489,489,489,489,503,503,522,532,532,663,613,613],"floor_reached":17,"language":"KOR","playtime":392,"items_purged":[],"score":279,"play_id":"55d98025-05ae-4fb3-be72-c3287202dfcd","local_time":"20210211004717","is_ascension_mode":true,"campfire_choices":[{"floor":6,"key":"REST"},{"data":"DemoMod:ManualReload","floor":8,"key":"SMITH"},{"floor":12,"key":"REST"},{"data":"DemoMod:PotionOfGunFriendShip","floor":15,"key":"SMITH"}],"circlet_count":0,"master_deck":["AscendersBane","DemoMod:Strike_Huntress","DemoMod:Strike_Huntress","DemoMod:Defend_Huntress","DemoMod:Defend_Huntress","DemoMod:Defend_Huntress","DemoMod:Defend_Huntress","DemoMod:Roll","DemoMod:ManualReload+1","DemoMod:RustySidearm","DemoMod:CrossBow","Regret","DemoMod:PotionOfGunFriendShip+1","DemoMod:AWP","DemoMod:HardPowerCard","DemoMod:StrategicReserve","DemoMod:Eureka","DemoMod:Strike_Huntress","DemoMod:HighKaliber"],"relics":["DemoMod:Dog","NeowsBlessing","Akabeko","MealTicket","Pantograph","Letter Opener","Dream Catcher","energizedSpire:HugeHouse"],"acts_visited":["Exordium","TheCity"],"potions_floor_usage":[16],"damage_taken":[{"damage":0,"enemies":"2 Louse","floor":1,"turns":1},{"damage":0,"enemies":"Cultist","floor":4,"turns":1},{"damage":0,"enemies":"Gremlin Nob","floor":7,"turns":1},{"damage":4,"enemies":"Jaw Worm","floor":11,"turns":2},{"damage":9,"enemies":"Blue Slaver","floor":13,"turns":4},{"damage":2,"enemies":"Looter","floor":14,"turns":3},{"damage":64,"enemies":"Hexaghost","floor":16,"turns":11}],"seed_played":"237687544837082471","potions_obtained":[{"floor":1,"key":"Block Potion"},{"floor":14,"key":"blueLaboratory:TrueEctoplasm"},{"floor":16,"key":"Energy Potion"}],"is_trial":false,"path_per_floor":["M","?","?","M","?","R","E","R","T","?","M","R","M","M","R","B",null],"character_chosen":"HUNTRESS","items_purchased":[],"campfire_rested":2,"item_purchase_floors":[],"current_hp_per_floor":[63,63,28,28,21,42,42,42,42,42,38,59,50,48,48,6,50,50],"gold":613,"neow_bonus":"THREE_ENEMY_KILL","is_daily":false,"chose_seed":false,"campfire_upgraded":2,"win_rate":0.0,"timestamp":1612972037,"path_taken":["M","?","?","?","?","R","E","R","T","?","M","R","M","M","R","BOSS"],"items_purchased_type":[],"build_version":"2020-12-22","purchased_purges":0,"victory":false,"max_hp_per_floor":[70,70,70,70,70,70,70,70,70,70,70,70,70,70,70,70,65,65],"card_choices":[{"not_picked":["DemoMod:StickyCrossBow","DemoMod:TripleGun"],"picked":"DemoMod:HardPowerCard","floor":1},{"not_picked":["DemoMod:Unity","DemoMod:FastSwitch","DemoMod:GunShield"],"picked":"SKIP","floor":4},{"not_picked":["DemoMod:Ejector","DemoMod:Rummage","DemoMod:BoxingGlove"],"picked":"SKIP","floor":7},{"not_picked":["DemoMod:DirectionalPad","DemoMod:DarkMarker"],"picked":"DemoMod:PotionOfGunFriendShip","floor":11},{"not_picked":["DemoMod:Camera","DemoMod:SniperShot"],"picked":"DemoMod:AWP","floor":12},{"not_picked":["DemoMod:TeaPot","DemoMod:Unmoved"],"picked":"DemoMod:HardPowerCard","floor":13},{"not_picked":["DemoMod:SkilledReload","DemoMod:AC15"],"picked":"DemoMod:StrategicReserve","floor":14},{"not_picked":["DemoMod:Desperate","DemoMod:BalloonGun"],"picked":"DemoMod:Eureka","floor":16}],"player_experience":275838,"relics_obtained":[{"floor":7,"key":"Pantograph"},{"floor":9,"key":"Letter Opener"}],"event_choices":[{"cards_removed":["DemoMod:Strike_Huntress"],"damage_healed":0,"gold_gain":0,"player_choice":"Forget","damage_taken":0,"max_hp_gain":0,"max_hp_loss":0,"event_name":"Living Wall","floor":2,"gold_loss":0},{"damage_healed":0,"gold_gain":328,"player_choice":"GO RE GO GO ","damage_taken":40,"relics_obtained":["Akabeko"],"max_hp_gain":0,"max_hp_loss":0,"event_name":"betterSkull:BetterSkull","floor":3,"gold_loss":0,"cards_upgraded":[]},{"damage_healed":0,"gold_gain":0,"player_choice":"Relic ","damage_taken":7,"max_hp_gain":0,"max_hp_loss":0,"event_name":"betterThird:BetterScrap","floor":5,"gold_loss":0,"cards_obtained":["Setup"]},{"damage_healed":0,"gold_gain":0,"player_choice":"Box","damage_taken":0,"relics_obtained":["Dream Catcher"],"max_hp_gain":0,"max_hp_loss":0,"event_name":"Big Fish","floor":10,"gold_loss":0,"cards_obtained":["Regret"]}],"is_beta":false,"boss_relics":[{"not_picked":["Runic Pyramid","energizedSpire:SpiderWeb"],"picked":"energizedSpire:HugeHouse"}],"items_purged_floors":[],"is_endless":false,"potions_floor_spawned":[1,14,16],"ascension_level":11}}