{"host":"5mo0809oo9tcrmpl","time":1612922978,"event":{"mods":["BaseMod","Highlight Path","Minty Spire (QoL Compilation)","Relic Stats","Slay the Relics Exporter"],"gold_per_floor":[110,120,136,136,149,149,178,178,178,236,236,263,3,54,54,132,132,142,159,177,187,71,71,104,114,164,164,179,179,214,214,214,214,214],"floor_reached":33,"language":"ENG","playtime":1534,"items_purged":["Strike_P"],"score":690,"play_id":"85b18575-5a67-4542-b199-2961603bde92","local_time":"20210209200938","is_ascension_mode":true,"campfire_choices":[{"data":"CutThroughFate","floor":6.0,"key":"SMITH"},{"data":"Vigilance","floor":8.0,"key":"SMITH"},{"data":"Crescendo","floor":11.0,"key":"SMITH"},{"data":"ThirdEye","floor":15.0,"key":"SMITH"},{"data":"Blasphemy","floor":23,"key":"SMITH"},{"floor":29,"key":"REST"},{"floor":32,"key":"REST"}],"circlet_count":0,"master_deck":["AscendersBane","Strike_P+1","Defend_P","Defend_P+1","Defend_P","Defend_P","Eruption+1","Vigilance+1","CrushJoints","CarveReality","ThirdEye+1","CutThroughFate+1","EmptyBody","Crescendo+1","EmptyFist","Blasphemy+1","BattleHymn+1","ThirdEye","FearNoEvil","LikeWater","LessonLearned","Wallop","Conclude","Wireheading"],"relics":["PureWater","Gremlin Horn","Sundial","Boot","MawBank","Kunai","Bag of Marbles","Velvet Choker","Question Card","Strawberry","Toy Ornithopter"],"acts_visited":["Exordium","TheCity"],"potions_floor_usage":[16,25,30,33],"damage_taken":[{"damage":0.0,"enemies":"2 Louse","floor":1.0,"turns":4.0},{"damage":2.0,"enemies":"Jaw Worm","floor":2.0,"turns":2.0},{"damage":1.0,"enemies":"Cultist","floor":3.0,"turns":3.0},{"damage":0.0,"enemies":"Exordium Wildlife","floor":5.0,"turns":2.0},{"damage":0.0,"enemies":"Lagavulin","floor":7.0,"turns":3.0},{"damage":24.0,"enemies":"Lagavulin Event","floor":10.0,"turns":5.0},{"damage":0.0,"enemies":"Gremlin Nob","floor":12.0,"turns":2.0},{"damage":37,"enemies":"Hexaghost","floor":16,"turns":13},{"damage":8,"enemies":"Chosen","floor":18,"turns":4},{"damage":0,"enemies":"3 Byrds","floor":19,"turns":3},{"damage":6,"enemies":"Centurion and Healer","floor":20,"turns":4},{"damage":0,"enemies":"Cultist and Chosen","floor":21,"turns":3},{"damage":16,"enemies":"Book of Stabbing","floor":24,"turns":4},{"damage":25,"enemies":"Snake Plant","floor":25,"turns":3},{"damage":0,"enemies":"3 Cultists","floor":28,"turns":5},{"damage":31,"enemies":"Slavers","floor":30,"turns":7},{"damage":42,"enemies":"Collector","floor":33,"turns":5}],"seed_played":"887795994780634282","potions_obtained":[{"floor":1.0,"key":"Ambrosia"},{"floor":3.0,"key":"BlessingOfTheForge"},{"floor":12.0,"key":"Fruit Juice"},{"floor":20,"key":"GamblersBrew"},{"floor":24,"key":"LiquidBronze"},{"floor":25,"key":"GamblersBrew"}],"is_trial":false,"path_per_floor":["M","M","M","?","M","R","E","R","T","?","R","E","$","T","R","B",null,"M","M","M","M","$","R","E","M","T","?","M","R","E","?","R","B"],"character_chosen":"WATCHER","items_purchased":["Kunai","LikeWater"],"campfire_rested":2,"item_purchase_floors":[13,22],"current_hp_per_floor":[61,59,58,63,63,63,63,63,63,39,39,39,39,39,39,7,60,52,52,46,46,46,46,30,5,12,12,12,37,6,6,31,0,0],"gold":214,"neow_bonus":"UPGRADE_CARD","is_daily":false,"chose_seed":false,"campfire_upgraded":5,"win_rate":0.0,"timestamp":1612922978,"path_taken":["M","M","M","?","M","R","E","R","T","?","R","E","?","?","R","BOSS","M","M","?","M","$","R","E","M","T","?","M","R","E","?","R","BOSS"],"items_purchased_type":["Relic","Card"],"build_version":"2020-12-22","purchased_purges":1,"victory":false,"max_hp_per_floor":[68,68,68,73,73,73,73,73,73,73,73,73,73,73,73,78,78,78,78,78,78,78,78,78,78,85,85,85,85,85,85,85,85,85],"relic_stats":{"Gremlin Horn":[10,10],"counters":[17,72],"Sundial":[6],"Kunai":[23],"Boot":[6],"MawBank":12,"Question Card":3,"obtain_stats":[{"Gremlin Horn":7,"Sundial":9,"Strawberry":26,"Velvet Choker":17,"Bag of Marbles":14,"Kunai":13,"PureWater":0,"Boot":10,"MawBank":12,"Question Card":24,"Toy Ornithopter":30},{"Gremlin Horn":5,"Sundial":5,"Strawberry":14,"Velvet Choker":8,"Bag of Marbles":7,"Kunai":7,"PureWater":0,"Boot":5,"MawBank":7,"Question Card":13,"Toy Ornithopter":16},{"Gremlin Horn":14,"Sundial":14,"Strawberry":55,"Velvet Choker":34,"Bag of Marbles":21,"Kunai":21,"PureWater":0,"Boot":14,"MawBank":21,"Question Card":52,"Toy Ornithopter":67}],"Toy Ornithopter":5},"card_choices":[{"not_picked":["Sanctity","SandsOfTime"],"picked":"CrushJoints","floor":1.0},{"not_picked":["MentalFortress","PathToVictory"],"picked":"CarveReality","floor":2.0},{"not_picked":["BattleHymn","SandsOfTime"],"picked":"ThirdEye","floor":3.0},{"not_picked":["WreathOfFlame","Weave"],"picked":"CutThroughFate","floor":5.0},{"not_picked":["FollowUp","ForeignInfluence"],"picked":"EmptyBody","floor":7.0},{"not_picked":["Study","Prostrate"],"picked":"Crescendo","floor":10.0},{"not_picked":["SashWhip","Prostrate"],"picked":"EmptyFist","floor":12.0},{"not_picked":["DevaForm","Ragnarok"],"picked":"Blasphemy","floor":16},{"not_picked":["EmptyBody","Prostrate+1"],"picked":"BattleHymn+1","floor":18},{"not_picked":["BowlingBash","Halt"],"picked":"ThirdEye","floor":19},{"not_picked":["Study","LikeWater"],"picked":"FearNoEvil","floor":20},{"not_picked":["InnerPeace","FlurryOfBlows","JustLucky"],"picked":"SKIP","floor":21},{"not_picked":["Tantrum","Fasting2","FlyingSleeves"],"picked":"SKIP","floor":24},{"not_picked":["BowlingBash+1","CrushJoints","Meditate"],"picked":"LessonLearned","floor":25},{"not_picked":["Evaluate","LessonLearned","Crescendo+1","Worship"],"picked":"SKIP","floor":28},{"not_picked":["Conclude","Tantrum","WheelKick"],"picked":"Wallop","floor":30}],"player_experience":1269093,"relics_obtained":[{"floor":7.0,"key":"Gremlin Horn"},{"floor":9.0,"key":"Sundial"},{"floor":12.0,"key":"MawBank"},{"floor":14.0,"key":"Bag of Marbles"},{"floor":24,"key":"Question Card"},{"floor":26,"key":"Strawberry"},{"floor":30,"key":"Toy Ornithopter"}],"event_choices":[{"damage_healed":0.0,"max_hp_gain":5.0,"max_hp_loss":0.0,"gold_gain":0.0,"event_name":"Big Fish","player_choice":"Donut","floor":4.0,"gold_loss":0.0,"damage_taken":0.0},{"damage_healed":0.0,"max_hp_gain":0.0,"max_hp_loss":0.0,"gold_gain":0.0,"event_name":"Dead Adventurer","player_choice":"Searched \u00273\u0027 times","floor":10.0,"gold_loss":0.0,"damage_taken":0.0,"relics_obtained":["Boot"]},{"damage_healed":0,"gold_gain":0,"player_choice":"Ignored","damage_taken":0,"max_hp_gain":0,"max_hp_loss":0,"event_name":"Ghosts","floor":27,"gold_loss":0},{"damage_healed":0,"gold_gain":0,"cards_transformed":["Strike_P","Strike_P"],"player_choice":"Became Test Subject","damage_taken":0,"max_hp_gain":0,"max_hp_loss":0,"event_name":"Drug Dealer","floor":31,"gold_loss":0,"cards_obtained":["Conclude","Wireheading"]}],"is_beta":false,"boss_relics":[{"not_picked":["SacredBark","Philosopher\u0027s Stone"],"picked":"Velvet Choker"}],"items_purged_floors":[22],"is_endless":false,"potions_floor_spawned":[1,3,5,12,20,24,25,28],"killed_by":"Collector","ascension_level":20}}