{"host":"y3h3n3f7seyagppx","time":1612991819,"event":{"mods":["AlwaysNeverKeys","BaseMod","Better Vampires","Colored Powertips","DeckTracker","Emptier Cage","Minty Spire (QoL Compilation)","Permanent Neow","Quick Restart","Rare Cards Sparkle","Relic Sorter","Relic Stats","StSLib","Transform Curses"],"gold_per_floor":[217,236,252,32,45,70,70,81,81,81,107,107,138,158,158,236,236,251,264,14,14,30,30,30],"floor_reached":23,"language":"ENG","playtime":2633,"items_purged":[],"score":426,"play_id":"fc4d867c-c58e-4fc3-af87-2b7461d4426e","local_time":"20210210161659","is_ascension_mode":true,"campfire_choices":[{"data":"Bash","floor":7.0,"key":"SMITH"},{"data":"Whirlwind","floor":10.0,"key":"SMITH"},{"data":"Rage","floor":15.0,"key":"SMITH"}],"circlet_count":0,"master_deck":["AscendersBane","Strike_R","Strike_R","Strike_R","Defend_R","Defend_R","Defend_R","Defend_R","Bash+1","Twin Strike","Iron Wave","Brutality","Spot Weakness","Whirlwind+1","Sword Boomerang+1","Rage+1","Sword Boomerang+1","Reaper+1","Power Through","Feel No Pain","Flame Barrier","Sword Boomerang+1","Barricade","Clothesline+1"],"relics":["Burning Blood","Lantern","Prayer Wheel","Molten Egg 2","HornCleat","Singing Bowl","Snecko Eye","Orrery"],"acts_visited":["Exordium","TheCity"],"potions_floor_usage":[23],"damage_taken":[{"damage":4.0,"enemies":"Small Slimes","floor":1.0,"turns":4.0},{"damage":4.0,"enemies":"Jaw Worm","floor":2.0,"turns":4.0},{"damage":0.0,"enemies":"2 Louse","floor":3.0,"turns":2.0},{"damage":7.0,"enemies":"Blue Slaver","floor":5.0,"turns":6.0},{"damage":24.0,"enemies":"3 Sentries","floor":6.0,"turns":5.0},{"damage":7.0,"enemies":"Exordium Wildlife","floor":8.0,"turns":4.0},{"damage":3.0,"enemies":"Gremlin Nob","floor":11.0,"turns":3.0},{"damage":1.0,"enemies":"3 Sentries","floor":13.0,"turns":4.0},{"damage":6.0,"enemies":"Looter","floor":14.0,"turns":2.0},{"damage":43.0,"enemies":"The Guardian","floor":16.0,"turns":12.0},{"damage":13.0,"enemies":"3 Byrds","floor":18.0,"turns":5.0},{"damage":24.0,"enemies":"Shell Parasite","floor":19.0,"turns":4.0},{"damage":22.0,"enemies":"Shelled Parasite and Fungi","floor":22.0,"turns":5.0},{"damage":80,"enemies":"Slavers","floor":23,"turns":7}],"seed_played":"-1199035442004447536","potions_obtained":[{"floor":1.0,"key":"SpeedPotion"},{"floor":2.0,"key":"Block Potion"},{"floor":6.0,"key":"FearPotion"},{"floor":11.0,"key":"Regen Potion"},{"floor":14.0,"key":"Regen Potion"}],"is_trial":false,"path_per_floor":["M","M","M","$","M","E","R","M","T","R","E","?","E","M","R","B",null,"M","M","$","?","M","E"],"character_chosen":"IRONCLAD","items_purchased":["Lantern","SteroidPotion","Orrery","Flame Barrier"],"campfire_rested":0,"item_purchase_floors":[4,4,20,20],"current_hp_per_floor":[70,72,75,75,74,56,56,55,55,55,58,58,77,77,77,40,68,71,74,80,80,74,0,0],"gold":30,"neow_bonus":"HUNDRED_GOLD","is_daily":false,"chose_seed":false,"campfire_upgraded":3,"win_rate":0.0,"timestamp":1612991819,"path_taken":["M","M","M","$","M","E","R","M","T","R","E","?","E","M","R","BOSS","M","M","$","?","M","E"],"items_purchased_type":["Relic","Potion","Relic","Card"],"build_version":"2020-12-22","purchased_purges":0,"victory":false,"max_hp_per_floor":[75,75,75,75,75,75,75,75,75,75,75,75,77,77,77,77,77,81,85,91,91,93,93,93],"relic_stats":{"Singing Bowl":18,"counters":[14,67],"Snecko Eye":[35,36,27,35],"Prayer Wheel":5,"obtain_stats":[{"Lantern":4,"HornCleat":11,"Singing Bowl":13,"Snecko Eye":17,"Orrery":20,"Prayer Wheel":6,"Molten Egg 2":9,"Burning Blood":0},{"Lantern":3,"HornCleat":7,"Singing Bowl":8,"Snecko Eye":10,"Orrery":12,"Prayer Wheel":5,"Molten Egg 2":6,"Burning Blood":0},{"Lantern":10,"HornCleat":28,"Singing Bowl":32,"Snecko Eye":46,"Orrery":55,"Prayer Wheel":21,"Molten Egg 2":25,"Burning Blood":0}],"Burning Blood":75},"card_choices":[{"not_picked":["Feel No Pain","Whirlwind"],"picked":"Twin Strike","floor":1.0},{"not_picked":["Thunderclap","Warcry"],"picked":"Iron Wave","floor":2.0},{"not_picked":["Dark Embrace","Rampage"],"picked":"Brutality","floor":3.0},{"not_picked":["Anger","Shrug It Off"],"picked":"Spot Weakness","floor":5.0},{"not_picked":["Second Wind","Pommel Strike","Iron Wave"],"picked":"SKIP","floor":6.0},{"not_picked":["True Grit","Intimidate"],"picked":"Whirlwind","floor":8.0},{"not_picked":["Intimidate","Searing Blow","Twin Strike"],"picked":"SKIP","floor":8.0},{"not_picked":["Perfected Strike+1","Entrench"],"picked":"Sword Boomerang+1","floor":11.0},{"not_picked":["Perfected Strike+1","Flex","Juggernaut"],"picked":"Singing Bowl","floor":13.0},{"not_picked":["Clash+1","Havoc"],"picked":"Rage","floor":14.0},{"not_picked":["Bloodletting","Dual Wield"],"picked":"Sword Boomerang+1","floor":14.0},{"not_picked":["Juggernaut","Impervious"],"picked":"Reaper+1","floor":16.0},{"not_picked":["Body Slam+1","Rampage+1","Twin Strike+1"],"picked":"Singing Bowl","floor":18.0},{"not_picked":["Wild Strike+1","Rupture","Entrench+1"],"picked":"Singing Bowl","floor":18.0},{"not_picked":["Headbutt+1","Iron Wave+1","Seeing Red"],"picked":"Singing Bowl","floor":19.0},{"not_picked":["Dropkick+1","Warcry","Berserk"],"picked":"Singing Bowl","floor":19.0},{"not_picked":["Infernal Blade","Sword Boomerang+1","Body Slam+1"],"picked":"Singing Bowl","floor":20.0},{"not_picked":["Iron Wave+1","Anger+1"],"picked":"Power Through","floor":20.0},{"not_picked":["Armaments","Dual Wield","Anger+1"],"picked":"Singing Bowl","floor":20.0},{"not_picked":["Seeing Red","Juggernaut"],"picked":"Feel No Pain","floor":20.0},{"not_picked":["Wild Strike+1","Entrench","Headbutt+1"],"picked":"Singing Bowl","floor":20.0},{"not_picked":["Thunderclap+1","Wild Strike+1","Iron Wave+1"],"picked":"Singing Bowl","floor":22.0},{"not_picked":["Cleave+1","Offering"],"picked":"Clothesline+1","floor":22.0}],"player_experience":22111985,"relics_obtained":[{"floor":6.0,"key":"Prayer Wheel"},{"floor":9.0,"key":"Molten Egg 2"},{"floor":11.0,"key":"HornCleat"},{"floor":13.0,"key":"Singing Bowl"}],"event_choices":[{"damage_healed":0.0,"max_hp_gain":0.0,"max_hp_loss":0.0,"gold_gain":0.0,"event_name":"Liars Game","player_choice":"Ignored","floor":12.0,"gold_loss":0.0,"damage_taken":0.0},{"damage_healed":0.0,"max_hp_gain":0.0,"max_hp_loss":0.0,"gold_gain":0.0,"cards_transformed":["Strike_R","Strike_R"],"event_name":"Drug Dealer","player_choice":"Became Test Subject","floor":21.0,"gold_loss":0.0,"damage_taken":0.0,"cards_obtained":["Sword Boomerang","Barricade"]}],"is_beta":false,"boss_relics":[{"not_picked":["Pandora\u0027s Box","Sozu"],"picked":"Snecko Eye"}],"items_purged_floors":[],"is_endless":false,"potions_floor_spawned":[1,2,6,11,14,16,18],"killed_by":"Slavers","ascension_level":20}}