{"host":"gop1q6bv59twswbp","time":1612980512,"event":{"mods":["AlwaysNeverKeys","BaseMod","Downfall","Hermit","Minty Spire (QoL Compilation)","Permanent Neow","Rare Cards Sparkle","StSLib","The Cursed"],"gold_per_floor":[99,99,111,129,145,154,154,179,189,218,255,155,1,23,44,150,150,50,78,78,100,100,121,121,45,45,45,45],"floor_reached":26,"language":"ENG","playtime":3654,"items_purged":["Regret"],"score":212,"play_id":"f3b307c3-1498-42b4-b559-3123ee048a5e","local_time":"20210210130832","is_ascension_mode":false,"campfire_choices":[{"data":"hexamod:Float","floor":1,"key":"SMITH"},{"floor":12,"key":"REST"},{"data":"hexamod:HexaLevel","floor":18,"key":"SMITH"}],"circlet_count":0,"master_deck":["hexamod:Strike","hexamod:Strike","hexamod:Strike","hexamod:Defend","hexamod:Defend","hexamod:Defend","hexamod:Defend","hexamod:Sear","hexamod:Float+1","hexamod:ChargedBarrage","hexamod:AdvancingGuard","hexamod:HeatCrush","hexamod:PhantomCloak","hexamod:NecessarySacrifice","hexamod:HeatMetal","hexamod:Firestarter","hexamod:RadiantFlame","hexamod:BacktrackSmack","hexamod:SpectralSpark","hexamod:HexaLevel+1","hexamod:Firestarter","hexamod:InspiringFlames+1","hexamod:HauntingEcho","hexamod:TimeOfNeed"],"relics":["hexamod:SpiritBrand","CeramicFish","PreservedInsect","Sundial","downfall:HeartBlessingBlue","downfall:HeartBlessingGreen","Nloth\u0027s Gift","White Beast Statue"],"acts_visited":["Exordium","TheCity"],"potions_floor_usage":[11],"damage_taken":[{"damage":1,"enemies":"Jaw Worm","floor":3,"turns":3},{"damage":0,"enemies":"Cultist","floor":4,"turns":3},{"damage":4,"enemies":"Small Slimes","floor":5,"turns":5},{"damage":4,"enemies":"Exordium Thugs","floor":8,"turns":5},{"damage":4,"enemies":"Blue Slaver","floor":9,"turns":3},{"damage":8,"enemies":"Large Slime","floor":10,"turns":4},{"damage":28,"enemies":"Gremlin Nob","floor":11,"turns":4},{"damage":4,"enemies":"downfall:FleeingMerchant","floor":13,"turns":4},{"damage":3,"enemies":"3 Louse","floor":14,"turns":5},{"damage":6,"enemies":"Exordium Wildlife","floor":15,"turns":4},{"damage":32,"enemies":"DF_ARCHETYPE_STREAMLINE","floor":16,"turns":9},{"damage":5,"enemies":"3 Byrds","floor":19,"turns":5},{"damage":16,"enemies":"Spheric Guardian","floor":21,"turns":5},{"damage":11,"enemies":"Centurion and Healer","floor":23,"turns":8},{"damage":0,"enemies":"downfall:FleeingMerchant","floor":25,"turns":4},{"damage":25,"enemies":"Snake Plant","floor":26,"turns":4}],"seed_played":"3570414850969085954","potions_obtained":[{"floor":3,"key":"bronze:BurnAndBuffPotion"},{"floor":4,"key":"Guardian:BlockOnCardUsePotion"},{"floor":9,"key":"FearPotion"},{"floor":16,"key":"DuplicationPotion"}],"is_trial":false,"path_per_floor":["R","?","M","M","M","?","T","M","M","M","E","R","$","M","M","B",null,"R","M","?","M","?","M","T","$","M"],"character_chosen":"THE_SPIRIT","items_purchased":["DuplicationPotion","hexamod:TimeOfNeed"],"campfire_rested":1,"item_purchase_floors":[13,25],"current_hp_per_floor":[70,70,69,69,65,65,65,61,57,49,21,55,51,48,42,10,80,80,75,75,59,59,48,48,48,23,23,23],"gold":45,"neow_bonus":"THREE_CARDS","is_daily":false,"chose_seed":false,"campfire_upgraded":2,"win_rate":0.0,"timestamp":1612980512,"path_taken":["R","?","?","M","M","?","T","M","M","M","E","R","$","M","M","BOSS","R","M","?","M","?","M","T","$","?"],"items_purchased_type":["Potion","Card"],"build_version":"2020-12-22","purchased_purges":1,"victory":false,"max_hp_per_floor":[70,70,70,70,70,70,70,70,70,70,70,80,80,80,80,80,80,80,80,80,80,80,80,80,80,80,80,80],"card_choices":[{"not_picked":["hexamod:FlamesFromBeyond","hexamod:AdvancingGuard"],"picked":"hexamod:ChargedBarrage","floor":0},{"not_picked":["hexamod:NightmareStrike","hexamod:SwordOfDarkness"],"picked":"hexamod:AdvancingGuard","floor":3},{"not_picked":["hexamod:AdvancingGuard","hexamod:BacktrackSmack"],"picked":"hexamod:HeatCrush","floor":4},{"not_picked":["hexamod:GiftsFromTheDead","hexamod:BurningTouch"],"picked":"hexamod:PhantomCloak","floor":5},{"not_picked":["hexamod:InspiringFlames","hexamod:SpectersWail"],"picked":"hexamod:NecessarySacrifice","floor":8},{"not_picked":["hexamod:FlamesFromBeyond","hexamod:NightmareGuise","hexamod:BacktrackSmack"],"picked":"SKIP","floor":9},{"not_picked":["hexamod:AdvancingGuard","hexamod:Hexaguard"],"picked":"hexamod:HeatMetal","floor":10},{"not_picked":["hexamod:ChargedBarrage","hexamod:SecondSeal"],"picked":"hexamod:Firestarter","floor":11},{"not_picked":["hexamod:SpectralSpark","hexamod:Again"],"picked":"hexamod:RadiantFlame","floor":13},{"not_picked":["hexamod:SecondSeal","hexamod:FourthSeal"],"picked":"hexamod:BacktrackSmack","floor":14},{"not_picked":["hexamod:UnleashSpirits","hexamod:FlamesFromBeyond"],"picked":"hexamod:SpectralSpark","floor":15},{"not_picked":["hexamod:ApocalypticArmor","hexamod:GiftsFromTheDead"],"picked":"hexamod:HexaLevel","floor":16},{"not_picked":["hexamod:ThirdSeal","hexamod:FlamesFromBeyond"],"picked":"hexamod:Firestarter","floor":19},{"not_picked":["hexamod:EtherealExpedition","hexamod:FlamesFromBeyond+1"],"picked":"hexamod:InspiringFlames+1","floor":21},{"not_picked":["hexamod:UnlimitedPower","hexamod:NightmareStrike"],"picked":"hexamod:HauntingEcho","floor":23},{"not_picked":["hexamod:Again","hexamod:TurnItUp","hexamod:ThirdSeal"],"picked":"SKIP","floor":25}],"player_experience":952834,"relics_obtained":[{"floor":7,"key":"PreservedInsect"},{"floor":11,"key":"Sundial"},{"floor":24,"key":"White Beast Statue"}],"event_choices":[{"cards_removed":["hexamod:Strike"],"damage_healed":0,"gold_gain":0,"player_choice":"Offered Basic","damage_taken":0,"max_hp_gain":0,"max_hp_loss":0,"event_name":"Bonfire Elementals","floor":2,"gold_loss":0},{"damage_healed":0,"gold_gain":0,"player_choice":"Box","damage_taken":0,"relics_obtained":["CeramicFish"],"max_hp_gain":0,"max_hp_loss":0,"event_name":"Big Fish","floor":6,"gold_loss":0,"cards_obtained":["Regret"]},{"damage_healed":0,"gold_gain":0,"player_choice":"Ignored","damage_taken":0,"max_hp_gain":0,"max_hp_loss":0,"event_name":"Vampires","floor":20,"gold_loss":0}],"is_beta":false,"boss_relics":[{"not_picked":["Busted Crown","Runic Dome"],"picked":"Velvet Choker"}],"items_purged_floors":[13],"is_endless":false,"potions_floor_spawned":[3,4,9,14,16,21,25],"killed_by":"Snake Plant","ascension_level":0}}