{"host":"c97twqu0op5dg8i4","time":1612919206,"event":{"mods":["AchievementEnabler","BaseMod","Colored Map","Minty Spire (QoL Compilation)","Permanent Neow"],"gold_per_floor":[109,109,127,127,127,127,159,176,176,190,225,236,236,250,250,350,350,334,334,433,67,92,92,92,420,499,499,242,242,267,278,278,378,378,389,38,51,13,26,26,46,88,135,135,162,191,221,277,286,286,286,286,123,156,156,156],"floor_reached":55,"language":"ENG","playtime":4852,"items_purged":["Bash","Strike_R"],"score":1235,"play_id":"bc4d8a6a-73bb-4ac6-81b1-2bf884d4a17a","local_time":"20210209200646","is_ascension_mode":true,"campfire_choices":[{"data":"Uppercut","floor":6.0,"key":"SMITH"},{"data":"Metallicize","floor":13.0,"key":"SMITH"},{"data":"Dropkick","floor":15.0,"key":"SMITH"},{"data":"Demon Form","floor":23,"key":"SMITH"},{"data":"Pummel","floor":27,"key":"SMITH"},{"floor":32,"key":"REST"},{"floor":40,"key":"RECALL"},{"floor":49,"key":"REST"},{"floor":52,"key":"REST"}],"circlet_count":0,"master_deck":["AscendersBane","Strike_R","Strike_R+1","Defend_R","Defend_R","Defend_R","Defend_R+1","Uppercut+1","Metallicize+1","Body Slam","Dropkick+1","Armaments+1","Demon Form+1","Dropkick+1","Pummel+1","True Grit+1","Reaper","Inflame","Dropkick","Ghostly Armor+1","Shrug It Off+1","Limit Break+1","Bludgeon","Heavy Blade","Rampage+1","Dropkick+1","Sword Boomerang+1","Battle Trance+1","Master of Strategy+1"],"relics":["Burning Blood","Calipers","Meat on the Bone","PreservedInsect","Toxic Egg 2","Potion Belt","Black Star","DollysMirror","Akabeko","Red Skull","Old Coin","Regal Pillow","Singing Bowl","Lantern","Prayer Wheel","Omamori","Fusion Hammer","Magic Flower","CeramicFish","Mango","Strawberry","Dream Catcher","Champion Belt","Torii","Bottled Lightning"],"acts_visited":["Exordium","TheCity","TheBeyond","TheEnding"],"potions_floor_usage":[25,41,48,48,50,54,55],"damage_taken":[{"damage":0.0,"enemies":"Small Slimes","floor":1.0,"turns":5.0},{"damage":7.0,"enemies":"2 Louse","floor":3.0,"turns":3.0},{"damage":25.0,"enemies":"Gremlin Nob","floor":7.0,"turns":5.0},{"damage":2.0,"enemies":"Jaw Worm","floor":8.0,"turns":4.0},{"damage":10.0,"enemies":"Exordium Wildlife","floor":10.0,"turns":4.0},{"damage":26.0,"enemies":"3 Sentries","floor":11.0,"turns":7.0},{"damage":6.0,"enemies":"Blue Slaver","floor":12.0,"turns":5.0},{"damage":6.0,"enemies":"3 Louse","floor":14.0,"turns":5.0},{"damage":37.0,"enemies":"The Guardian","floor":16.0,"turns":14.0},{"damage":22,"enemies":"2 Thieves","floor":18,"turns":4},{"damage":69,"enemies":"Slavers","floor":25,"turns":6},{"damage":38,"enemies":"Gremlin Leader","floor":30,"turns":5},{"damage":12,"enemies":"Shell Parasite","floor":31,"turns":4},{"damage":52,"enemies":"Champ","floor":33,"turns":10},{"damage":40,"enemies":"3 Darklings","floor":35,"turns":6},{"damage":33,"enemies":"3 Shapes","floor":37,"turns":7},{"damage":44,"enemies":"Jaw Worm Horde","floor":39,"turns":4},{"damage":46,"enemies":"Transient","floor":41,"turns":5},{"damage":44,"enemies":"Nemesis","floor":42,"turns":7},{"damage":30,"enemies":"3 Darklings","floor":45,"turns":7},{"damage":21,"enemies":"Giant Head","floor":46,"turns":6},{"damage":50,"enemies":"4 Shapes","floor":47,"turns":5},{"damage":112,"enemies":"2 Orb Walkers","floor":48,"turns":7},{"damage":117,"enemies":"Donu and Deca","floor":50,"turns":8},{"damage":176,"enemies":"Shield and Spear","floor":54,"turns":8},{"damage":254,"enemies":"The Heart","floor":55,"turns":9}],"seed_played":"2661164592044487751","potions_obtained":[{"floor":1.0,"key":"LiquidMemories"},{"floor":7.0,"key":"ColorlessPotion"},{"floor":8.0,"key":"Block Potion"},{"floor":18,"key":"DistilledChaos"},{"floor":25,"key":"Weak Potion"},{"floor":33,"key":"ElixirPotion"},{"floor":37,"key":"GamblersBrew"},{"floor":41,"key":"Fire Potion"},{"floor":46,"key":"AttackPotion"},{"floor":48,"key":"SkillPotion"},{"floor":54,"key":"AttackPotion"}],"is_trial":false,"path_per_floor":["M","?","M","?","T","R","E","M","T","M","E","M","R","M","R","B",null,"M","?","?","$","T","R","?","E","T","R","$","?","E","M","R","B",null,"M","$","M","$","M","R","M","E","T","?","M","E","M","?","R","B",null,"R","$","E","B"],"character_chosen":"IRONCLAD","items_purchased":["DollysMirror","Akabeko","Lantern","Magic Flower","Dropkick","Ghostly Armor+1","Master of Strategy+1"],"campfire_rested":3,"item_purchase_floors":[21,21,28,36,36,38,53],"current_hp_per_floor":[57,41,40,40,40,40,33,49,49,57,49,49,49,49,49,30,68,52,52,52,52,52,52,52,51,51,51,51,51,33,41,81,47,75,78,78,71,71,86,86,94,73,73,73,89,86,99,71,119,119,119,121,121,49,0,0],"gold":156,"neow_bonus":"ONE_RARE_RELIC","is_daily":false,"chose_seed":false,"campfire_upgraded":5,"win_rate":0.0,"timestamp":1612919206,"path_taken":["M","?","M","?","?","R","E","M","T","M","E","?","R","M","R","BOSS","M","?","?","$","?","R","?","E","T","R","$","?","E","M","R","BOSS","M","$","M","$","M","R","M","E","T","?","M","E","M","?","R","BOSS","R","$","E","BOSS"],"items_purchased_type":["Relic","Relic","Relic","Relic","Card","Card","Card"],"build_version":"2020-12-22","purchased_purges":2,"victory":false,"max_hp_per_floor":[80,80,80,80,80,80,80,80,80,80,80,80,80,80,80,80,80,80,80,80,80,80,80,80,80,80,80,80,80,82,84,84,84,84,86,86,90,90,90,90,94,108,108,108,110,119,119,119,119,119,119,121,121,123,123,123],"card_choices":[{"not_picked":["Battle Trance","Dark Embrace"],"picked":"Uppercut","floor":1.0},{"not_picked":["True Grit","Wild Strike"],"picked":"Metallicize","floor":3.0},{"not_picked":["Twin Strike","Clothesline"],"picked":"Body Slam","floor":7.0},{"not_picked":["Anger","Combust"],"picked":"Dropkick","floor":8.0},{"not_picked":["Fire Breathing","Evolve","Heavy Blade"],"picked":"SKIP","floor":10.0},{"not_picked":["Havoc+1","Pommel Strike"],"picked":"Armaments+1","floor":11.0},{"not_picked":["Berserk","Armaments+1","Sword Boomerang"],"picked":"SKIP","floor":12.0},{"not_picked":["Headbutt","Cleave","Havoc+1"],"picked":"SKIP","floor":14.0},{"not_picked":["Bludgeon","Double Tap+1"],"picked":"Demon Form","floor":16.0},{"not_picked":["Havoc+1","Headbutt","Clash+1"],"picked":"SKIP","floor":18},{"not_picked":["Fire Breathing","Rupture"],"picked":"Pummel","floor":25},{"not_picked":["Body Slam","Feel No Pain+1","Havoc+1"],"picked":"Singing Bowl","floor":30},{"not_picked":["Perfected Strike","Intimidate+1","Clash"],"picked":"Singing Bowl","floor":31},{"not_picked":["Iron Wave+1","Evolve"],"picked":"True Grit+1","floor":31},{"not_picked":["Berserk","Barricade"],"picked":"Reaper","floor":33},{"not_picked":["Body Slam+1","Armaments+1","True Grit+1"],"picked":"Singing Bowl","floor":35},{"not_picked":["Searing Blow","True Grit+1"],"picked":"Inflame","floor":35},{"not_picked":["Infernal Blade+1","Heavy Blade","Headbutt"],"picked":"Singing Bowl","floor":37},{"not_picked":["Thunderclap","Evolve","True Grit+1"],"picked":"Singing Bowl","floor":37},{"not_picked":["Exhume+1","Searing Blow+1"],"picked":"Shrug It Off+1","floor":39},{"not_picked":["Body Slam","Flex+1"],"picked":"Limit Break+1","floor":39},{"not_picked":["True Grit+1","Havoc+1","Shrug It Off+1"],"picked":"Singing Bowl","floor":41},{"not_picked":["Thunderclap","Clash","True Grit+1"],"picked":"Singing Bowl","floor":41},{"not_picked":["Shrug It Off+1","Second Wind+1"],"picked":"Bludgeon","floor":42},{"not_picked":["Flex+1","Sever Soul"],"picked":"Heavy Blade","floor":45},{"not_picked":["Perfected Strike","Wild Strike","Clash+1"],"picked":"Singing Bowl","floor":45},{"not_picked":["Headbutt","Combust","Carnage+1"],"picked":"Singing Bowl","floor":46},{"not_picked":["Clothesline","Flame Barrier+1"],"picked":"Rampage+1","floor":47},{"not_picked":["Spot Weakness+1","Shrug It Off+1"],"picked":"Dropkick+1","floor":47},{"not_picked":["Reckless Charge","Second Wind+1"],"picked":"Sword Boomerang+1","floor":48},{"not_picked":["Pummel+1","Shrug It Off+1"],"picked":"Battle Trance+1","floor":49},{"not_picked":["Feed","Flex+1","Iron Wave"],"picked":"Singing Bowl","floor":52},{"not_picked":["Burning Pact+1","Wild Strike+1","Rage+1"],"picked":"Singing Bowl","floor":54}],"player_experience":351037,"relics_obtained":[{"floor":5.0,"key":"Meat on the Bone"},{"floor":7.0,"key":"PreservedInsect"},{"floor":9.0,"key":"Toxic Egg 2"},{"floor":11.0,"key":"Potion Belt"},{"floor":22,"key":"Red Skull"},{"floor":25,"key":"Old Coin"},{"floor":25,"key":"Regal Pillow"},{"floor":26,"key":"Singing Bowl"},{"floor":30,"key":"Prayer Wheel"},{"floor":30,"key":"Omamori"},{"floor":42,"key":"CeramicFish"},{"floor":42,"key":"Mango"},{"floor":46,"key":"Strawberry"},{"floor":46,"key":"Dream Catcher"},{"floor":48,"key":"Champion Belt"},{"floor":54,"key":"Torii"},{"floor":54,"key":"Bottled Lightning"}],"event_choices":[{"damage_healed":0.0,"max_hp_gain":0.0,"max_hp_loss":0.0,"gold_gain":0.0,"event_name":"Shining Light","player_choice":"Entered Light","floor":2.0,"gold_loss":0.0,"damage_taken":16.0,"cards_upgraded":["Strike_R","Defend_R"]},{"damage_healed":0.0,"max_hp_gain":0.0,"max_hp_loss":0.0,"gold_gain":0.0,"event_name":"Liars Game","player_choice":"Ignored","floor":4.0,"gold_loss":0.0,"damage_taken":0.0},{"cards_removed":["Strike_R"],"damage_healed":0,"gold_gain":0,"player_choice":"Elegance","damage_taken":0,"max_hp_gain":0,"max_hp_loss":0,"event_name":"Back to Basics","floor":19,"gold_loss":0},{"damage_healed":0,"gold_gain":99,"player_choice":"Stole From Cult","damage_taken":0,"max_hp_gain":0,"max_hp_loss":0,"event_name":"Nest","floor":20,"gold_loss":0},{"damage_healed":0,"gold_gain":0,"player_choice":"Ignored","damage_taken":0,"max_hp_gain":0,"max_hp_loss":0,"event_name":"Vampires","floor":24,"gold_loss":0},{"damage_healed":0,"gold_gain":0,"player_choice":"Ignored","damage_taken":0,"max_hp_gain":0,"max_hp_loss":0,"event_name":"Ghosts","floor":29,"gold_loss":0},{"cards_removed":["Strike_R"],"damage_healed":0,"gold_gain":0,"player_choice":"Removed Attack","damage_taken":0,"max_hp_gain":0,"max_hp_loss":0,"event_name":"Falling","floor":44,"gold_loss":0},{"damage_healed":0,"gold_gain":0,"player_choice":"Fight","damage_taken":0,"max_hp_gain":0,"max_hp_loss":0,"event_name":"Mysterious Sphere","floor":48,"gold_loss":0}],"is_beta":false,"boss_relics":[{"not_picked":["Snecko Eye","Tiny House"],"picked":"Black Star"},{"not_picked":["Runic Cube","Pandora\u0027s Box"],"picked":"Fusion Hammer"}],"items_purged_floors":[21,28],"is_endless":false,"potions_floor_spawned":[1,7,8,18,25,33,37,41,46,48,54],"killed_by":"The Heart","ascension_level":10}}