{"host":"5h6e4l6hpn0p5lap","time":1612961464,"event":{"mods":["AchievementEnabler","BaseMod","Better Altar","Better Match","Better Sensory Stone","Better Skull","Better Third Choice","Colored Map","Filter the Spire","Minty Spire (QoL Compilation)","StSLib"],"gold_per_floor":[115,115,126,15,33,58,58,73,147,147,147,147,147,182,182,284,284,304,318,328,328,340,340,374,374,374],"floor_reached":25,"language":"ENG","playtime":1436,"items_purged":["Strike_G"],"score":335,"play_id":"0ab754f2-3b66-4fcc-9ed6-5a3cf8f943c5","local_time":"20210210075104","is_ascension_mode":true,"campfire_choices":[{"floor":7,"key":"REST"},{"data":"Sucker Punch","floor":10,"key":"SMITH"},{"data":"Heel Hook","floor":13,"key":"SMITH"},{"floor":15,"key":"REST"},{"floor":23,"key":"REST"}],"circlet_count":0,"master_deck":["Strike_G","Strike_G","Strike_G","Defend_G","Defend_G","Defend_G","Defend_G","Defend_G","Survivor","Neutralize","Sucker Punch+1","Dagger Spray","Well Laid Plans","Deadly Poison","Heel Hook+1","Adrenaline","Trip","PiercingWail","Phantasmal Killer","Terror","Decay","Bane+1"],"relics":["Ring of the Snake","Tiny Chest","Shovel","Kunai","Gambling Chip","Akabeko","Busted Crown","Du-Vu Doll"],"acts_visited":["Exordium","TheCity"],"potions_floor_usage":[6,24,24],"damage_taken":[{"damage":2,"enemies":"Small Slimes","floor":1,"turns":5},{"damage":0,"enemies":"Cultist","floor":3,"turns":4},{"damage":0,"enemies":"Jaw Worm","floor":5,"turns":6},{"damage":26,"enemies":"3 Sentries","floor":6,"turns":9},{"damage":6,"enemies":"2 Fungi Beasts","floor":8,"turns":5},{"damage":15,"enemies":"Gremlin Nob","floor":14,"turns":5},{"damage":14,"enemies":"The Guardian","floor":16,"turns":10},{"damage":5,"enemies":"Shell Parasite","floor":18,"turns":4},{"damage":7,"enemies":"Spheric Guardian","floor":19,"turns":4},{"damage":17,"enemies":"Snake Plant","floor":20,"turns":3},{"damage":36,"enemies":"Snecko","floor":22,"turns":7},{"damage":39,"enemies":"Book of Stabbing","floor":24,"turns":6},{"damage":0,"enemies":"Cultist and Chosen","floor":25,"turns":1}],"seed_played":"-3355084997900776965","potions_obtained":[{"floor":3,"key":"CultistPotion"},{"floor":5,"key":"GamblersBrew"},{"floor":8,"key":"FairyPotion"},{"floor":16,"key":"LiquidMemories"},{"floor":18,"key":"Weak Potion"},{"floor":19,"key":"Poison Potion"},{"floor":22,"key":"SpeedPotion"}],"is_trial":false,"path_per_floor":["M","?","M","$","M","E","R","M","T","R","T","?","R","E","R","B",null,"M","M","M","?","M","R","E","M"],"character_chosen":"THE_SILENT","items_purchased":["Well Laid Plans"],"campfire_rested":3,"item_purchase_floors":[4],"current_hp_per_floor":[61,61,61,61,61,35,56,50,50,50,50,50,50,35,56,42,63,58,51,34,34,21,42,3,3,3],"gold":374,"neow_bonus":"RANDOM_COMMON_RELIC","is_daily":false,"chose_seed":false,"campfire_upgraded":2,"win_rate":0.0,"timestamp":1612961464,"path_taken":["M","?","M","?","?","E","R","M","T","R","?","?","R","E","R","BOSS","M","M","M","?","M","R","E","M"],"items_purchased_type":["Card"],"build_version":"2020-12-22","purchased_purges":1,"victory":false,"max_hp_per_floor":[70,70,70,70,70,70,70,70,70,70,70,70,70,70,70,70,70,70,70,70,70,70,70,70,70,70],"card_choices":[{"not_picked":["Acrobatics","Backflip"],"picked":"Sucker Punch","floor":1},{"not_picked":["Deflect","Reflex"],"picked":"Dagger Spray","floor":3},{"not_picked":["Outmaneuver","Underhanded Strike"],"picked":"Deadly Poison","floor":5},{"not_picked":["Escape Plan","Concentrate"],"picked":"Heel Hook","floor":6},{"not_picked":["Dagger Throw","Infinite Blades"],"picked":"Adrenaline","floor":8},{"not_picked":["Thinking Ahead","Secret Weapon"],"picked":"Trip","floor":12},{"not_picked":["Reflex","Night Terror"],"picked":"PiercingWail","floor":14},{"not_picked":["Grand Finale","After Image"],"picked":"Phantasmal Killer","floor":16},{"not_picked":["Dagger Throw+1"],"picked":"SKIP","floor":18},{"not_picked":[],"picked":"Terror","floor":19},{"not_picked":["Cloak And Dagger"],"picked":"SKIP","floor":20},{"not_picked":["Tactician"],"picked":"SKIP","floor":22},{"not_picked":[],"picked":"Bane+1","floor":24}],"player_experience":1098036,"relics_obtained":[{"floor":6,"key":"Shovel"},{"floor":9,"key":"Kunai"},{"floor":11,"key":"Gambling Chip"},{"floor":14,"key":"Akabeko"},{"floor":24,"key":"Du-Vu Doll"}],"event_choices":[{"cards_removed":["Strike_G"],"damage_healed":0,"gold_gain":0,"player_choice":"Offered Basic","damage_taken":0,"max_hp_gain":0,"max_hp_loss":0,"event_name":"Bonfire Elementals","floor":2,"gold_loss":0},{"damage_healed":0,"gold_gain":1,"player_choice":"1","damage_taken":0,"max_hp_gain":0,"max_hp_loss":0,"event_name":"betterStone:BetterStone","floor":12,"gold_loss":0},{"damage_healed":0,"gold_gain":0,"player_choice":" Defy","damage_taken":0,"max_hp_gain":0,"max_hp_loss":0,"event_name":"betterAltar:BetterAltar","floor":21,"gold_loss":0,"cards_obtained":["Decay"]}],"is_beta":false,"boss_relics":[{"not_picked":["Runic Pyramid","Ring of the Serpent"],"picked":"Busted Crown"}],"items_purged_floors":[4],"is_endless":false,"potions_floor_spawned":[3,5,8,16,18,19,22],"killed_by":"Cultist and Chosen","ascension_level":9}}