{"host":"3j24k6gtmfx6ynrk","time":1612924551,"event":{"mods":["AchievementEnabler","BaseMod","Colored Powertips","Hermit","Highlight Path","Minty Spire (QoL Compilation)","StSLib","The Cursed","The Servant 0.9.4"],"gold_per_floor":[115,133,133,157,107,107,107,132,132,152,172,172,21,34,34,154,154,178,193,193,206,221,237,237,137,163,163,163,186,34,59,59,184,247,263,60,85,99,124,159,159,159,239,257,281,281,300,315,315,315],"floor_reached":51,"language":"DEU","playtime":5948,"items_purged":["Strike_G","Strike_G","Strike_G"],"score":654,"play_id":"78b70402-242c-4a6b-aa31-3788d9036ddc","local_time":"20210210033551","is_ascension_mode":false,"campfire_choices":[{"data":"Deflect","floor":6,"key":"SMITH"},{"floor":12,"key":"REST"},{"floor":15,"key":"REST"},{"data":"After Image","floor":24,"key":"SMITH"},{"floor":28,"key":"REST"},{"data":"Footwork","floor":32,"key":"SMITH"},{"floor":41,"key":"REST"},{"floor":46,"key":"REST"},{"data":"Backflip","floor":49,"key":"SMITH"}],"circlet_count":0,"master_deck":["Defend_G","Defend_G","Defend_G","Survivor","Neutralize","Deflect+1","Dagger Spray","Footwork+1","Terror","Blade Dance","Flying Knee","Noxious Fumes","Finisher","After Image+1","Poisoned Stab","Blade Dance+1","Slice+1","Dash","PiercingWail","Poisoned Stab","Night Terror","Backstab","After Image+1","Envenom+1","Deflect+1","Tools of the Trade","Blade Dance+1","Riddle With Holes+1","A Thousand Cuts","Backflip+1","Blade Dance"],"relics":["Ring of the Snake","Golden Idol","CaptainsWheel","WristBlade","Centennial Puzzle","DollysMirror","Tiny House","Shuriken","Orichalcum","Eternal Feather"],"acts_visited":["Exordium","TheCity","TheBeyond"],"potions_floor_usage":[8,16,33,38,39,39,45,48,50,50],"damage_taken":[{"damage":0,"enemies":"Small Slimes","floor":1,"turns":5},{"damage":2,"enemies":"2 Louse","floor":2,"turns":4},{"damage":0,"enemies":"Jaw Worm","floor":4,"turns":3},{"damage":0,"enemies":"Looter","floor":8,"turns":4},{"damage":13,"enemies":"Gremlin Gang","floor":10,"turns":6},{"damage":1,"enemies":"2 Fungi Beasts","floor":11,"turns":3},{"damage":16,"enemies":"Large Slime","floor":14,"turns":7},{"damage":26,"enemies":"The Guardian","floor":16,"turns":11},{"damage":5,"enemies":"3 Byrds","floor":18,"turns":5},{"damage":9,"enemies":"Chosen","floor":19,"turns":5},{"damage":8,"enemies":"Centurion and Healer","floor":21,"turns":4},{"damage":4,"enemies":"Snake Plant","floor":22,"turns":3},{"damage":5,"enemies":"Cultist and Chosen","floor":23,"turns":6},{"damage":0,"enemies":"Centurion and Healer","floor":29,"turns":4},{"damage":0,"enemies":"Chosen and Byrds","floor":31,"turns":4},{"damage":17,"enemies":"Automaton","floor":33,"turns":8},{"damage":10,"enemies":"3 Darklings","floor":35,"turns":6},{"damage":1,"enemies":"Orb Walker","floor":37,"turns":3},{"damage":12,"enemies":"Spire Growth","floor":38,"turns":5},{"damage":38,"enemies":"Writhing Mass","floor":39,"turns":8},{"damage":12,"enemies":"Reptomancer","floor":40,"turns":7},{"damage":9,"enemies":"Sphere and 2 Shapes","floor":44,"turns":4},{"damage":0,"enemies":"4 Shapes","floor":45,"turns":6},{"damage":3,"enemies":"3 Darklings","floor":47,"turns":5},{"damage":2,"enemies":"Transient","floor":48,"turns":5},{"damage":72,"enemies":"Time Eater","floor":50,"turns":11}],"seed_played":"7344621536453487540","potions_obtained":[{"floor":2,"key":"FearPotion"},{"floor":8,"key":"GamblersBrew"},{"floor":14,"key":"Fruit Juice"},{"floor":19,"key":"Explosive Potion"},{"floor":23,"key":"Swift Potion"},{"floor":31,"key":"DuplicationPotion"},{"floor":33,"key":"Swift Potion"},{"floor":35,"key":"SpeedPotion"},{"floor":38,"key":"DuplicationPotion"},{"floor":40,"key":"SkillPotion"},{"floor":47,"key":"GamblersBrew"},{"floor":48,"key":"EntropicBrew"}],"is_trial":false,"path_per_floor":["M","M","?","M","?","R","?","M","T","M","M","R","$","M","R","B",null,"M","M","?","M","M","M","R","$","T","?","R","M","$","M","R","B",null,"M","$","M","M","M","E","R","?","T","M","M","R","M","M","R","B",null],"character_chosen":"THE_SILENT","items_purchased":["Noxious Fumes","DollysMirror","Tools of the Trade"],"campfire_rested":5,"item_purchase_floors":[13,30,36],"current_hp_per_floor":[70,68,51,51,51,51,51,51,51,38,37,58,58,42,63,42,75,70,61,61,53,49,44,44,44,44,44,66,66,66,66,66,49,80,70,70,69,57,19,7,31,31,31,22,22,64,61,59,77,5],"gold":315,"neow_bonus":"REMOVE_CARD","is_daily":false,"chose_seed":false,"campfire_upgraded":4,"win_rate":0.0,"timestamp":1612924551,"path_taken":["M","M","?","M","?","R","?","M","T","M","M","R","$","M","R","BOSS","M","M","?","M","M","M","R","$","T","?","R","M","$","M","R","BOSS","M","$","M","M","M","E","R","?","T","M","M","R","M","M","R","BOSS"],"items_purchased_type":["Card","Relic","Card"],"build_version":"2020-12-22","purchased_purges":3,"victory":true,"max_hp_per_floor":[70,70,70,70,70,70,70,70,70,70,70,70,70,70,70,75,75,75,75,75,75,75,75,75,75,75,75,75,75,75,75,75,75,80,80,80,80,80,80,80,80,80,80,80,80,80,80,80,80,80],"card_choices":[{"not_picked":["Bane","Leg Sweep"],"picked":"Deflect","floor":1},{"not_picked":["Deflect","Deadly Poison"],"picked":"Dagger Spray","floor":2},{"not_picked":["Dodge and Roll","Calculated Gamble"],"picked":"Footwork","floor":4},{"not_picked":["Flying Knee","Night Terror"],"picked":"Terror","floor":8},{"not_picked":["Heel Hook","Expertise"],"picked":"Blade Dance","floor":10},{"not_picked":["Outmaneuver","Poisoned Stab"],"picked":"Flying Knee","floor":11},{"not_picked":["Flying Knee","Infinite Blades"],"picked":"Finisher","floor":14},{"not_picked":["Wraith Form v2","Glass Knife"],"picked":"After Image","floor":16},{"not_picked":["Sucker Punch","Endless Agony"],"picked":"Poisoned Stab","floor":18},{"not_picked":["Masterful Stab","Sucker Punch+1"],"picked":"Blade Dance+1","floor":19},{"not_picked":["Prepared","Endless Agony"],"picked":"Slice+1","floor":21},{"not_picked":["All Out Attack","Outmaneuver"],"picked":"Dash","floor":22},{"not_picked":["Quick Slash","Noxious Fumes"],"picked":"PiercingWail","floor":23},{"not_picked":["Deadly Poison","Underhanded Strike"],"picked":"Backstab","floor":29},{"not_picked":["Dagger Spray","PiercingWail","Prepared+1"],"picked":"SKIP","floor":31},{"not_picked":["Glass Knife","Malaise"],"picked":"Envenom","floor":33},{"not_picked":["Dagger Throw","Dagger Spray"],"picked":"Deflect+1","floor":34},{"not_picked":["Flying Knee","Tactician+1","Slice"],"picked":"SKIP","floor":35},{"not_picked":["Crippling Poison+1","Calculated Gamble"],"picked":"Blade Dance+1","floor":37},{"not_picked":["Prepared","Slice+1"],"picked":"Riddle With Holes+1","floor":38},{"not_picked":["Tactician+1","Dagger Spray","Sucker Punch+1"],"picked":"SKIP","floor":39},{"not_picked":["Expertise+1","Calculated Gamble+1"],"picked":"A Thousand Cuts","floor":40},{"not_picked":["Underhanded Strike","Heel Hook+1"],"picked":"Backflip","floor":44},{"not_picked":["Backstab+1","Dodge and Roll+1","Predator+1"],"picked":"SKIP","floor":45},{"not_picked":["Riddle With Holes+1","Well Laid Plans+1","Eviscerate+1"],"picked":"SKIP","floor":47},{"not_picked":["Prepared","Deflect+1"],"picked":"Blade Dance","floor":48}],"player_experience":57567,"relics_obtained":[{"floor":9,"key":"CaptainsWheel"},{"floor":26,"key":"Centennial Puzzle"},{"floor":40,"key":"Shuriken"},{"floor":43,"key":"Eternal Feather"}],"event_choices":[{"damage_healed":0,"gold_gain":0,"player_choice":"Take Damage","damage_taken":17,"relics_obtained":["Golden Idol"],"max_hp_gain":0,"max_hp_loss":0,"event_name":"Golden Idol","floor":3,"gold_loss":0},{"cards_removed":["Defend_G"],"damage_healed":0,"gold_gain":0,"player_choice":"Card Removal","damage_taken":0,"max_hp_gain":0,"max_hp_loss":0,"event_name":"The Cleric","floor":5,"gold_loss":50},{"damage_healed":0,"gold_gain":0,"player_choice":"Ignored","damage_taken":0,"max_hp_gain":0,"max_hp_loss":0,"event_name":"Golden Wing","floor":7,"gold_loss":0},{"damage_healed":0,"gold_gain":0,"player_choice":"Ignored","damage_taken":0,"max_hp_gain":0,"max_hp_loss":0,"event_name":"Vampires","floor":20,"gold_loss":0},{"damage_healed":0,"gold_gain":0,"cards_transformed":["Defend_G","Strike_G"],"player_choice":"Became Test Subject","damage_taken":0,"max_hp_gain":0,"max_hp_loss":0,"event_name":"Drug Dealer","floor":27,"gold_loss":0,"cards_obtained":["Poisoned Stab","Night Terror"]},{"damage_healed":0,"gold_gain":0,"player_choice":"Gave Potion","damage_taken":0,"relics_obtained":["Orichalcum"],"max_hp_gain":0,"max_hp_loss":0,"event_name":"WeMeetAgain","floor":42,"gold_loss":0}],"is_beta":false,"boss_relics":[{"not_picked":["Astrolabe","Coffee Dripper"],"picked":"WristBlade"},{"not_picked":["Runic Dome","Cursed Key"],"picked":"Tiny House"}],"items_purged_floors":[13,25,36],"is_endless":false,"potions_floor_spawned":[2,8,14,19,23,31,33,35,38,40,47,48],"ascension_level":0}}