{"host":"a1eatafr7pisesky","time":1612957794,"event":{"mods":["AchievementEnabler","BaseMod","Colored Map","Keyboard Shortcuts","Minty Spire (QoL Compilation)","Say the Spire","StSLib","SuperFastMode","everything is the same but u backflip on backflip"],"gold_per_floor":[109,34,49,49,49,80,80,115,115,115,115,131,157,192,192,267,267,280,280,154,170,183,222,233,283,306,315,424,434,434,37,37,109,109,123,1140,1140,757,766,766,766,766,766,785,827,827,856,874,874,874,874,874,262,293,293],"floor_reached":56,"language":"KOR","playtime":1329,"items_purged":["Strike_R","Perfected Strike","Wild Strike","Normality","Normality"],"score":2340,"play_id":"129c1517-e206-4b20-be35-aeeef69d3018","local_time":"20210210204954","is_ascension_mode":true,"campfire_choices":[{"data":"Anger","floor":7.0,"key":"SMITH"},{"data":"Flex","floor":10.0,"key":"SMITH"},{"data":"Barricade","floor":15.0,"key":"SMITH"},{"floor":30.0,"key":"REST"},{"data":"Body Slam","floor":32.0,"key":"SMITH"},{"data":"Feel No Pain","floor":40.0,"key":"SMITH"},{"data":"Evolve","floor":42.0,"key":"SMITH"},{"floor":46,"key":"RECALL"},{"floor":49,"key":"REST"},{"data":"Bash","floor":52,"key":"SMITH"}],"circlet_count":0,"master_deck":["AscendersBane","Bash+1","Anger+1","Flex+1","Sword Boomerang","Shrug It Off+1","Shrug It Off+1","Barricade+1","Impervious+1","Limit Break+1","Offering+1","Perfected Strike","Offering+1","Exhume+1","Shrug It Off+1","Body Slam+1","Evolve+1","Shrug It Off+1","Impervious+1","Feel No Pain+1","Good Instincts+1","True Grit+1","Disarm+1","Warcry+1"],"relics":["Burning Blood","NeowsBlessing","Torii","Strawberry","Toxic Egg 2","Odd Mushroom","Vajra","Pandora\u0027s Box","CeramicFish","CaptainsWheel","HornCleat","Bottled Tornado","SacredBark","Matryoshka","Anchor","Pantograph","Pear","Oddly Smooth Stone","Membership Card","Thread and Needle","StrikeDummy","Boot"],"acts_visited":["Exordium","TheCity","TheBeyond","TheEnding"],"potions_floor_usage":[47,50,55,55],"damage_taken":[{"damage":0.0,"enemies":"2 Louse","floor":1.0,"turns":1.0},{"damage":0.0,"enemies":"Small Slimes","floor":3.0,"turns":1.0},{"damage":0.0,"enemies":"Lagavulin","floor":6.0,"turns":1.0},{"damage":11.0,"enemies":"Gremlin Nob","floor":8.0,"turns":3.0},{"damage":2.0,"enemies":"Jaw Worm","floor":12.0,"turns":3.0},{"damage":27.0,"enemies":"The Mushroom Lair","floor":13.0,"turns":4.0},{"damage":30.0,"enemies":"Lagavulin","floor":14.0,"turns":6.0},{"damage":7.0,"enemies":"The Guardian","floor":16.0,"turns":13.0},{"damage":6.0,"enemies":"Spheric Guardian","floor":18.0,"turns":1.0},{"damage":12.0,"enemies":"Chosen","floor":21.0,"turns":2.0},{"damage":12.0,"enemies":"Snecko","floor":22.0,"turns":3.0},{"damage":19.0,"enemies":"Gremlin Leader","floor":23.0,"turns":5.0},{"damage":18.0,"enemies":"Snake Plant","floor":24.0,"turns":3.0},{"damage":7.0,"enemies":"Colosseum Slavers","floor":28.0,"turns":3.0},{"damage":19.0,"enemies":"Colosseum Nobs","floor":28.0,"turns":4.0},{"damage":12.0,"enemies":"Cultist and Chosen","floor":29.0,"turns":4.0},{"damage":12.0,"enemies":"Champ","floor":33.0,"turns":8.0},{"damage":6.0,"enemies":"Orb Walker","floor":35.0,"turns":4.0},{"damage":7.0,"enemies":"3 Shapes","floor":44.0,"turns":5.0},{"damage":20,"enemies":"Nemesis","floor":45,"turns":11},{"damage":12,"enemies":"Sphere and 2 Shapes","floor":47,"turns":3},{"damage":12,"enemies":"Maw","floor":48,"turns":9},{"damage":31,"enemies":"Donu and Deca","floor":50,"turns":6},{"damage":50,"enemies":"Shield and Spear","floor":54,"turns":7},{"damage":12,"enemies":"The Heart","floor":55,"turns":8}],"seed_played":"-1690538444890641138","potions_obtained":[{"floor":1.0,"key":"SpeedPotion"},{"floor":6.0,"key":"Swift Potion"},{"floor":18.0,"key":"SneckoOil"},{"floor":23.0,"key":"GamblersBrew"},{"floor":24.0,"key":"BloodPotion"},{"floor":35.0,"key":"DistilledChaos"},{"floor":48,"key":"Dexterity Potion"}],"is_trial":false,"path_per_floor":["M","$","M","?","$","E","R","E","T","R","?","M","?","E","R","B",null,"M","?","$","M","M","E","M","?","T","?","?","M","R","$","R","B",null,"M","?","T","$","?","R","?","R","T","M","E","R","M","M","R","B",null,"R","$","E","B",null],"character_chosen":"IRONCLAD","items_purchased":["Shrug It Off+1","Bottled Tornado","Feel No Pain","Anchor","Membership Card","Thread and Needle","StrikeDummy","PowerPotion","AttackPotion"],"campfire_rested":2,"item_purchase_floors":[20,31,38,38,53,53,53,53,53],"current_hp_per_floor":[74,74,75,52,52,58,58,60,60,60,65,69,48,24,24,23,71,71,87,87,81,75,62,50,50,50,50,36,47,73,73,73,67,82,82,82,82,82,72,72,72,72,82,81,67,67,61,55,84,72,91,91,91,47,66],"gold":293,"neow_bonus":"THREE_ENEMY_KILL","is_daily":false,"chose_seed":false,"campfire_upgraded":7,"win_rate":0.0,"timestamp":1612957794,"path_taken":["M","$","M","?","$","E","R","E","T","R","?","M","?","E","R","BOSS","M","?","$","?","M","E","?","?","T","?","?","M","R","$","R","BOSS","M","?","?","$","?","R","?","R","T","M","E","R","M","?","R","BOSS","R","$","E","BOSS"],"items_purchased_type":["Card","Relic","Card","Relic","Relic","Relic","Relic","Potion","Potion"],"build_version":"2020-12-22","purchased_purges":5,"victory":true,"max_hp_per_floor":[75,75,75,75,75,75,75,82,82,82,87,87,87,87,87,87,87,87,87,87,87,87,87,87,87,87,87,87,87,87,87,87,87,87,87,87,87,87,87,87,87,87,97,97,97,97,97,97,97,97,97,97,97,97,97],"card_choices":[{"not_picked":["Pummel","Fire Breathing"],"picked":"Anger","floor":1.0},{"not_picked":["Anger","Heavy Blade"],"picked":"Wild Strike","floor":3.0},{"not_picked":["Body Slam","Combust"],"picked":"Flex","floor":6.0},{"not_picked":["True Grit","Infernal Blade"],"picked":"Sword Boomerang","floor":8.0},{"not_picked":["Cleave","Pommel Strike"],"picked":"Shrug It Off+1","floor":12.0},{"not_picked":["Clash","Brutality"],"picked":"Shrug It Off+1","floor":13.0},{"not_picked":["Dropkick","Clothesline"],"picked":"Barricade","floor":14.0},{"not_picked":["Bludgeon","Fiend Fire"],"picked":"Impervious+1","floor":16.0},{"not_picked":["Thunderclap","Clothesline+1","Flex+1"],"picked":"SKIP","floor":18.0},{"not_picked":["True Grit+1","Wild Strike"],"picked":"Body Slam","floor":21.0},{"not_picked":["Barricade","Sword Boomerang","Headbutt+1"],"picked":"SKIP","floor":22.0},{"not_picked":["Heavy Blade","Twin Strike+1"],"picked":"Evolve","floor":23.0},{"not_picked":["Dropkick","Whirlwind+1","Headbutt"],"picked":"SKIP","floor":24.0},{"not_picked":["Heavy Blade","Clothesline"],"picked":"Impervious+1","floor":28.0},{"not_picked":["Pommel Strike","Armaments+1","Flame Barrier+1"],"picked":"SKIP","floor":29.0},{"not_picked":["Heavy Blade","Sword Boomerang","Havoc+1"],"picked":"SKIP","floor":35.0},{"not_picked":["Mind Blast","Discovery+1"],"picked":"Good Instincts+1","floor":39.0},{"not_picked":["Shrug It Off+1","Sever Soul"],"picked":"True Grit+1","floor":44},{"not_picked":["Dual Wield+1","Shrug It Off+1"],"picked":"Disarm+1","floor":45},{"not_picked":["Pommel Strike+1","Armaments+1"],"picked":"Warcry+1","floor":47},{"not_picked":["Clothesline","Clash","Combust"],"picked":"SKIP","floor":48},{"not_picked":["Double Tap+1","Anger","Uppercut"],"picked":"SKIP","floor":54}],"player_experience":439742,"relics_obtained":[{"floor":6.0,"key":"Torii"},{"floor":8.0,"key":"Strawberry"},{"floor":9.0,"key":"Toxic Egg 2"},{"floor":13.0,"key":"Odd Mushroom"},{"floor":14.0,"key":"Vajra"},{"floor":23.0,"key":"CeramicFish"},{"floor":28.0,"key":"CaptainsWheel"},{"floor":28.0,"key":"HornCleat"},{"floor":37.0,"key":"Matryoshka"},{"floor":43.0,"key":"Pantograph"},{"floor":43.0,"key":"Pear"},{"floor":45,"key":"Oddly Smooth Stone"},{"floor":54,"key":"Boot"}],"event_choices":[{"damage_healed":0.0,"max_hp_gain":0.0,"max_hp_loss":0.0,"gold_gain":0.0,"event_name":"Shining Light","player_choice":"Entered Light","floor":4.0,"gold_loss":0.0,"damage_taken":23.0,"cards_upgraded":["Strike_R","Strike_R"]},{"damage_healed":0.0,"max_hp_gain":5.0,"max_hp_loss":0.0,"gold_gain":0.0,"event_name":"Big Fish","player_choice":"Donut","floor":11.0,"gold_loss":0.0,"damage_taken":0.0},{"damage_healed":0.0,"max_hp_gain":0.0,"max_hp_loss":0.0,"gold_gain":0.0,"event_name":"Mushrooms","player_choice":"Fought Mushrooms","floor":13.0,"gold_loss":0.0,"damage_taken":0.0},{"cards_removed":["Reckless Charge"],"damage_healed":16.0,"max_hp_gain":0.0,"max_hp_loss":0.0,"gold_gain":0.0,"event_name":"Bonfire Elementals","player_choice":"Offered Uncommon","floor":19.0,"gold_loss":0.0,"damage_taken":0.0},{"damage_healed":0.0,"max_hp_gain":0.0,"max_hp_loss":0.0,"gold_gain":50.0,"event_name":"Nest","player_choice":"Stole From Cult","floor":25.0,"gold_loss":0.0,"damage_taken":0.0},{"damage_healed":0.0,"max_hp_gain":0.0,"max_hp_loss":0.0,"gold_gain":0.0,"event_name":"The Library","player_choice":"Read","floor":27.0,"gold_loss":0.0,"damage_taken":0.0,"cards_obtained":["Shrug It Off"]},{"damage_healed":0.0,"max_hp_gain":0.0,"max_hp_loss":0.0,"gold_gain":0.0,"event_name":"Colosseum","player_choice":"Fight","floor":28.0,"gold_loss":0.0,"damage_taken":0.0},{"damage_healed":0.0,"max_hp_gain":0.0,"max_hp_loss":0.0,"gold_gain":0.0,"event_name":"Colosseum","player_choice":"Fought Nobs","floor":28.0,"gold_loss":0.0,"damage_taken":0.0},{"damage_healed":0.0,"max_hp_gain":0.0,"max_hp_loss":0.0,"gold_gain":999.0,"event_name":"MindBloom","player_choice":"Gold","floor":36.0,"gold_loss":0.0,"damage_taken":0.0,"cards_obtained":["Normality","Normality"]},{"damage_healed":0.0,"max_hp_gain":0.0,"max_hp_loss":0.0,"gold_gain":0.0,"event_name":"SensoryStone","player_choice":"Memory 3","floor":39.0,"gold_loss":0.0,"damage_taken":10.0},{"cards_removed":["Immolate"],"damage_healed":0.0,"max_hp_gain":0.0,"max_hp_loss":0.0,"gold_gain":0.0,"event_name":"Falling","player_choice":"Removed Attack","floor":41.0,"gold_loss":0.0,"damage_taken":0.0}],"is_beta":false,"boss_relics":[{"not_picked":["Velvet Choker","SlaversCollar"],"picked":"Pandora\u0027s Box"},{"not_picked":["Mark of Pain","Astrolabe"],"picked":"SacredBark"}],"items_purged_floors":[2,20,31,38,53],"is_endless":false,"potions_floor_spawned":[1,6,8,18,23,24,28,35,48],"ascension_level":18}}