{"host":"bplbr8uekuotory4","time":1612937579,"event":{"mods":["Act Like it!","BaseMod","GungeonMod","Hermit","KinomotoSakuraMod(ƒæ÷Æ±æ”£)","Marisa£®ÏF”Í°°ƒß¿Ì…≥£©","Minty Spire (QoL Compilation)","Prisma Mod","Quick Restart","Reimu£®≤©¿ˆ¡È√Œ£©","SOS£®Àπ∞Õ¥Ô÷Æ◊”£©","Spicy Shops","StSLib","TestMod","The Blackbeard","The Cursed","The Mystic","The Poker Player","The Saiyan","The Senshi","The Servant 0.9.4","Yuri Mod","[IsaacMod]“‘»ˆº‚À˛"],"gold_per_floor":[109,109,59,59,73,102,27,27,81,81,91,124,143,157,157,157,157],"floor_reached":16,"language":"ZHS","playtime":307,"items_purged":["theSenshi:SailorKick"],"score":162,"play_id":"132870d7-8355-4524-a000-634bd13b9c5f","local_time":"20210210141259","is_ascension_mode":true,"campfire_choices":[{"data":"theSenshi:SailorKick","floor":8.0,"key":"SMITH"},{"data":"theSenshi:MoonPrismPowerMakeUp","floor":15.0,"key":"SMITH"}],"circlet_count":0,"master_deck":["theSenshi:SailorKick","theSenshi:SailorKick+1","theSenshi:SailorBlock","theSenshi:SailorBlock","theSenshi:SailorBlock","theSenshi:RoseThrow","theSenshi:MoonPrismPowerMakeUp+1","theSenshi:MoonPunch"],"relics":["theSenshi:TransformationBroochRelic","testmod-TestBox","HushsDoor","GnawedLeaf","testmod-PortableAltar","NeowsBlessing","theSenshi:HolyGrailRelic","Singing Bowl","Bag of Marbles","Tea:ReiMu"],"acts_visited":["Exordium"],"potions_floor_usage":[16],"damage_taken":[{"damage":1.0,"enemies":"Small Slimes","floor":1.0,"turns":1.0},{"damage":1.0,"enemies":"Jaw Worm","floor":5.0,"turns":2.0},{"damage":0.0,"enemies":"3 Sentries","floor":6.0,"turns":1.0},{"damage":0.0,"enemies":"2 Louse","floor":11.0,"turns":2.0},{"damage":13.0,"enemies":"Lagavulin","floor":12.0,"turns":4.0},{"damage":3.0,"enemies":"Large Slime","floor":13.0,"turns":6.0},{"damage":2.0,"enemies":"2 Fungi Beasts","floor":14.0,"turns":3.0},{"damage":10,"enemies":"The Guardian","floor":16,"turns":6}],"seed_played":"7927766278479088340","potions_obtained":[{"floor":5.0,"key":"DemoMod:LeadSkinPotion"},{"floor":11.0,"key":"SteroidPotion"},{"floor":14.0,"key":"SneckoOil"}],"is_trial":false,"path_per_floor":["M","?","?","?","M","E","$","R","T","?","M","E","M","M","R","B"],"character_chosen":"THE_SENSHI","items_purchased":[],"campfire_rested":0,"item_purchase_floors":[],"current_hp_per_floor":[73,66,66,59,58,60,60,60,60,65,67,56,55,55,55,45,45],"gold":157,"neow_bonus":"THREE_ENEMY_KILL","is_daily":false,"chose_seed":false,"campfire_upgraded":2,"win_rate":0.0,"timestamp":1612937579,"path_taken":["M","?","?","?","?","E","?","R","T","?","M","E","M","M","R","BOSS"],"items_purchased_type":[],"build_version":"2020-12-22","purchased_purges":1,"victory":false,"max_hp_per_floor":[74,73,72,71,70,71,70,69,68,72,73,74,75,76,75,74,74],"card_choices":[{"not_picked":["theSenshi:MoonsReflection","theSenshi:SchoolBag"],"picked":"Bomb","floor":1.0},{"not_picked":["theSenshi:FatedKiss","theSenshi:MoonlightKnight"],"picked":"theSenshi:MoonPunch","floor":5.0},{"not_picked":["theSenshi:SailorMercuryAssists","theSenshi:SailorChibiMoonAssists","theSenshi:MoonTiaraMagic"],"picked":"Singing Bowl","floor":6.0},{"not_picked":["theSenshi:MercurysCunning","theSenshi:MoonPunch","theSenshi:SupersonicWaves"],"picked":"Singing Bowl","floor":11.0},{"not_picked":["theSenshi:SailorStarHealerAssists","theSenshi:MoonHealingEscalation","theSenshi:SupersonicWaves"],"picked":"Singing Bowl","floor":12.0},{"not_picked":["theSenshi:DramaticEntrance","theSenshi:MoonTiaraMagic","theSenshi:MoonTwilightFlash"],"picked":"Singing Bowl","floor":13.0},{"not_picked":["theSenshi:Sidestep","theSenshi:TuxedoSmokingBomber","theSenshi:SailorMercuryAssists"],"picked":"Singing Bowl","floor":14.0}],"player_experience":1131146,"relics_obtained":[{"floor":6.0,"key":"Singing Bowl"},{"floor":9.0,"key":"Bag of Marbles"},{"floor":12.0,"key":"Tea:ReiMu"}],"event_choices":[{"damage_healed":0.0,"max_hp_gain":0.0,"max_hp_loss":0.0,"gold_gain":0.0,"event_name":"Scrap Ooze","player_choice":"Success","floor":2.0,"gold_loss":0.0,"damage_taken":7.0,"relics_obtained":["theSenshi:HolyGrailRelic"]},{"cards_removed":["theSenshi:SailorKick"],"damage_healed":0.0,"max_hp_gain":0.0,"max_hp_loss":0.0,"gold_gain":0.0,"event_name":"The Cleric","player_choice":"Card Removal","floor":3.0,"gold_loss":50.0,"damage_taken":0.0},{"cards_removed":["theSenshi:SailorBlock"],"damage_healed":0.0,"max_hp_gain":0.0,"max_hp_loss":0.0,"gold_gain":0.0,"event_name":"Golden Wing","player_choice":"Card Removal","floor":4.0,"gold_loss":0.0,"damage_taken":7.0},{"damage_healed":0.0,"max_hp_gain":5.0,"max_hp_loss":0.0,"gold_gain":0.0,"event_name":"Big Fish","player_choice":"Donut","floor":10.0,"gold_loss":0.0,"damage_taken":0.0}],"is_beta":false,"boss_relics":[],"items_purged_floors":[7],"is_endless":false,"potions_floor_spawned":[5,11,14],"killed_by":"The Guardian","ascension_level":4}}