{"host":"7qoz5gmva6til3yp","time":1612923056,"event":{"mods":["2.2 Compatiblity","Astrologer","BaseMod","Marisa£¨Ùöéë¡¡Øª×âÞÞ£©","Minty Spire (QoL Compilation)","StSLib","SuperFastMode","The Poker Player"],"gold_per_floor":[115,125,200,218,168,168,200,200,200,219,219,219,64,79,79,184,184,203,215,234,234,234],"floor_reached":21,"language":"KOR","playtime":573,"items_purged":["astrologer:Strike"],"score":208,"play_id":"0ead2247-daab-4c83-bdce-c8bd3abbe540","local_time":"20210210111056","is_ascension_mode":true,"campfire_choices":[{"data":"astrologer:StarOfMisfortune","floor":6,"key":"SMITH"},{"data":"astrologer:CosmicExpanse","floor":8,"key":"SMITH"},{"data":"astrologer:TheHierophant","floor":12,"key":"SMITH"},{"floor":15,"key":"REST"}],"circlet_count":0,"master_deck":["astrologer:Strike","astrologer:Strike","astrologer:Strike","astrologer:Defend","astrologer:Defend","astrologer:Defend","astrologer:NorthStar","astrologer:TheFool","astrologer:StarOfMisfortune+1","astrologer:TheHierophant+1","astrologer:Opposition","astrologer:CosmicExpanse+1","astrologer:Fireball","astrologer:Moonlight","astrologer:DarkMatter","astrologer:CometStrike+1","astrologer:SolarFlare"],"relics":["astrologer:SkyMirror","Art of War","Mummified Hand","Lantern","Cursed Key"],"acts_visited":["Exordium","TheCity"],"potions_floor_usage":[7,21,21],"damage_taken":[{"damage":0,"enemies":"Small Slimes","floor":1,"turns":3},{"damage":0,"enemies":"Jaw Worm","floor":2,"turns":4},{"damage":8,"enemies":"2 Louse","floor":4,"turns":3},{"damage":28,"enemies":"Gremlin Nob","floor":7,"turns":4},{"damage":0,"enemies":"Exordium Wildlife","floor":10,"turns":4},{"damage":5,"enemies":"3 Louse","floor":14,"turns":2},{"damage":10,"enemies":"The Guardian","floor":16,"turns":8},{"damage":4,"enemies":"Shell Parasite","floor":18,"turns":4},{"damage":0,"enemies":"3 Byrds","floor":19,"turns":5},{"damage":52,"enemies":"Sentry and Sphere","floor":20,"turns":6},{"damage":26,"enemies":"Chosen and Byrds","floor":21,"turns":4}],"seed_played":"4184663975445813738","potions_obtained":[{"floor":1,"key":"Regen Potion"},{"floor":4,"key":"Regen Potion"},{"floor":7,"key":"BlessingOfTheForge"},{"floor":10,"key":"Block Potion"}],"is_trial":false,"path_per_floor":["M","M","?","M","?","R","E","R","T","M","?","R","$","M","R","B",null,"M","M","M","M"],"character_chosen":"ASTROLOGER","items_purchased":["astrologer:Fireball"],"campfire_rested":1,"item_purchase_floors":[13],"current_hp_per_floor":[70,70,59,51,51,51,32,32,32,32,32,32,32,27,48,38,70,66,66,14,0,0],"gold":234,"neow_bonus":"RANDOM_COMMON_RELIC","is_daily":false,"chose_seed":false,"campfire_upgraded":3,"win_rate":0.0,"timestamp":1612923056,"path_taken":["M","M","?","M","?","R","E","R","T","M","?","R","$","M","R","BOSS","M","M","M","M"],"items_purchased_type":["Card"],"build_version":"2020-12-22","purchased_purges":1,"victory":false,"max_hp_per_floor":[70,70,70,70,70,70,70,70,70,70,70,70,70,70,70,70,70,70,70,70,70,70],"card_choices":[{"not_picked":["astrologer:TheHangedMan","astrologer:FrozenStar"],"picked":"astrologer:StarOfMisfortune","floor":1},{"not_picked":["astrologer:TheHangedMan","astrologer:Novile"],"picked":"astrologer:TheHierophant","floor":2},{"not_picked":["astrologer:Confirmation","astrologer:Stardust"],"picked":"astrologer:Opposition","floor":4},{"not_picked":["astrologer:MeteorShower","astrologer:Novile"],"picked":"astrologer:CosmicExpanse","floor":7},{"not_picked":["astrologer:TheLovers","astrologer:Shine","astrologer:StarOfCourage"],"picked":"SKIP","floor":10},{"not_picked":["astrologer:Still","astrologer:SpaceDust"],"picked":"astrologer:Moonlight","floor":14},{"not_picked":["astrologer:Premonition","astrologer:TheMagician"],"picked":"astrologer:DarkMatter","floor":16},{"not_picked":["astrologer:MeteorShower","astrologer:Divination"],"picked":"astrologer:CometStrike+1","floor":18},{"not_picked":["astrologer:ReadTheStars","astrologer:Radiance+1"],"picked":"astrologer:SolarFlare","floor":19},{"not_picked":["astrologer:Eclipse+1","astrologer:MeteorShower+1","astrologer:SolarFlare"],"picked":"SKIP","floor":20}],"player_experience":501544,"relics_obtained":[{"floor":7,"key":"Mummified Hand"},{"floor":9,"key":"Lantern"}],"event_choices":[{"damage_healed":0,"gold_gain":75,"player_choice":"Gather Gold","damage_taken":11,"max_hp_gain":0,"max_hp_loss":0,"event_name":"World of Goop","floor":3,"gold_loss":0},{"cards_removed":["astrologer:Defend"],"damage_healed":0,"gold_gain":0,"player_choice":"Card Removal","damage_taken":0,"max_hp_gain":0,"max_hp_loss":0,"event_name":"The Cleric","floor":5,"gold_loss":50},{"damage_healed":0,"gold_gain":0,"player_choice":"Ignored","damage_taken":0,"max_hp_gain":0,"max_hp_loss":0,"event_name":"Golden Idol","floor":11,"gold_loss":0}],"is_beta":false,"boss_relics":[{"not_picked":["Philosopher\u0027s Stone","Ectoplasm"],"picked":"Cursed Key"}],"items_purged_floors":[13],"is_endless":false,"potions_floor_spawned":[1,4,7,10],"killed_by":"Chosen and Byrds","ascension_level":3}}