{"host":"2qv44oxt58ptq59r","time":1612970791,"event":{"mods":["AchievementEnabler","BaseMod","Colored Powertips","Highlight Path","Minty Spire (QoL Compilation)","Permanent Neow","StSLib"],"gold_per_floor":[109,34,54,54,66,66,17,50,102,128,140,158,170,170,170,268,268,257,257,257],"floor_reached":19,"language":"ENG","playtime":2330,"items_purged":["Strike_R"],"score":228,"play_id":"269c8463-9c83-4bfb-8e42-8f054695881d","local_time":"20210210152631","is_ascension_mode":true,"campfire_choices":[{"data":"Bash","floor":6,"key":"SMITH"},{"floor":15,"key":"REST"}],"circlet_count":0,"master_deck":["Strike_R","Strike_R","Defend_R","Defend_R","Defend_R","Defend_R","Bash+1","Pommel Strike","Clothesline","Heavy Blade","Headbutt","Exhume","Thunderclap","Blood for Blood","Demon Form","Sword Boomerang"],"relics":["Burning Blood","Bag of Marbles","Regal Pillow","Empty Cage"],"acts_visited":["Exordium","TheCity"],"potions_floor_usage":[3,8,18],"damage_taken":[{"damage":6,"enemies":"Cultist","floor":1,"turns":3},{"damage":0,"enemies":"Jaw Worm","floor":3,"turns":3},{"damage":3,"enemies":"2 Louse","floor":5,"turns":4},{"damage":35,"enemies":"3 Sentries","floor":8,"turns":8},{"damage":28,"enemies":"Large Slime","floor":11,"turns":7},{"damage":0,"enemies":"Exordium Wildlife","floor":12,"turns":2},{"damage":2,"enemies":"3 Louse","floor":13,"turns":3},{"damage":70,"enemies":"The Guardian","floor":16,"turns":12},{"damage":29,"enemies":"2 Thieves","floor":18,"turns":4},{"damage":53,"enemies":"Spheric Guardian","floor":19,"turns":5}],"seed_played":"2615120867395365500","potions_obtained":[{"floor":1,"key":"DuplicationPotion"},{"floor":11,"key":"GamblersBrew"},{"floor":12,"key":"LiquidBronze"}],"is_trial":false,"path_per_floor":["M","$","M","?","M","R","$","E","T","T","M","M","M","?","R","B",null,"M","M"],"character_chosen":"IRONCLAD","items_purchased":["Energy Potion"],"campfire_rested":1,"item_purchase_floors":[7],"current_hp_per_floor":[72,72,78,78,80,80,80,51,51,51,29,35,39,44,84,20,69,46,0,0],"gold":257,"neow_bonus":"THREE_CARDS","is_daily":false,"chose_seed":false,"campfire_upgraded":1,"win_rate":0.0,"timestamp":1612970791,"path_taken":["M","?","M","?","M","R","$","E","T","?","M","?","M","?","R","BOSS","M","M"],"items_purchased_type":["Potion"],"build_version":"2020-12-22","purchased_purges":1,"victory":false,"max_hp_per_floor":[80,80,80,80,80,80,80,80,80,80,80,80,80,85,85,85,85,85,85,85],"card_choices":[{"not_picked":["True Grit","Headbutt"],"picked":"Pommel Strike","floor":0},{"not_picked":["Ghostly Armor","Twin Strike"],"picked":"Clothesline","floor":1},{"not_picked":["Entrench","Anger"],"picked":"Heavy Blade","floor":3},{"not_picked":["Heavy Blade","True Grit"],"picked":"Headbutt","floor":5},{"not_picked":["Burning Pact","Perfected Strike"],"picked":"Exhume","floor":8},{"not_picked":["Infernal Blade","True Grit"],"picked":"Thunderclap","floor":11},{"not_picked":["Reckless Charge","Heavy Blade"],"picked":"Blood for Blood","floor":12},{"not_picked":["True Grit","Heavy Blade","Clash"],"picked":"SKIP","floor":13},{"not_picked":["Immolate","Impervious"],"picked":"Demon Form","floor":16},{"not_picked":["Clash","Anger"],"picked":"Sword Boomerang","floor":18}],"player_experience":5653487,"relics_obtained":[{"floor":8,"key":"Bag of Marbles"},{"floor":10,"key":"Regal Pillow"}],"event_choices":[{"damage_healed":0,"gold_gain":0,"player_choice":"Ignored","damage_taken":0,"max_hp_gain":0,"max_hp_loss":0,"event_name":"Liars Game","floor":4,"gold_loss":0},{"damage_healed":0,"gold_gain":0,"player_choice":"Donut","damage_taken":0,"max_hp_gain":5,"max_hp_loss":0,"event_name":"Big Fish","floor":14,"gold_loss":0}],"is_beta":false,"boss_relics":[{"not_picked":["Runic Cube","Black Star"],"picked":"Empty Cage"}],"items_purged_floors":[2],"is_endless":false,"potions_floor_spawned":[1,11,12],"killed_by":"Spheric Guardian","ascension_level":7}}