{"host":"i0m6ffz3lpe3z1ky","time":1612949762,"event":{"mods":["Aspiration","BaseMod","Bestiary","BetterRewards","Colored Map","Conspire","Energized Spire","Highlight Path","Hubris","Ironclad Rager","Minty Spire (QoL Compilation)","Quick Restart","Reliquary","Shop Mod","Spicy Shops","StSLib","Thieving Mod"],"gold_per_floor":[112,12,22,32,32,65,65,94,94,106,106,117,135,135,135,232,232,242,260,175,38,38,65,77,104,104,104,127,158,158,177,177,272,322,338,355,23,23,35,35,53,53,53,66,66,77,77,77,77,77,77,77,2,31,31],"floor_reached":56,"language":"KOR","playtime":1909,"items_purged":["Strike_R","Strike_R","Strike_R","conspire:Purge+1"],"score":1772,"play_id":"3fe789d0-1e7a-4993-b525-dd978c210eb5","local_time":"20210210183602","is_ascension_mode":false,"campfire_choices":[{"data":"Searing Blow+2","floor":7.0,"key":"SMITH"},{"data":"Searing Blow+3","floor":11.0,"key":"SMITH"},{"data":"Searing Blow+5","floor":15.0,"key":"SMITH"},{"data":"Searing Blow+8","floor":30.0,"key":"SMITH"},{"data":"Searing Blow+9","floor":32.0,"key":"SMITH"},{"data":"Searing Blow+11","floor":40.0,"key":"SMITH"},{"data":"Searing Blow+12","floor":42.0,"key":"SMITH"},{"data":"Searing Blow+13","floor":45.0,"key":"SMITH"},{"data":"Searing Blow+14","floor":47.0,"key":"SMITH"},{"floor":49,"key":"RECALL"},{"data":"Searing Blow+16","floor":52,"key":"SMITH"}],"circlet_count":0,"master_deck":["Defend_R+1","Bash+1","Searing Blow+17","Headbutt+1","Havoc+1","Double Tap+1","Corruption+1","Shrug It Off+1","Iron Wave+1","Seeing Red+1","Shrug It Off+1","Seeing Red+1","conspire:Banana+1","Bludgeon+1"],"relics":["Burning Blood","aspiration:Nostalgia","Cracked Core","hubris:SlimyHat","Anchor","Ornamental Fan","Oddly Smooth Stone","reliquary:Buckler","Membership Card","TungstenRod","hubris:EmptyBottle","Centennial Puzzle","reliquary:Knoch","reliquary:SilkGlove","Darkstone Periapt","aspiration:FetidBarrel","Meat on the Bone","aspiration:SecretTechniqueScroll","aspiration:SeaSaltIceCream","reliquary:Buckler","reliquary:WeakTea","Bag of Marbles","Potion Belt","reliquary:BoilingFlask","hubris:BottledHeart","MealTicket","Art of War","Tiny House","hubris:Reverence","ClockworkSouvenir","aspiration:HummingbirdHeart","Mark of the Bloom","hubris:FunFungus"],"acts_visited":["Exordium","TheCity","TheBeyond","TheEnding"],"potions_floor_usage":[],"damage_taken":[{"damage":9.0,"enemies":"Small Slimes","floor":1.0,"turns":3.0},{"damage":0.0,"enemies":"Cultist","floor":3.0,"turns":2.0},{"damage":0.0,"enemies":"2 Louse","floor":4.0,"turns":2.0},{"damage":14.0,"enemies":"Lagavulin","floor":6.0,"turns":7.0},{"damage":0.0,"enemies":"Gremlin Nob","floor":8.0,"turns":3.0},{"damage":0.0,"enemies":"Exordium Thugs","floor":10.0,"turns":2.0},{"damage":0.0,"enemies":"3 Louse","floor":12.0,"turns":1.0},{"damage":0.0,"enemies":"Looter","floor":13.0,"turns":2.0},{"damage":5.0,"enemies":"The Guardian","floor":16.0,"turns":5.0},{"damage":0.0,"enemies":"Shell Parasite","floor":18.0,"turns":3.0},{"damage":11.0,"enemies":"3 Byrds","floor":19.0,"turns":5.0},{"damage":81.0,"enemies":"Book of Stabbing","floor":23.0,"turns":6.0},{"damage":17.0,"enemies":"Sentry and Sphere","floor":24.0,"turns":4.0},{"damage":0.0,"enemies":"conspire:MimicChest","floor":25.0,"turns":2.0},{"damage":0.0,"enemies":"conspire:SneckoGhost","floor":29.0,"turns":3.0},{"damage":0.0,"enemies":"Shelled Parasite and Fungi","floor":31.0,"turns":3.0},{"damage":0.0,"enemies":"hubris:MusketHawk","floor":33.0,"turns":4.0},{"damage":0.0,"enemies":"Orb Walker","floor":35.0,"turns":2.0},{"damage":0.0,"enemies":"3 Darklings","floor":36.0,"turns":3.0},{"damage":0.0,"enemies":"Spire Growth","floor":39.0,"turns":2.0},{"damage":0.0,"enemies":"Maw","floor":41.0,"turns":4.0},{"damage":0.0,"enemies":"Jaw Worm Horde","floor":44.0,"turns":4.0},{"damage":0.0,"enemies":"Writhing Mass","floor":46.0,"turns":2.0},{"damage":0,"enemies":"Donu and Deca","floor":50,"turns":3},{"damage":0,"enemies":"Shield and Spear","floor":54,"turns":3},{"damage":0,"enemies":"The Heart","floor":55,"turns":5}],"seed_played":"6083891256184405587","potions_obtained":[{"floor":3.0,"key":"SteroidPotion"},{"floor":6.0,"key":"Fruit Juice"},{"floor":8.0,"key":"AttackPotion"},{"floor":16.0,"key":"SpeedPotion"},{"floor":23.0,"key":"Strength Potion"},{"floor":33.0,"key":"CultistPotion"},{"floor":54,"key":"FairyPotion"}],"is_trial":false,"path_per_floor":["M","$","M","M","?","E","R","E","T","M","R","M","M","?","R","B",null,"M","M","?","$","?","E","M","?","T","?","T","E","R","M","R","B",null,"M","M","$","?","M","R","M","R","T","M","R","M","R","?","R","B",null,"R","$","E","B",null],"character_chosen":"IRONCLAD","items_purchased":["aspiration:Nostalgia","hubris:SlimyHat","Anchor","Ornamental Fan","Oddly Smooth Stone","reliquary:Buckler","Searing Blow","Membership Card","TungstenRod","hubris:EmptyBottle","Centennial Puzzle","reliquary:Knoch","FairyPotion","EntropicBrew","reliquary:WeakTea","conspire:Banana","hubris:Reverence","ClockworkSouvenir","Bludgeon"],"campfire_rested":0,"item_purchase_floors":[0,0,0,0,0,0,0,0,0,0,0,0,0,2,21,37,37,37,37],"current_hp_per_floor":[29,29,35,41,41,43,43,49,49,55,55,61,67,67,67,68,90,90,85,85,85,85,22,23,41,41,1,1,1,1,1,1,1,1,1,1,1,1,1,1,1,1,1,1,1,1,1,1,1,1,1,1,1,1,1],"gold":31,"neow_bonus":"","is_daily":false,"chose_seed":false,"campfire_upgraded":10,"win_rate":0.0,"timestamp":1612949762,"path_taken":["M","$","M","M","?","E","R","E","T","M","R","M","?","?","R","BOSS","M","M","?","$","?","E","?","?","T","?","?","E","R","M","R","BOSS","M","M","$","?","M","R","M","R","T","M","R","M","R","?","R","BOSS","R","$","E","BOSS"],"items_purchased_type":["Relic","Relic","Relic","Relic","Relic","Relic","Card","Relic","Relic","Relic","Relic","Relic","Potion","Potion","Relic","Card","Relic","Relic","Card"],"build_version":"2020-12-22","purchased_purges":4,"victory":true,"max_hp_per_floor":[80,80,80,80,80,90,90,90,90,90,90,90,90,90,90,90,90,90,90,90,90,90,90,90,90,90,1,1,1,1,1,1,1,1,1,1,1,1,1,1,1,1,1,1,1,1,1,1,1,1,1,1,1,1,1],"card_choices":[{"not_picked":["Feel No Pain","Clash"],"picked":"Headbutt","floor":1.0},{"not_picked":["Uppercut","Bloodletting","Clothesline"],"picked":"SKIP","floor":3.0},{"not_picked":["Rage","Heavy Blade"],"picked":"Havoc","floor":4.0},{"not_picked":["Havoc","Shockwave"],"picked":"Double Tap","floor":6.0},{"not_picked":["Clothesline","Offering","Pommel Strike"],"picked":"SKIP","floor":8.0},{"not_picked":["Inflame","Wild Strike","Armaments"],"picked":"SKIP","floor":10.0},{"not_picked":["Clothesline","Blood for Blood","Second Wind"],"picked":"SKIP","floor":12.0},{"not_picked":["conspire:ExplosiveBarrier","Thunderclap","Wild Strike"],"picked":"SKIP","floor":13.0},{"not_picked":["Barricade","conspire:HitWhereItHurts"],"picked":"Corruption","floor":16.0},{"not_picked":["Cleave","hubris:CleavingFinish+1","Rupture"],"picked":"SKIP","floor":18.0},{"not_picked":["conspire:ExplosiveBarrier","Searing Blow"],"picked":"Shrug It Off","floor":19.0},{"not_picked":["Armaments","Bludgeon"],"picked":"Seeing Red+1","floor":23.0},{"not_picked":["Dual Wield","Dropkick"],"picked":"Shrug It Off","floor":24.0},{"not_picked":["Combust+1","Uppercut"],"picked":"Seeing Red","floor":25.0},{"not_picked":["Twin Strike","Hemokinesis","True Grit+1"],"picked":"SKIP","floor":29.0},{"not_picked":["Rupture","Dual Wield+1","Sword Boomerang+1"],"picked":"SKIP","floor":31.0},{"not_picked":["Offering","Limit Break"],"picked":"conspire:Purge","floor":33.0},{"not_picked":["Flex","Dual Wield+1","Cleave+1"],"picked":"SKIP","floor":35.0},{"not_picked":["Twin Strike+1","Headbutt","Dropkick+1"],"picked":"SKIP","floor":36.0},{"not_picked":["Havoc","Limit Break","Flex"],"picked":"SKIP","floor":39.0},{"not_picked":["Warcry+1","Sentinel+1","conspire:ExplosiveBarrier+1"],"picked":"SKIP","floor":41.0},{"not_picked":["Thunderclap+1","Anger","Ghostly Armor+1"],"picked":"SKIP","floor":44.0},{"not_picked":["Iron Wave+1","Armaments","hubris:ReadiedAction"],"picked":"SKIP","floor":46.0},{"not_picked":["Perfected Strike+1","Shockwave","Pommel Strike"],"picked":"SKIP","floor":54}],"player_experience":403451,"relics_obtained":[{"floor":5.0,"key":"reliquary:SilkGlove"},{"floor":6.0,"key":"Darkstone Periapt"},{"floor":8.0,"key":"aspiration:FetidBarrel"},{"floor":9.0,"key":"Meat on the Bone"},{"floor":23.0,"key":"Potion Belt"},{"floor":25.0,"key":"reliquary:BoilingFlask"},{"floor":28.0,"key":"MealTicket"},{"floor":29.0,"key":"Art of War"},{"floor":43.0,"key":"aspiration:HummingbirdHeart"},{"floor":54,"key":"hubris:FunFungus"}],"event_choices":[{"damage_healed":0.0,"max_hp_gain":0.0,"max_hp_loss":0.0,"gold_gain":0.0,"event_name":"Wheel of Change","player_choice":"Relic","floor":5.0,"gold_loss":0.0,"damage_taken":0.0},{"damage_healed":0.0,"max_hp_gain":0.0,"max_hp_loss":0.0,"gold_gain":0.0,"event_name":"Accursed Blacksmith","player_choice":"Forge","floor":14.0,"gold_loss":0.0,"damage_taken":0.0,"cards_upgraded":["Searing Blow"]},{"damage_healed":0.0,"max_hp_gain":0.0,"max_hp_loss":0.0,"gold_gain":0.0,"event_name":"Addict","player_choice":"Obtained Relic","floor":20.0,"gold_loss":85.0,"damage_taken":0.0,"relics_obtained":["aspiration:SeaSaltIceCream"]},{"cards_removed":["Strike_R"],"damage_healed":0.0,"max_hp_gain":0.0,"max_hp_loss":0.0,"gold_gain":0.0,"event_name":"NoteForYourself","player_choice":"Took Card","floor":22.0,"gold_loss":0.0,"damage_taken":0.0,"cards_obtained":["Iron Wave"]},{"damage_healed":0,"gold_gain":0,"player_choice":"Upgrade","damage_taken":0,"relics_obtained":["Mark of the Bloom"],"max_hp_gain":0,"max_hp_loss":0,"event_name":"MindBloom","floor":48,"gold_loss":0,"cards_upgraded":["Defend_R","Defend_R","Bash","Searing Blow","Headbutt","Havoc","Double Tap","Corruption","Shrug It Off","Iron Wave","Seeing Red","conspire:Purge","conspire:Banana","Bludgeon"]}],"is_beta":false,"boss_relics":[{"not_picked":["aspiration:FutureDiary","Calling Bell"],"picked":"aspiration:SecretTechniqueScroll"},{"not_picked":["conspire:SeveredTorchhead","hubris:VirtuousBlindfold"],"picked":"Tiny House"}],"items_purged_floors":[0,2,21,53],"is_endless":false,"potions_floor_spawned":[3,4,6,8,10,16,19,23,33,36,39,41,54],"ascension_level":0}}