{"host":"j4nfyhit1dl35m08","time":1612933575,"event":{"mods":["BaseMod","Downfall","Highlight Path","Minty Spire (QoL Compilation)","StSLib"],"gold_per_floor":[99,99,99,99,99,119,119,153,168,184,215,115,146,158,188,274,286,298,322,334,346,358,370,370,370],"floor_reached":23,"language":"ENG","playtime":2392,"items_purged":[],"score":369,"play_id":"5468c83e-6918-4247-80d0-9fee9c343ad2","local_time":"20210209230615","is_ascension_mode":true,"campfire_choices":[{"floor":1,"key":"RECALL"},{"floor":12,"key":"REST"},{"data":"bronze:CloningBeam","floor":18,"key":"SMITH"}],"circlet_count":0,"master_deck":["AscendersBane","bronze:Strike","bronze:Defend","bronze:Defend","bronze:Defend","bronze:Replicate","bronze:Goto","bronze:Constructor","bronze:TinkerersToolbox","bronze:Deprecate","bronze:BronzeOrb","bronze:CloningBeam+1","bronze:Repair","bronze:Iterate","bronze:Boost","bronze:ChosenStrike","bronze:ClassDefault","bronze:Return","bronze:Verify","bronze:ChildClass","bronze:Frontload"],"relics":["bronze:BronzeCore","downfall:HeartsMalice","Question Card","Blood Vial","Bag of Preparation","downfall:HeartBlessingRed","MawBank","Black Star","NlothsMask"],"acts_visited":["Exordium","TheCity"],"potions_floor_usage":[8,11,11,23,23],"damage_taken":[{"damage":0,"enemies":"Jaw Worm","floor":2,"turns":1},{"damage":0,"enemies":"Cultist","floor":3,"turns":1},{"damage":0,"enemies":"Small Slimes","floor":5,"turns":1},{"damage":0,"enemies":"3 Louse","floor":6,"turns":4},{"damage":22,"enemies":"3 Sentries","floor":8,"turns":11},{"damage":0,"enemies":"Large Slime","floor":9,"turns":7},{"damage":20,"enemies":"Gremlin Gang","floor":10,"turns":7},{"damage":36,"enemies":"Gremlin Nob","floor":11,"turns":6},{"damage":1,"enemies":"Lagavulin","floor":13,"turns":7},{"damage":9,"enemies":"Red Slaver","floor":15,"turns":4},{"damage":40,"enemies":"SI_SHIV_ARCHETYPE","floor":16,"turns":20},{"damage":1,"enemies":"3 Byrds","floor":19,"turns":7},{"damage":90,"enemies":"Gremlin Leader","floor":23,"turns":9}],"seed_played":"958217243338786415","potions_obtained":[{"floor":6,"key":"SneckoOil"},{"floor":8,"key":"Slimebound:ThreeZeroPotion"},{"floor":10,"key":"Fire Potion"},{"floor":11,"key":"Dexterity Potion"},{"floor":16,"key":"Guardian:BlockOnCardUsePotion"},{"floor":19,"key":"PowerPotion"}],"is_trial":false,"path_per_floor":["R","M","M","?","M","M","T","E","M","M","E","R","E","?","M","B",null,"R","M","?","?","?","E"],"character_chosen":"THE_AUTOMATON","items_purchased":[],"campfire_rested":1,"item_purchase_floors":[],"current_hp_per_floor":[57,57,57,57,57,63,63,41,50,39,19,37,45,50,57,26,58,58,68,68,68,68,0,0,0],"gold":370,"neow_bonus":"THREE_ENEMY_KILL","is_daily":false,"chose_seed":false,"campfire_upgraded":1,"win_rate":0.0,"timestamp":1612933575,"path_taken":["R","M","M","?","M","M","T","E","M","?","E","R","E","?","M","BOSS","R","M","?","?","?","E"],"items_purchased_type":[],"build_version":"2020-12-22","purchased_purges":0,"victory":false,"max_hp_per_floor":[63,63,63,63,63,63,63,63,63,63,63,63,63,68,68,68,68,68,68,68,68,68,68,68,68],"card_choices":[{"not_picked":["bronze:FineTuning","bronze:BitShift"],"picked":"bronze:Constructor","floor":2},{"not_picked":["bronze:WildBeam","bronze:BronzeOrb"],"picked":"bronze:TinkerersToolbox","floor":3},{"not_picked":["bronze:WildBeam","bronze:Frontload"],"picked":"bronze:Repair","floor":5},{"not_picked":["bronze:Overload","bronze:BitShift","bronze:ForceShield"],"picked":"SKIP","floor":6},{"not_picked":["bronze:DelayedGuard","bronze:WildBeam","bronze:InfiniteBeams","bronze:Shield"],"picked":"SKIP","floor":8},{"not_picked":["bronze:Refactor","bronze:Turbo","bronze:DelayedSlice"],"picked":"bronze:Iterate","floor":9},{"not_picked":["bronze:MaxOutput","bronze:Safeguard","bronze:Repulsor"],"picked":"bronze:Boost","floor":10},{"not_picked":["bronze:Iterate","bronze:Shield","bronze:Backtrace"],"picked":"bronze:ChosenStrike","floor":11},{"not_picked":["bronze:Safeguard","bronze:MaxOutput","bronze:BitShift"],"picked":"bronze:ClassDefault","floor":13},{"not_picked":["bronze:BronzeOrb","bronze:BitShift","bronze:WhirlingStrike"],"picked":"bronze:Return","floor":15},{"not_picked":["bronze:Virus","bronze:InfiniteLoop","bronze:HyperBeam"],"picked":"bronze:Verify","floor":16},{"not_picked":["bronze:Overload","bronze:Shield+1","bronze:WhirlingStrike"],"picked":"bronze:ChildClass","floor":19}],"player_experience":506907,"relics_obtained":[{"floor":7,"key":"Question Card"},{"floor":8,"key":"Blood Vial"},{"floor":11,"key":"Bag of Preparation"},{"floor":13,"key":"MawBank"}],"event_choices":[{"damage_healed":0,"gold_gain":0,"player_choice":"Donut","damage_taken":0,"max_hp_gain":5,"max_hp_loss":0,"event_name":"Big Fish","floor":14,"gold_loss":0},{"damage_healed":0,"gold_gain":0,"player_choice":"Trade","damage_taken":0,"relics_obtained":["NlothsMask"],"max_hp_gain":0,"max_hp_loss":0,"event_name":"FaceTrader","floor":22,"gold_loss":0}],"is_beta":false,"boss_relics":[{"not_picked":["Astrolabe","Runic Dome"],"picked":"Black Star"}],"items_purged_floors":[],"is_endless":false,"potions_floor_spawned":[6,8,10,11,16,19],"killed_by":"Gremlin Leader","ascension_level":16}}