{"host":"nn0usk9aafse27ii","time":1612976370,"event":{"mods":["BaseMod","Colored Map","Highlight Path","Minty Spire (QoL Compilation)","Shop Mod","StSLib"],"gold_per_floor":[116,116,133,150,325,325,351,126,126,126,126,155,174,74,74,177,177,194,213,225,225,225,225,252,252,252,25,25,43,43,43],"floor_reached":30,"language":"ENG","playtime":1828,"items_purged":["Strike_G","Strike_G"],"score":256,"play_id":"3604092f-5c28-4469-a0ce-af5c0aacca96","local_time":"20210210085930","daily_mods":["Heirloom","Flight","Binary"],"is_ascension_mode":false,"campfire_choices":[{"data":"Infinite Blades","floor":6.0,"key":"SMITH"},{"data":"Storm of Steel","floor":10.0,"key":"SMITH"},{"floor":11.0,"key":"REST"},{"floor":15.0,"key":"REST"},{"data":"Envenom","floor":23,"key":"SMITH"},{"floor":25,"key":"REST"},{"floor":28,"key":"REST"}],"circlet_count":0,"master_deck":["Defend_G","Defend_G","Defend_G","Defend_G","Defend_G","Survivor","Neutralize","Footwork","Outmaneuver","Dagger Spray","Infinite Blades+1","Doubt","Storm of Steel+1","Finisher","Dagger Spray","Envenom+1","Blade Dance","Blur","Deflect","Tactician","Prepared+1","Grand Finale","Footwork","Die Die Die","Noxious Fumes","Noxious Fumes","Endless Agony"],"relics":["Ring of the Snake","Prayer Wheel","Pocketwatch","Ninja Scroll","Pen Nib","Thread and Needle","Bottled Flame","SacredBark","Orichalcum","Vajra","Snake Skull"],"acts_visited":["Exordium","TheCity"],"potions_floor_usage":[20,24],"damage_taken":[{"damage":0.0,"enemies":"2 Louse","floor":1.0,"turns":3.0},{"damage":4.0,"enemies":"Jaw Worm","floor":3.0,"turns":6.0},{"damage":0.0,"enemies":"Small Slimes","floor":4.0,"turns":3.0},{"damage":16.0,"enemies":"3 Sentries","floor":7.0,"turns":8.0},{"damage":32.0,"enemies":"Lagavulin","floor":12.0,"turns":9.0},{"damage":3.0,"enemies":"Looter","floor":13.0,"turns":3.0},{"damage":42.0,"enemies":"Hexaghost","floor":16.0,"turns":9.0},{"damage":6.0,"enemies":"2 Thieves","floor":18.0,"turns":3.0},{"damage":12.0,"enemies":"3 Byrds","floor":19.0,"turns":4.0},{"damage":5,"enemies":"Centurion and Healer","floor":20,"turns":3},{"damage":39,"enemies":"Gremlin Leader","floor":24,"turns":7},{"damage":6,"enemies":"Snecko","floor":29,"turns":4},{"damage":50,"enemies":"Slavers","floor":30,"turns":3}],"seed_played":"4482217494488116890","potions_obtained":[{"floor":1.0,"key":"BlessingOfTheForge"},{"floor":13.0,"key":"FearPotion"},{"floor":18.0,"key":"SteroidPotion"},{"floor":19.0,"key":"BlessingOfTheForge"}],"is_trial":true,"path_per_floor":["M","?","M","M","?","R","E","$","T","R","R","E","M","$","R","B",null,"M","M","M","?","?","R","E","R","T","$","R","M","E"],"character_chosen":"THE_SILENT","items_purchased":["Pen Nib","Snake Skull","Noxious Fumes"],"campfire_rested":4,"item_purchase_floors":[8,27,27],"current_hp_per_floor":[70,67,63,63,63,63,47,47,47,47,68,36,33,33,54,12,70,64,52,47,47,47,47,8,29,29,29,50,44,0,0],"gold":43,"neow_bonus":"","is_daily":false,"chose_seed":false,"campfire_upgraded":3,"win_rate":0.0,"timestamp":1612976370,"path_taken":["M","?","M","M","?","R","E","$","T","R","R","E","M","?","R","BOSS","M","M","M","?","?","R","E","R","T","$","R","?","E"],"items_purchased_type":["Relic","Relic","Card"],"build_version":"2020-12-22","purchased_purges":2,"victory":false,"max_hp_per_floor":[70,70,70,70,70,70,70,70,70,70,70,70,70,70,70,70,70,70,70,70,70,70,70,70,70,70,70,70,70,70,70],"card_choices":[{"not_picked":["Outmaneuver"],"picked":"Footwork","floor":1.0},{"not_picked":["Flying Knee"],"picked":"Outmaneuver","floor":1.0},{"not_picked":["Outmaneuver"],"picked":"Dagger Spray","floor":3.0},{"not_picked":["Blur"],"picked":"Infinite Blades","floor":3.0},{"not_picked":["Dagger Throw","Outmaneuver"],"picked":"SKIP","floor":4.0},{"not_picked":["Masterful Stab","Backflip"],"picked":"SKIP","floor":4.0},{"not_picked":["Poisoned Stab"],"picked":"Storm of Steel","floor":7.0},{"not_picked":["Masterful Stab","Poisoned Stab"],"picked":"SKIP","floor":12.0},{"not_picked":["Heel Hook"],"picked":"Finisher","floor":13.0},{"not_picked":["Flechettes"],"picked":"Dagger Spray","floor":13.0},{"not_picked":["Night Terror"],"picked":"Envenom","floor":16.0},{"not_picked":["Dagger Spray"],"picked":"Blade Dance","floor":18.0},{"not_picked":["Dagger Throw","Backflip"],"picked":"SKIP","floor":18.0},{"not_picked":["Slice"],"picked":"Blur","floor":19.0},{"not_picked":["Prepared"],"picked":"Deflect","floor":19.0},{"not_picked":["Poisoned Stab+1"],"picked":"Tactician","floor":20},{"not_picked":["Deadly Poison"],"picked":"Prepared+1","floor":20},{"not_picked":["Quick Slash"],"picked":"Die Die Die","floor":24},{"not_picked":["Quick Slash"],"picked":"Noxious Fumes","floor":29},{"not_picked":["Underhanded Strike"],"picked":"Endless Agony","floor":29}],"player_experience":498425,"relics_obtained":[{"floor":7.0,"key":"Ninja Scroll"},{"floor":9.0,"key":"Thread and Needle"},{"floor":12.0,"key":"Bottled Flame"},{"floor":24,"key":"Orichalcum"},{"floor":26,"key":"Vajra"}],"event_choices":[{"damage_healed":0.0,"max_hp_gain":0.0,"max_hp_loss":0.0,"gold_gain":0.0,"event_name":"Scrap Ooze","player_choice":"Success","floor":2.0,"gold_loss":0.0,"damage_taken":3.0,"relics_obtained":["Pocketwatch"]},{"damage_healed":0.0,"max_hp_gain":0.0,"max_hp_loss":0.0,"gold_gain":175.0,"event_name":"Liars Game","player_choice":"AGREE","floor":5.0,"gold_loss":0.0,"damage_taken":0.0,"cards_obtained":["Doubt"]},{"damage_healed":0,"gold_gain":0,"cards_transformed":["Strike_G","Strike_G"],"player_choice":"Became Test Subject","damage_taken":0,"max_hp_gain":0,"max_hp_loss":0,"event_name":"Drug Dealer","floor":21,"gold_loss":0,"cards_obtained":["Grand Finale","Footwork"]},{"cards_removed":["Strike_G"],"damage_healed":0,"gold_gain":0,"player_choice":"Purged","damage_taken":0,"max_hp_gain":0,"max_hp_loss":0,"event_name":"Purifier","floor":22,"gold_loss":0}],"is_beta":false,"boss_relics":[{"not_picked":["Coffee Dripper","Sozu"],"picked":"SacredBark"}],"items_purged_floors":[8,14],"is_endless":false,"potions_floor_spawned":[1,13,18,19],"killed_by":"Slavers","ascension_level":0}}