{"host":"65j9mga0429zsj8m","time":1612936834,"event":{"mods":["2.2 Compatiblity","BaseMod","Downfall","GifTheSpireLib","Minty Spire (QoL Compilation)","StSLib"],"gold_per_floor":[99,119,133,148,148,148,148,48,83,102,9,30,30,44,63,168,168,168,180,180,180,180,13,40,71,85,85,85,96,115,3,19,119,119,119,139,155,155,169,7,7,7,7,33,33,33,33],"floor_reached":45,"language":"ENG","playtime":4874,"items_purged":["bronze:Defend","bronze:Defend"],"score":490,"play_id":"ed19980a-ade3-4581-8565-260886fbe00e","local_time":"20210210170034","is_ascension_mode":false,"campfire_choices":[{"data":"bronze:Goto","floor":1,"key":"SMITH"},{"data":"bronze:BronzeOrb","floor":8,"key":"SMITH"},{"floor":13,"key":"REST"},{"data":"bronze:Fortify","floor":18,"key":"SMITH"},{"floor":27,"key":"REST"},{"data":"bronze:DelayedSlice","floor":35,"key":"PURGE"}],"circlet_count":0,"master_deck":["bronze:Defend","bronze:Defend","bronze:Replicate","bronze:Goto+1","bronze:BronzeOrb+1","bronze:Fortify+1","bronze:ClassDefault","bronze:WhirlingStrike","bronze:Repair","bronze:BronzeOrb","bronze:HyperBeam","bronze:Turbo","bronze:Format","bronze:WhirlingStrike","bronze:BitShift","bronze:Flail","RitualDagger","bronze:WildBeam+1","bronze:ItsAFeature","bronze:Shield","bronze:BronzeOrb","bronze:BugBarrage","bronze:CutThrough","bronze:MaxOutput","bronze:BugBarrage+1","bronze:BurnOut","bronze:ChildClass+1","bronze:Shield+1","bronze:Shield","bronze:ForLoop+1","bronze:ClassDefault","Forethought","bronze:FineTuning+1"],"relics":["bronze:PlatinumCore","downfall:ShatteredFragment","downfall:HeartBlessingBlue","Peace Pipe","Odd Mushroom","Empty Cage","Juzu Bracelet","Bottled Flame","bronze:CableSpool","Sundial","Letter Opener","FossilizedHelix"],"acts_visited":["Exordium","TheCity","TheBeyond"],"potions_floor_usage":[23,25,28,33,44,44],"damage_taken":[{"damage":0,"enemies":"Small Slimes","floor":2,"turns":3},{"damage":10,"enemies":"Jaw Worm","floor":3,"turns":5},{"damage":0,"enemies":"2 Louse","floor":4,"turns":3},{"damage":11,"enemies":"Lagavulin","floor":9,"turns":5},{"damage":0,"enemies":"Blue Slaver","floor":10,"turns":2},{"damage":0,"enemies":"downfall:FleeingMerchant","floor":11,"turns":4},{"damage":15,"enemies":"The Mushroom Lair","floor":12,"turns":4},{"damage":0,"enemies":"2 Fungi Beasts","floor":14,"turns":2},{"damage":0,"enemies":"Exordium Thugs","floor":15,"turns":2},{"damage":27,"enemies":"WA_ARCHETYPE_RETAIN","floor":16,"turns":5},{"damage":0,"enemies":"3 Byrds","floor":19,"turns":3},{"damage":11,"enemies":"downfall:FleeingMerchant","floor":23,"turns":4},{"damage":47,"enemies":"Book of Stabbing","floor":25,"turns":7},{"damage":10,"enemies":"Centurion and Healer","floor":26,"turns":4},{"damage":0,"enemies":"Snecko","floor":28,"turns":3},{"damage":6,"enemies":"Cultist and Chosen","floor":29,"turns":6},{"damage":10,"enemies":"Shelled Parasite and Fungi","floor":30,"turns":5},{"damage":4,"enemies":"downfall:FleeingMerchant","floor":31,"turns":4},{"damage":0,"enemies":"Chosen and Byrds","floor":32,"turns":4},{"damage":36,"enemies":"IC_MUSHROOM_ARCHETYPE","floor":33,"turns":5},{"damage":7,"enemies":"Orb Walker","floor":36,"turns":4},{"damage":8,"enemies":"3 Darklings","floor":37,"turns":4},{"damage":14,"enemies":"4 Shapes","floor":39,"turns":3},{"damage":0,"enemies":"downfall:FleeingMerchant","floor":40,"turns":3},{"damage":60,"enemies":"Nemesis","floor":44,"turns":7},{"damage":61,"enemies":"Maw","floor":45,"turns":7}],"seed_played":"6628564061008306629","potions_obtained":[{"floor":2,"key":"SteroidPotion"},{"floor":10,"key":"SmokeBomb"},{"floor":14,"key":"LiquidMemories"},{"floor":29,"key":"bronze:FreeFunctionsPotion"},{"floor":30,"key":"DuplicationPotion"},{"floor":33,"key":"bronze:BuildAFunctionPotion"},{"floor":36,"key":"SteroidPotion"}],"is_trial":false,"path_per_floor":["R","M","M","M","?","?","T","R","E","M","$","?","R","M","M","B",null,"R","M","?","?","?","$","T","E","M","R","M","M","M","$","M","B",null,"R","M","M","?","M","$","T","?","?","E","M"],"character_chosen":"THE_AUTOMATON","items_purchased":["bronze:Repair","bronze:ItsAFeature","bronze:CutThrough","bronze:MaxOutput","bronze:CableSpool","bronze:ClassDefault","Forethought"],"campfire_rested":2,"item_purchase_floors":[11,23,31,31,40,40,40],"current_hp_per_floor":[77,77,67,67,46,46,46,56,45,45,45,37,63,70,77,64,87,87,87,87,70,64,60,60,20,10,37,44,45,42,45,52,23,92,92,85,77,77,63,70,70,70,70,31,0,0,0],"gold":33,"neow_bonus":"TEN_PERCENT_HP_BONUS","is_daily":false,"chose_seed":false,"campfire_upgraded":3,"win_rate":0.0,"timestamp":1612936834,"path_taken":["R","M","M","M","?","?","T","R","E","M","$","?","R","M","M","BOSS","R","M","?","?","?","$","T","E","M","R","M","M","M","$","M","BOSS","R","M","M","?","M","?","T","?","?","E","M"],"items_purchased_type":["Card","Card","Card","Card","Relic","Card","Card"],"build_version":"2020-12-22","purchased_purges":2,"victory":false,"max_hp_per_floor":[77,77,77,77,77,77,77,87,87,87,87,87,87,87,87,87,87,87,87,87,92,92,92,92,92,92,92,92,92,92,92,92,92,92,92,92,92,92,92,92,92,92,92,92,92,92,92],"card_choices":[{"not_picked":["bronze:Return","bronze:Invalidate"],"picked":"bronze:BuggyMess","floor":2},{"not_picked":["bronze:Turbo","bronze:Deprecate"],"picked":"bronze:BronzeOrb","floor":3},{"not_picked":["bronze:Overheat","bronze:BuggyMess"],"picked":"bronze:DelayedSlice","floor":4},{"not_picked":["bronze:Optimize","bronze:CleanCode"],"picked":"bronze:Fortify","floor":9},{"not_picked":["bronze:Deprecate","bronze:Frontload"],"picked":"bronze:ClassDefault","floor":10},{"not_picked":["bronze:Deprecate","bronze:Iterate"],"picked":"bronze:WhirlingStrike","floor":11},{"not_picked":["bronze:DelayedGuard","bronze:Deprecate"],"picked":"bronze:BronzeOrb","floor":12},{"not_picked":["bronze:NullPointer","bronze:GetLatest"],"picked":"bronze:HyperBeam","floor":14},{"not_picked":["bronze:Shield","bronze:DelayedGuard"],"picked":"bronze:Turbo","floor":15},{"not_picked":["bronze:ShipIt","bronze:AlphaBuild"],"picked":"bronze:Format","floor":16},{"not_picked":["bronze:Overheat","bronze:NullPointer"],"picked":"bronze:WhirlingStrike","floor":19},{"not_picked":["bronze:Overload","bronze:Branch"],"picked":"bronze:WildBeam+1","floor":23},{"not_picked":["bronze:NullPointer+1","bronze:Fortify+1"],"picked":"bronze:Shield","floor":25},{"not_picked":["bronze:Optimize","bronze:NullPointer"],"picked":"bronze:BronzeOrb","floor":26},{"not_picked":["bronze:DelayedSlice","bronze:Turbo","bronze:DelayedGuard+1"],"picked":"SKIP","floor":29},{"not_picked":["bronze:BronzeArmor","bronze:ForceShield"],"picked":"bronze:BugBarrage","floor":30},{"not_picked":["bronze:Deprecate+1","bronze:Invalidate","bronze:Branch"],"picked":"SKIP","floor":31},{"not_picked":["bronze:Iterate","bronze:CutThrough"],"picked":"bronze:BugBarrage+1","floor":32},{"not_picked":["bronze:FindAndReplace","bronze:Assembly"],"picked":"bronze:BurnOut","floor":33},{"not_picked":["bronze:Iterate","bronze:Repair+1"],"picked":"bronze:ChildClass+1","floor":36},{"not_picked":["bronze:OilSpill","bronze:Overheat"],"picked":"bronze:Shield+1","floor":37},{"not_picked":["bronze:DelayedGuard+1","bronze:Iterate"],"picked":"bronze:Shield","floor":39},{"not_picked":["bronze:Assembly","bronze:BitShift+1"],"picked":"bronze:ForLoop+1","floor":40},{"not_picked":["bronze:GetLatest","bronze:Invalidate+1"],"picked":"bronze:FineTuning+1","floor":44}],"player_experience":69251,"relics_obtained":[{"floor":9,"key":"Peace Pipe"},{"floor":12,"key":"Odd Mushroom"},{"floor":24,"key":"Juzu Bracelet"},{"floor":25,"key":"Bottled Flame"},{"floor":41,"key":"Sundial"},{"floor":43,"key":"Letter Opener"},{"floor":44,"key":"FossilizedHelix"}],"event_choices":[{"damage_healed":0,"gold_gain":0,"player_choice":"Fought Mushrooms","damage_taken":0,"max_hp_gain":0,"max_hp_loss":0,"event_name":"Mushrooms","floor":12,"gold_loss":0},{"damage_healed":0,"gold_gain":0,"cards_transformed":["bronze:Strike","bronze:BuggyMess"],"player_choice":"Became Test Subject","damage_taken":0,"max_hp_gain":0,"max_hp_loss":0,"event_name":"Drug Dealer","floor":20,"gold_loss":0,"cards_obtained":["bronze:BitShift","bronze:Flail"]},{"cards_removed":["bronze:DelayedSlice"],"damage_healed":0,"gold_gain":0,"player_choice":"Card Removal","damage_taken":0,"max_hp_gain":0,"max_hp_loss":0,"event_name":"Wheel of Change","floor":38,"gold_loss":0}],"is_beta":false,"boss_relics":[{"not_picked":["Black Star","Philosopher\u0027s Stone"],"picked":"Empty Cage"},{"not_picked":["Astrolabe","Cursed Key"],"picked":"bronze:PlatinumCore"}],"items_purged_floors":[23,40],"is_endless":false,"potions_floor_spawned":[2,10,14,28,29,30,33,36],"killed_by":"Maw","ascension_level":0}}