{"host":"m0bekkrd201b63ug","time":1612970894,"event":{"mods":["AchievementEnabler","BaseMod","Colored Powertips","Minty Spire (QoL Compilation)","Rare Cards Sparkle","StSLib","SuperFastMode","everything is the same but u backflip on backflip","slay the spire mod where everything is the same but ironclad has a cowboy hat"],"gold_per_floor":[116,116,131,1,1,33,33,33,33,33,47,67,98,125,125,125,125],"floor_reached":16,"language":"ENG","playtime":453,"items_purged":[],"score":233,"play_id":"d7864a03-124a-4a59-90ba-25e9759379e0","local_time":"20210210132814","is_ascension_mode":true,"campfire_choices":[{"data":"Backstab","floor":8.0,"key":"SMITH"},{"data":"Quick Slash","floor":10.0,"key":"SMITH"},{"data":"Crippling Poison","floor":15,"key":"SMITH"}],"circlet_count":0,"master_deck":["AscendersBane","Strike_G","Strike_G","Strike_G","Strike_G","Strike_G","Defend_G","Defend_G","Defend_G","Defend_G","Defend_G","Survivor","Neutralize","Quick Slash+1","Well Laid Plans","Backstab+1","Backflip","Heel Hook","Sucker Punch","Crippling Poison+1"],"relics":["Ring of the Snake","NeowsBlessing","PreservedInsect","FossilizedHelix","Pantograph","Molten Egg 2","Odd Mushroom"],"acts_visited":["Exordium"],"potions_floor_usage":[13,14],"damage_taken":[{"damage":0.0,"enemies":"Small Slimes","floor":1.0,"turns":1.0},{"damage":0.0,"enemies":"Jaw Worm","floor":3.0,"turns":1.0},{"damage":0.0,"enemies":"3 Sentries","floor":6.0,"turns":1.0},{"damage":0.0,"enemies":"2 Louse","floor":11.0,"turns":2.0},{"damage":0.0,"enemies":"Looter","floor":12.0,"turns":3.0},{"damage":5,"enemies":"Lagavulin","floor":13,"turns":4},{"damage":6,"enemies":"The Mushroom Lair","floor":14,"turns":3},{"damage":73,"enemies":"Slime Boss","floor":16,"turns":9}],"seed_played":"5304107909303078596","potions_obtained":[{"floor":11.0,"key":"Dexterity Potion"},{"floor":12.0,"key":"SteroidPotion"},{"floor":13,"key":"SteroidPotion"}],"is_trial":false,"path_per_floor":["M","?","M","$","?","E","$","R","T","R","M","M","E","?","R","B"],"character_chosen":"THE_SILENT","items_purchased":["Backstab","Backflip"],"campfire_rested":0,"item_purchase_floors":[4,4],"current_hp_per_floor":[59,64,64,64,59,59,59,59,59,59,59,59,54,48,48,0,0],"gold":125,"neow_bonus":"THREE_ENEMY_KILL","is_daily":false,"chose_seed":false,"campfire_upgraded":3,"win_rate":0.0,"timestamp":1612970894,"path_taken":["M","?","M","$","?","E","$","R","T","R","M","M","E","?","R","BOSS"],"items_purchased_type":["Card","Card"],"build_version":"2020-12-22","purchased_purges":0,"victory":false,"max_hp_per_floor":[66,71,71,71,71,71,71,71,71,71,71,71,71,71,71,71,71],"card_choices":[{"not_picked":["Outmaneuver","Acrobatics"],"picked":"Quick Slash","floor":1.0},{"not_picked":["Tactician","Masterful Stab"],"picked":"Well Laid Plans","floor":3.0},{"not_picked":["Setup","Deflect","Flying Knee"],"picked":"SKIP","floor":6.0},{"not_picked":["Accuracy","PiercingWail"],"picked":"Heel Hook","floor":11.0},{"not_picked":["Grand Finale","Slice"],"picked":"Sucker Punch","floor":12.0},{"not_picked":["PiercingWail","Prepared"],"picked":"Crippling Poison","floor":13}],"player_experience":228848,"relics_obtained":[{"floor":6.0,"key":"FossilizedHelix"},{"floor":9.0,"key":"Pantograph"},{"floor":13,"key":"Molten Egg 2"},{"floor":14,"key":"Odd Mushroom"}],"event_choices":[{"damage_healed":0.0,"max_hp_gain":5.0,"max_hp_loss":0.0,"gold_gain":0.0,"event_name":"Big Fish","player_choice":"Donut","floor":2.0,"gold_loss":0.0,"damage_taken":0.0},{"damage_healed":0.0,"max_hp_gain":0.0,"max_hp_loss":0.0,"gold_gain":0.0,"event_name":"Scrap Ooze","player_choice":"Success","floor":5.0,"gold_loss":0.0,"damage_taken":5.0,"relics_obtained":["PreservedInsect"]},{"damage_healed":0,"gold_gain":0,"player_choice":"Fought Mushrooms","damage_taken":0,"max_hp_gain":0,"max_hp_loss":0,"event_name":"Mushrooms","floor":14,"gold_loss":0}],"is_beta":false,"boss_relics":[],"items_purged_floors":[],"is_endless":false,"potions_floor_spawned":[11,12,13],"killed_by":"Slime Boss","ascension_level":15}}