{"host":"nt7qlb3u3keu79fg","time":1612982758,"event":{"mods":["2.2 Compatiblity","AchievementEnabler","BaseMod","Downfall","Minty Spire (QoL Compilation)","StSLib"],"gold_per_floor":[99,116,128,144,144,69,69,81,96,6,22,22,22,22,34,134,134,84,98,118,118,118,118,144,29,29,29,42,42,78,78,90,187,187,137,148,167,167,167,167,247,266,285,285,300,317,267,279,299,299],"floor_reached":51,"language":"ENG","playtime":3636,"items_purged":["Slimebound:Strike_Slimebound","Slimebound:Defend_Slimebound"],"score":643,"play_id":"3e7f922d-d1ea-4729-aed7-f121e290569d","local_time":"20210210134558","is_ascension_mode":false,"campfire_choices":[{"data":"Slimebound:Split","floor":1,"key":"SMITH"},{"data":"Slimebound:LeadByExample","floor":12,"key":"SMITH"},{"data":"Slimebound:WasteNot","floor":18,"key":"SMITH"},{"data":"Slimebound:CheckThePlaybook","floor":26,"key":"SMITH"},{"data":"Slimebound:RollThrough","floor":35,"key":"SMITH"},{"data":"Slimebound:TongueLash","floor":47,"key":"SMITH"}],"circlet_count":0,"master_deck":["Slimebound:Strike_Slimebound","Slimebound:Tackle","Slimebound:Defend_Slimebound","Slimebound:Split+1","Slimebound:CorrosiveSpit","Slimebound:Nibble","Slimebound:Repurpose","Slimebound:MegaLick","Slimebound:FlameTackle","Slimebound:GoopSpray","Slimebound:LeadByExample+1","Slimebound:TongueLash+1","Slimebound:SlimeSpikes","Slimebound:Schlurp","Slimebound:SpikyOuterGoop","Slimebound:RejuvenatingLick","Slimebound:CheckThePlaybook+1","Slimebound:Schlurp","Slimebound:RollThrough+1","CurseOfTheBell","Slimebound:Darklings","Slimebound:DouseInSlime+1"],"relics":["Slimebound:AbsorbEndCombat","Slimebound:GreedOozeRelic","Gambling Chip","Blue Candle","Philosopher\u0027s Stone","Nunchaku","MutagenicStrength","TungstenRod","Boot","Calling Bell","Mummified Hand","CaptainsWheel","Art of War","The Courier"],"acts_visited":["Exordium","TheCity","TheBeyond"],"potions_floor_usage":[19,33,33,48,49,49],"damage_taken":[{"damage":0,"enemies":"Small Slimes","floor":2,"turns":3},{"damage":0,"enemies":"2 Louse","floor":3,"turns":2},{"damage":7,"enemies":"Jaw Worm","floor":4,"turns":3},{"damage":0,"enemies":"Large Slime","floor":8,"turns":3},{"damage":5,"enemies":"2 Fungi Beasts","floor":9,"turns":2},{"damage":3,"enemies":"downfall:FleeingMerchant","floor":10,"turns":4},{"damage":5,"enemies":"Exordium Wildlife","floor":11,"turns":3},{"damage":5,"enemies":"Exordium Thugs","floor":15,"turns":3},{"damage":56,"enemies":"DF_ARCHETYPE_STREAMLINE","floor":16,"turns":8},{"damage":3,"enemies":"3 Byrds","floor":19,"turns":2},{"damage":11,"enemies":"Shell Parasite","floor":20,"turns":3},{"damage":28,"enemies":"downfall:FleeingMerchant","floor":25,"turns":4},{"damage":9,"enemies":"Centurion and Healer","floor":28,"turns":2},{"damage":12,"enemies":"downfall:FleeingMerchant","floor":30,"turns":1},{"damage":3,"enemies":"Sentry and Sphere","floor":32,"turns":3},{"damage":14,"enemies":"IC_MUSHROOM_ARCHETYPE","floor":33,"turns":4},{"damage":10,"enemies":"3 Shapes","floor":36,"turns":2},{"damage":12,"enemies":"Orb Walker","floor":37,"turns":2},{"damage":19,"enemies":"Jaw Worm Horde","floor":42,"turns":3},{"damage":8,"enemies":"3 Darklings","floor":43,"turns":2},{"damage":10,"enemies":"Writhing Mass","floor":45,"turns":3},{"damage":2,"enemies":"Transient","floor":46,"turns":5},{"damage":20,"enemies":"Jaw Worm Horde","floor":48,"turns":2},{"damage":21,"enemies":"Writhing Mass","floor":49,"turns":4},{"damage":12,"enemies":"SI_POISON_ARCHETYPE","floor":50,"turns":11}],"seed_played":"-2717347685648522217","potions_obtained":[{"floor":4,"key":"SkillPotion"},{"floor":9,"key":"bronze:BurnAndBuffPotion"},{"floor":15,"key":"Swift Potion"},{"floor":16,"key":"Energy Potion"},{"floor":20,"key":"Slimebound:SlimedPotion"},{"floor":37,"key":"champ:CounterPotion"},{"floor":46,"key":"ColorlessPotion"},{"floor":49,"key":"DuplicationPotion"}],"is_trial":false,"path_per_floor":["R","M","M","M","?","?","T","M","M","$","M","R","?","?","M","B",null,"R","M","M","?","?","?","T","$","R","?","M","?","$","T","M","B",null,"R","M","M","?","?","?","T","M","M","?","M","M","R","M","M","B",null],"character_chosen":"SLIMEBOUND","items_purchased":["TungstenRod"],"campfire_rested":0,"item_purchase_floors":[30],"current_hp_per_floor":[65,65,65,60,60,60,60,65,64,65,64,64,59,64,65,17,70,70,70,63,63,63,63,63,41,41,41,38,38,28,28,29,23,63,63,55,49,49,49,49,49,38,38,38,34,40,40,26,13,9],"gold":299,"neow_bonus":"REMOVE_CARD","is_daily":false,"chose_seed":false,"campfire_upgraded":6,"win_rate":0.0,"timestamp":1612982758,"path_taken":["R","M","M","M","?","?","T","M","M","$","M","R","?","?","M","BOSS","R","M","M","?","?","?","T","$","R","?","?","?","$","?","M","BOSS","R","M","M","?","?","?","T","M","M","?","M","M","R","?","M","BOSS"],"items_purchased_type":["Relic"],"build_version":"2020-12-22","purchased_purges":2,"victory":true,"max_hp_per_floor":[65,65,65,65,65,65,65,65,65,65,65,65,65,70,70,70,70,70,70,70,70,70,63,63,63,63,63,63,63,63,63,63,63,63,63,63,63,63,63,63,63,63,63,63,63,63,63,63,63,63],"card_choices":[{"not_picked":["Slimebound:ComboTackle","Slimebound:LeechEnergy"],"picked":"Slimebound:Nibble","floor":2},{"not_picked":["Slimebound:SamplingLick","Slimebound:SplitAcid"],"picked":"Slimebound:Repurpose","floor":3},{"not_picked":["Slimebound:RainOfGoop","Slimebound:Replication"],"picked":"Slimebound:MegaLick","floor":4},{"not_picked":["Slimebound:LivingWall","Slimebound:LeechingTouch"],"picked":"Slimebound:FlameTackle","floor":8},{"not_picked":["Slimebound:ComboTackle","Slimebound:SplitMire"],"picked":"Slimebound:GoopSpray","floor":9},{"not_picked":["Slimebound:FinishingTackle","Slimebound:SlimeBrawl"],"picked":"Slimebound:LeadByExample","floor":10},{"not_picked":["Slimebound:Prepare","Slimebound:ForwardTackle"],"picked":"Slimebound:TongueLash","floor":11},{"not_picked":["Slimebound:Repurpose","Slimebound:LivingWall"],"picked":"Slimebound:SlimeSpikes","floor":15},{"not_picked":["Slimebound:Overexert","Slimebound:DuplicatedForm"],"picked":"Slimebound:WasteNot","floor":16},{"not_picked":["Slimebound:SplitLeeching","Slimebound:LeechEnergy"],"picked":"Slimebound:Schlurp","floor":19},{"not_picked":["Slimebound:Chomp","Slimebound:FinishingTackle"],"picked":"Slimebound:SpikyOuterGoop","floor":20},{"not_picked":["Slimebound:SlimeSpikes","Slimebound:SlimeSlap"],"picked":"Slimebound:Schlurp","floor":25},{"not_picked":["Slimebound:MegaLick","Slimebound:ItLooksTasty","Slimebound:SlimeBarrage"],"picked":"SKIP","floor":28},{"not_picked":["Slimebound:SplitAcid","Slimebound:Gluttony"],"picked":"Slimebound:RollThrough","floor":30},{"not_picked":["Slimebound:GoopSpray","Slimebound:MegaLick","Slimebound:LeechingTouch"],"picked":"SKIP","floor":32},{"not_picked":["Slimebound:SamplingLick+1","Slimebound:LeechingTouch+1","Slimebound:SplitMire+1"],"picked":"SKIP","floor":36},{"not_picked":["Slimebound:Schlurp+1","Slimebound:Chomp","Slimebound:ComboTackle+1"],"picked":"SKIP","floor":37},{"not_picked":["Slimebound:Schlurp","Slimebound:SamplingLick","Slimebound:SlimeSpikes+1"],"picked":"SKIP","floor":42},{"not_picked":["Slimebound:SlimeSpikes","Slimebound:SamplingLick"],"picked":"Slimebound:DouseInSlime","floor":43},{"not_picked":["Slimebound:Chomp+1","Slimebound:Grow","Slimebound:LivingWall+1"],"picked":"SKIP","floor":45},{"not_picked":["Slimebound:LeechEnergy+1","Slimebound:RollThrough+1","Slimebound:Prepare"],"picked":"SKIP","floor":46},{"not_picked":["Slimebound:Dissolve","Slimebound:Schlurp","Slimebound:SlimeBarrage+1"],"picked":"SKIP","floor":48},{"not_picked":["Slimebound:DuplicatedForm","Slimebound:RejuvenatingLick","Slimebound:LivingWall"],"picked":"SKIP","floor":49}],"player_experience":253941,"relics_obtained":[{"floor":7,"key":"Gambling Chip"},{"floor":24,"key":"Nunchaku"},{"floor":31,"key":"Boot"},{"floor":34,"key":"Mummified Hand"},{"floor":34,"key":"CaptainsWheel"},{"floor":34,"key":"Art of War"},{"floor":41,"key":"The Courier"}],"event_choices":[{"damage_healed":0,"gold_gain":0,"player_choice":"Donut","damage_taken":0,"max_hp_gain":5,"max_hp_loss":0,"event_name":"Big Fish","floor":14,"gold_loss":0},{"damage_healed":0,"gold_gain":0,"player_choice":"Read","damage_taken":0,"max_hp_gain":0,"max_hp_loss":0,"event_name":"The Library","floor":22,"gold_loss":0,"cards_obtained":["Slimebound:RejuvenatingLick"]},{"damage_healed":0,"gold_gain":0,"player_choice":"Inject Mutagens","damage_taken":0,"relics_obtained":["MutagenicStrength"],"max_hp_gain":0,"max_hp_loss":0,"event_name":"Drug Dealer","floor":29,"gold_loss":0},{"cards_removed":["Slimebound:Strike_Slimebound"],"damage_healed":0,"gold_gain":0,"player_choice":"Removed Attack","damage_taken":0,"max_hp_gain":0,"max_hp_loss":0,"event_name":"Falling","floor":38,"gold_loss":0},{"damage_healed":0,"gold_gain":0,"player_choice":"Ignored","damage_taken":0,"max_hp_gain":0,"max_hp_loss":0,"event_name":"Mysterious Sphere","floor":40,"gold_loss":0},{"damage_healed":0,"gold_gain":0,"player_choice":"Forge","damage_taken":0,"max_hp_gain":0,"max_hp_loss":0,"event_name":"Accursed Blacksmith","floor":44,"gold_loss":0,"cards_upgraded":["Slimebound:DouseInSlime"]}],"is_beta":false,"boss_relics":[{"not_picked":["Coffee Dripper","bronze:MakeshiftBattery"],"picked":"Philosopher\u0027s Stone"},{"not_picked":["SacredBark","Snecko Eye"],"picked":"Calling Bell"}],"items_purged_floors":[10,25],"is_endless":false,"potions_floor_spawned":[4,9,15,16,20,32,37,46,49],"ascension_level":0}}