{"host":"6azrrw3tf7wb0f4b","time":1612938320,"event":{"mods":["BaseMod","DeckTracker","Minty Spire (QoL Compilation)","SuperFastMode"],"gold_per_floor":[114,134,134,150,6,332,344,344,344,362,382,40,73,89,89,188,188,200,140,155,6,6,6,25,25,25,25,42,42,42,142,142,142,142],"floor_reached":33,"language":"KOR","playtime":949,"items_purged":["Strike_G","Defend_G"],"score":443,"play_id":"3ed01808-c531-4bee-994b-e25480be3012","local_time":"20210210152520","is_ascension_mode":true,"campfire_choices":[{"floor":8.0,"key":"REST"},{"floor":15,"key":"REST"},{"floor":25,"key":"REST"},{"floor":27,"key":"DIG"},{"data":"Calculated Gamble","floor":32,"key":"SMITH"}],"circlet_count":0,"master_deck":["AscendersBane","Strike_G","Defend_G","Defend_G","Defend_G","Survivor","Neutralize","Dodge and Roll","Backflip","Blade Dance","Noxious Fumes","Crippling Poison","Catalyst","Tactician","Backstab","Deadly Poison","PiercingWail","Grand Finale","Prepared+1","Tactician+1","Slice+1","Backflip+1","Acrobatics","Calculated Gamble+1"],"relics":["Ring of the Snake","Bag of Preparation","Old Coin","Gremlin Horn","Shovel","InkBottle","Astrolabe","Omamori","Ornamental Fan","Du-Vu Doll","Kunai"],"acts_visited":["Exordium","TheCity"],"potions_floor_usage":[13,16,23,31,31],"damage_taken":[{"damage":9.0,"enemies":"Cultist","floor":1.0,"turns":6.0},{"damage":3.0,"enemies":"2 Louse","floor":2.0,"turns":3.0},{"damage":4.0,"enemies":"Small Slimes","floor":4.0,"turns":5.0},{"damage":17.0,"enemies":"Lagavulin","floor":6.0,"turns":8.0},{"damage":0.0,"enemies":"Looter","floor":7.0,"turns":4.0},{"damage":6.0,"enemies":"Exordium Wildlife","floor":10.0,"turns":5.0},{"damage":5.0,"enemies":"3 Louse","floor":11.0,"turns":4.0},{"damage":13,"enemies":"Gremlin Nob","floor":13,"turns":4},{"damage":1,"enemies":"Looter","floor":14,"turns":4},{"damage":9,"enemies":"Hexaghost","floor":16,"turns":11},{"damage":19,"enemies":"Spheric Guardian","floor":18,"turns":5},{"damage":12,"enemies":"3 Byrds","floor":20,"turns":4},{"damage":1,"enemies":"Gremlin Leader","floor":23,"turns":3},{"damage":22,"enemies":"Snake Plant","floor":24,"turns":5},{"damage":17,"enemies":"Chosen and Byrds","floor":28,"turns":9},{"damage":0,"enemies":"Colosseum Slavers","floor":31,"turns":4},{"damage":14,"enemies":"Colosseum Nobs","floor":31,"turns":6},{"damage":17,"enemies":"Champ","floor":33,"turns":6}],"seed_played":"-6349718286251669251","potions_obtained":[{"floor":0.0,"key":"EntropicBrew"},{"floor":0.0,"key":"Explosive Potion"},{"floor":6.0,"key":"Energy Potion"},{"floor":10.0,"key":"SpeedPotion"},{"floor":13,"key":"GhostInAJar"},{"floor":16,"key":"SmokeBomb"},{"floor":28,"key":"DistilledChaos"},{"floor":31,"key":"Weak Potion"}],"is_trial":false,"path_per_floor":["M","M","?","M","$","E","M","R","T","M","M","$","E","M","R","B",null,"M","?","M","$","$","E","M","R","T","R","M","?","?","?","R","B"],"character_chosen":"THE_SILENT","items_purchased":["Noxious Fumes","Shovel","Deadly Poison","Acrobatics"],"campfire_rested":3,"item_purchase_floors":[5,12,12,21],"current_hp_per_floor":[54,51,26,22,22,5,5,26,26,20,15,15,2,1,22,13,56,37,37,25,25,25,24,2,23,23,23,6,29,29,15,15,0,0],"gold":142,"neow_bonus":"THREE_SMALL_POTIONS","is_daily":false,"chose_seed":false,"campfire_upgraded":1,"win_rate":0.0,"timestamp":1612938320,"path_taken":["M","?","?","M","$","E","M","R","T","M","M","$","E","M","R","BOSS","M","?","?","?","$","E","M","R","T","R","M","?","?","?","R","BOSS"],"items_purchased_type":["Card","Relic","Card","Card"],"build_version":"2020-12-22","purchased_purges":2,"victory":false,"max_hp_per_floor":[70,70,70,70,70,70,70,70,70,70,70,70,70,70,70,70,70,70,70,70,70,70,70,70,70,70,70,70,70,70,70,70,70,70],"card_choices":[{"not_picked":["Bane","Reflex"],"picked":"Dodge and Roll","floor":1.0},{"not_picked":["Expertise","Sucker Punch"],"picked":"Backflip","floor":2.0},{"not_picked":["Doppelganger","Slice"],"picked":"Blade Dance","floor":4.0},{"not_picked":["Expertise","Flying Knee"],"picked":"Crippling Poison","floor":6.0},{"not_picked":["Calculated Gamble","Underhanded Strike"],"picked":"Catalyst","floor":7.0},{"not_picked":["Infinite Blades","Concentrate"],"picked":"Tactician","floor":10.0},{"not_picked":["Acrobatics","Deflect"],"picked":"Backstab","floor":11.0},{"not_picked":["Riddle With Holes","Finisher","Noxious Fumes"],"picked":"SKIP","floor":13},{"not_picked":["Infinite Blades","Dagger Throw"],"picked":"PiercingWail","floor":14},{"not_picked":["Storm of Steel","Doppelganger"],"picked":"Grand Finale","floor":16},{"not_picked":["Underhanded Strike","Terror"],"picked":"Backflip+1","floor":18},{"not_picked":["Poisoned Stab","Flying Knee+1","Flechettes"],"picked":"SKIP","floor":20},{"not_picked":["Poisoned Stab","Backflip","Expertise"],"picked":"SKIP","floor":24},{"not_picked":["Flying Knee","Blade Dance+1","Venomology"],"picked":"SKIP","floor":28},{"not_picked":["Sucker Punch+1","Crippling Poison"],"picked":"Calculated Gamble","floor":31}],"player_experience":764247,"relics_obtained":[{"floor":6.0,"key":"Old Coin"},{"floor":9.0,"key":"Gremlin Horn"},{"floor":13,"key":"InkBottle"},{"floor":26,"key":"Omamori"},{"floor":27,"key":"Ornamental Fan"},{"floor":31,"key":"Du-Vu Doll"},{"floor":31,"key":"Kunai"}],"event_choices":[{"damage_healed":0.0,"max_hp_gain":0.0,"max_hp_loss":0.0,"gold_gain":0.0,"event_name":"Scrap Ooze","player_choice":"Success","floor":3.0,"gold_loss":0.0,"damage_taken":25.0,"relics_obtained":["Bag of Preparation"]},{"cards_removed":["Strike_G"],"damage_healed":0,"gold_gain":0,"player_choice":"Single Remove","damage_taken":0,"max_hp_gain":0,"max_hp_loss":0,"event_name":"Designer","floor":19,"gold_loss":60},{"damage_healed":23,"gold_gain":0,"player_choice":"Heal","damage_taken":0,"max_hp_gain":0,"max_hp_loss":0,"event_name":"The Library","floor":29,"gold_loss":0},{"damage_healed":0,"gold_gain":0,"player_choice":"Ignored","damage_taken":0,"max_hp_gain":0,"max_hp_loss":0,"event_name":"Vampires","floor":30,"gold_loss":0},{"damage_healed":0,"gold_gain":0,"player_choice":"Fight","damage_taken":0,"max_hp_gain":0,"max_hp_loss":0,"event_name":"Colosseum","floor":31,"gold_loss":0},{"damage_healed":0,"gold_gain":0,"player_choice":"Fought Nobs","damage_taken":0,"max_hp_gain":0,"max_hp_loss":0,"event_name":"Colosseum","floor":31,"gold_loss":0}],"is_beta":false,"boss_relics":[{"not_picked":["Black Star","Busted Crown"],"picked":"Astrolabe"}],"items_purged_floors":[5,21],"is_endless":false,"potions_floor_spawned":[1,6,10,13,16,18,28,31,31],"killed_by":"Champ","ascension_level":12}}