{"host":"cj3w8v5z0njuqga9","time":1612940740,"event":{"mods":["BaseMod","BetterRewards","Card Forge","Colored Powertips","Custom Start","Minty Spire (QoL Compilation)","Permanent Neow","Relic Stats","Shop Mod","StSLib"],"gold_per_floor":[115,132,132,132,53,81,96,96,96],"floor_reached":8,"language":"ENG","playtime":283,"items_purged":[],"score":92,"play_id":"a08bc7cf-d5f2-47a5-8fb6-83e0ff838ad6","local_time":"20210210010540","is_ascension_mode":true,"campfire_choices":[],"circlet_count":0,"master_deck":["AscendersBane","Strike_B","Strike_B","Strike_B+1","Defend_B+1","Defend_B","Defend_B","Defend_B","Zap","Dualcast","Doom and Gloom","Echo Form","Defragment","White Noise","Leap"],"relics":["Hammer of Thor","Seething Fire","Anvil of the Gods","Philosopher\u0027s Stone","Unceasing Top"],"acts_visited":["Exordium"],"potions_floor_usage":[6,6],"damage_taken":[{"damage":5,"enemies":"Jaw Worm","floor":1,"turns":4},{"damage":0,"enemies":"Cultist","floor":2,"turns":3},{"damage":36,"enemies":"3 Sentries","floor":6,"turns":7},{"damage":0,"enemies":"Small Slimes","floor":7,"turns":3},{"damage":7,"enemies":"Gremlin Nob","floor":8,"turns":3}],"seed_played":"6517064785781845191","potions_obtained":[{"floor":1,"key":"PowerPotion"},{"floor":2,"key":"AttackPotion"}],"is_trial":false,"path_per_floor":["M","M","?","?","$","E","M","E"],"character_chosen":"DEFECT","items_purchased":["Defragment"],"campfire_rested":0,"item_purchase_floors":[5],"current_hp_per_floor":[63,63,48,48,48,12,12,5,5],"gold":96,"neow_bonus":"BOSS_RELIC","is_daily":false,"chose_seed":false,"campfire_upgraded":0,"win_rate":0.0,"timestamp":1612940740,"path_taken":["M","M","?","?","$","E","M","E"],"items_purchased_type":["Card"],"build_version":"2020-12-22","purchased_purges":0,"victory":false,"max_hp_per_floor":[75,75,75,75,75,75,75,75,75],"relic_stats":{"counters":[5,20],"obtain_stats":[{"Anvil of the Gods":0,"Philosopher\u0027s Stone":0,"Hammer of Thor":0,"Seething Fire":0,"Cracked Core":0,"Unceasing Top":6},{"Anvil of the Gods":0,"Philosopher\u0027s Stone":0,"Hammer of Thor":0,"Seething Fire":0,"Cracked Core":0,"Unceasing Top":3},{"Anvil of the Gods":0,"Philosopher\u0027s Stone":0,"Hammer of Thor":0,"Seething Fire":0,"Cracked Core":0,"Unceasing Top":14}],"Unceasing Top":[0]},"card_choices":[{"not_picked":["Stack","Coolheaded"],"picked":"Doom and Gloom","floor":1},{"not_picked":["Rebound","Rip and Tear","Streamline"],"picked":"SKIP","floor":2},{"not_picked":["Double Energy","Darkness"],"picked":"White Noise","floor":6},{"not_picked":["Cold Snap","Doom and Gloom"],"picked":"Leap","floor":7}],"player_experience":379496,"relics_obtained":[{"floor":6,"key":"Unceasing Top"}],"event_choices":[{"damage_healed":0,"gold_gain":0,"player_choice":"Entered Light","damage_taken":15,"max_hp_gain":0,"max_hp_loss":0,"event_name":"Shining Light","floor":3,"gold_loss":0,"cards_upgraded":["Strike_B","Defend_B"]},{"damage_healed":0,"gold_gain":0,"cards_transformed":["Strike_B"],"player_choice":"Change","damage_taken":0,"max_hp_gain":0,"max_hp_loss":0,"event_name":"Living Wall","floor":4,"gold_loss":0,"cards_obtained":["Echo Form"]}],"is_beta":false,"boss_relics":[],"items_purged_floors":[],"is_endless":false,"potions_floor_spawned":[1,2],"killed_by":"Gremlin Nob","ascension_level":13}}