{"host":"6xsbn6ynqlzwllfm","time":1612992555,"event":{"mods":["2.2 Compatiblity","BaseMod","Bestiary","Colored Map","Colored Powertips","Curses Come First","Highlight Path","Keyboard Shortcuts","Minty Spire (QoL Compilation)","Relic Stats","Slay the Relics Exporter","StSLib","SuperFastMode"],"gold_per_floor":[111,111,111,121,121,146,146,172,172,172,18,49,68,83,83,157,157,169,84,99,114,132,166,166,166,166],"floor_reached":25,"language":"ENG","playtime":1386,"items_purged":["Strike_R"],"score":532,"play_id":"9d789d05-7f96-4e72-ad55-00adb5a0d0fd","local_time":"20210210162915","is_ascension_mode":true,"campfire_choices":[{"data":"True Grit","floor":10,"key":"SMITH"},{"data":"Juggernaut","floor":15,"key":"SMITH"},{"floor":24,"key":"REST"}],"circlet_count":0,"master_deck":["AscendersBane","Strike_R","Strike_R","Strike_R+1","Strike_R","Defend_R","Defend_R","Defend_R+1","Defend_R","Bash+1","Heavy Blade","True Grit+1","Metallicize","Evolve","Rampage","Sword Boomerang","Juggernaut+1","Feed","Shrug It Off","Cleave","Rage","Dual Wield","Entrench"],"relics":["Burning Blood","NeowsBlessing","Thread and Needle","Orichalcum","Ice Cream","Potion Belt","Sozu","Nunchaku","Gambling Chip"],"acts_visited":["Exordium","TheCity"],"potions_floor_usage":[4,8,12,23,25],"damage_taken":[{"damage":0,"enemies":"Small Slimes","floor":1,"turns":1},{"damage":0,"enemies":"2 Louse","floor":4,"turns":1},{"damage":0,"enemies":"3 Sentries","floor":6,"turns":1},{"damage":26,"enemies":"Lagavulin","floor":8,"turns":10},{"damage":10,"enemies":"3 Sentries","floor":12,"turns":7},{"damage":0,"enemies":"Cultist","floor":13,"turns":3},{"damage":2,"enemies":"2 Fungi Beasts","floor":14,"turns":3},{"damage":38,"enemies":"Slime Boss","floor":16,"turns":10},{"damage":14,"enemies":"3 Byrds","floor":18,"turns":5},{"damage":11,"enemies":"Chosen","floor":20,"turns":5},{"damage":14,"enemies":"Snake Plant","floor":21,"turns":4},{"damage":1,"enemies":"Centurion and Healer","floor":22,"turns":7},{"damage":60,"enemies":"Book of Stabbing","floor":23,"turns":6},{"damage":73,"enemies":"Gremlin Leader","floor":25,"turns":6}],"seed_played":"7034134124652862854","potions_obtained":[{"floor":3,"key":"BloodPotion"},{"floor":3,"key":"FearPotion"},{"floor":4,"key":"Regen Potion"},{"floor":8,"key":"BlessingOfTheForge"},{"floor":13,"key":"PowerPotion"},{"floor":14,"key":"FairyPotion"}],"is_trial":false,"path_per_floor":["M","?","?","M","?","E","$","E","T","R","$","E","M","M","R","B",null,"M","?","M","M","M","E","R","E"],"character_chosen":"IRONCLAD","items_purchased":["Rampage"],"campfire_rested":1,"item_purchase_floors":[11],"current_hp_per_floor":[74,51,51,72,72,75,75,55,55,55,55,51,57,61,61,29,64,59,59,57,52,60,11,37,0,0],"gold":166,"neow_bonus":"THREE_ENEMY_KILL","is_daily":false,"chose_seed":false,"campfire_upgraded":2,"win_rate":0.0,"timestamp":1612992555,"path_taken":["M","?","?","?","?","E","?","E","T","R","$","E","M","?","R","BOSS","M","?","M","M","M","E","R","E"],"items_purchased_type":["Card"],"build_version":"2020-12-22","purchased_purges":1,"victory":false,"max_hp_per_floor":[75,75,75,75,75,75,75,75,75,75,75,75,75,75,75,75,75,78,78,81,84,87,87,87,87,87],"relic_stats":{"Sozu":2,"Nunchaku":[4],"counters":[14,69],"Gambling Chip":[5],"Orichalcum":[168],"obtain_stats":[{"Ice Cream":9,"Potion Belt":12,"Sozu":17,"Nunchaku":19,"NeowsBlessing":0,"Gambling Chip":23,"Thread and Needle":6,"Orichalcum":8,"Burning Blood":0},{"Ice Cream":4,"Potion Belt":5,"Sozu":8,"Nunchaku":9,"NeowsBlessing":0,"Gambling Chip":13,"Thread and Needle":3,"Orichalcum":4,"Burning Blood":0},{"Ice Cream":13,"Potion Belt":20,"Sozu":36,"Nunchaku":41,"NeowsBlessing":0,"Gambling Chip":63,"Thread and Needle":3,"Orichalcum":13,"Burning Blood":0}],"Burning Blood":75},"card_choices":[{"not_picked":["Ghostly Armor","True Grit"],"picked":"Heavy Blade","floor":1},{"not_picked":["Heavy Blade","Body Slam"],"picked":"True Grit","floor":4},{"not_picked":["True Grit","Anger"],"picked":"Metallicize","floor":6},{"not_picked":["True Grit","Flame Barrier"],"picked":"Evolve","floor":8},{"not_picked":["Iron Wave","Thunderclap","Evolve"],"picked":"SKIP","floor":12},{"not_picked":["Wild Strike","Rampage"],"picked":"Sword Boomerang","floor":13},{"not_picked":["Body Slam","Intimidate"],"picked":"Juggernaut","floor":14},{"not_picked":["Berserk","Impervious"],"picked":"Feed","floor":16},{"not_picked":["Flex","Iron Wave"],"picked":"Shrug It Off","floor":18},{"not_picked":["Warcry","Anger"],"picked":"Cleave","floor":20},{"not_picked":["Havoc","Iron Wave"],"picked":"Rage","floor":21},{"not_picked":["Wild Strike","Bloodletting"],"picked":"Dual Wield","floor":22},{"not_picked":["True Grit","Ghostly Armor"],"picked":"Entrench","floor":23}],"player_experience":1447206,"relics_obtained":[{"floor":6,"key":"Thread and Needle"},{"floor":8,"key":"Orichalcum"},{"floor":9,"key":"Ice Cream"},{"floor":12,"key":"Potion Belt"},{"floor":23,"key":"Gambling Chip"}],"event_choices":[{"damage_healed":0,"gold_gain":0,"player_choice":"Entered Light","damage_taken":23,"max_hp_gain":0,"max_hp_loss":0,"event_name":"Shining Light","floor":2,"gold_loss":0,"cards_upgraded":["Strike_R","Defend_R"]},{"damage_healed":0,"gold_gain":0,"player_choice":"Got Potions","damage_taken":0,"max_hp_gain":0,"max_hp_loss":0,"event_name":"Lab","floor":3,"gold_loss":0},{"damage_healed":0,"gold_gain":0,"player_choice":"Grow","damage_taken":0,"max_hp_gain":0,"max_hp_loss":0,"event_name":"Living Wall","floor":5,"gold_loss":0,"cards_upgraded":["Bash"]},{"damage_healed":0,"gold_gain":0,"player_choice":"Obtained Relic","damage_taken":0,"relics_obtained":["Nunchaku"],"max_hp_gain":0,"max_hp_loss":0,"event_name":"Addict","floor":19,"gold_loss":85}],"is_beta":false,"boss_relics":[{"not_picked":["Empty Cage","Tiny House"],"picked":"Sozu"}],"items_purged_floors":[11],"is_endless":false,"potions_floor_spawned":[4,8,13,14,22,23],"killed_by":"Gremlin Leader","ascension_level":20}}