{"host":"wuernuywc9gl215o","time":1612999313,"event":{"mods":["2.2 Compatiblity","AchievementEnabler","BaseMod","Bestiary","Block Reminder","Displayed Cursed Tome","Highlight Path","Key Reminder","Minty Spire (QoL Compilation)","Permanent Neow","Potion Indicator Mod","Quick Restart","Rare Cards Sparkle","Relic Stats","ojb\u0027s Info Mod"],"gold_per_floor":[116,127,147,164,129,129,160,160,186,186,197,229,247,247,247,320,320,333,347,262,187,19,19,19,19],"floor_reached":24,"language":"ENG","playtime":1635,"items_purged":[],"score":412,"play_id":"9818975b-41b0-4774-98fa-fa5f52b0f595","local_time":"20210210232153","is_ascension_mode":true,"campfire_choices":[{"data":"Bash","floor":6.0,"key":"SMITH"},{"floor":8.0,"key":"REST"},{"floor":15.0,"key":"REST"},{"floor":23.0,"key":"REST"}],"circlet_count":0,"master_deck":["AscendersBane","Strike_R","Strike_R","Strike_R","Defend_R","Defend_R","Defend_R","Defend_R","Bash+1","Clothesline","Armaments","Shockwave","Perfected Strike","Reaper","Shrug It Off","Double Tap","Iron Wave"],"relics":["Busted Crown","MealTicket","Orichalcum","Pen Nib","Darkstone Periapt","Philosopher\u0027s Stone","Smiling Mask","Red Skull"],"acts_visited":["Exordium","TheCity"],"potions_floor_usage":[],"damage_taken":[{"damage":11.0,"enemies":"Small Slimes","floor":1.0,"turns":4.0},{"damage":0.0,"enemies":"Cultist","floor":2.0,"turns":2.0},{"damage":7.0,"enemies":"Jaw Worm","floor":3.0,"turns":2.0},{"damage":27.0,"enemies":"Gremlin Gang","floor":4.0,"turns":7.0},{"damage":29.0,"enemies":"Gremlin Nob","floor":7.0,"turns":4.0},{"damage":0.0,"enemies":"2 Fungi Beasts","floor":11.0,"turns":3.0},{"damage":21.0,"enemies":"3 Sentries","floor":12.0,"turns":10.0},{"damage":1.0,"enemies":"3 Louse","floor":13.0,"turns":3.0},{"damage":24.0,"enemies":"The Guardian","floor":16.0,"turns":13.0},{"damage":6.0,"enemies":"Chosen","floor":18.0,"turns":5.0},{"damage":69.0,"enemies":"3 Byrds","floor":19.0,"turns":8.0},{"damage":48,"enemies":"Book of Stabbing","floor":24,"turns":5}],"seed_played":"8597731787026985854","potions_obtained":[{"floor":3.0,"key":"ElixirPotion"},{"floor":7.0,"key":"BlessingOfTheForge"},{"floor":12.0,"key":"Dexterity Potion"},{"floor":19.0,"key":"Swift Potion"}],"is_trial":false,"path_per_floor":["M","M","M","M","?","R","E","R","T","?","M","E","M","?","R","B",null,"M","M","?","?","$","R","E"],"character_chosen":"IRONCLAD","items_purchased":["Red Skull"],"campfire_rested":3,"item_purchase_floors":[22],"current_hp_per_floor":[57,57,50,23,41,41,12,34,34,34,34,13,18,18,40,28,63,61,4,4,4,19,41,0,0],"gold":19,"neow_bonus":"BOSS_RELIC","is_daily":false,"chose_seed":false,"campfire_upgraded":1,"win_rate":0.0,"timestamp":1612999313,"path_taken":["M","M","M","M","?","R","E","R","T","?","?","E","M","?","R","BOSS","M","?","?","?","$","R","E"],"items_purchased_type":["Relic"],"build_version":"2020-12-22","purchased_purges":0,"victory":false,"max_hp_per_floor":[75,75,75,75,75,75,75,75,75,75,75,75,75,75,75,75,75,75,75,75,75,75,75,75,75],"relic_stats":{"Darkstone Periapt":0,"Busted Crown":22,"counters":[12,66],"MealTicket":15,"Pen Nib":[7],"Orichalcum":[54],"Smiling Mask":0,"obtain_stats":[{"Darkstone Periapt":12,"Busted Crown":0,"MealTicket":7,"Philosopher\u0027s Stone":17,"Pen Nib":10,"Orichalcum":9,"Smiling Mask":20,"Burning Blood":0,"Red Skull":22},{"Darkstone Periapt":7,"Busted Crown":0,"MealTicket":5,"Philosopher\u0027s Stone":9,"Pen Nib":5,"Orichalcum":5,"Smiling Mask":11,"Burning Blood":0,"Red Skull":11},{"Darkstone Periapt":32,"Busted Crown":0,"MealTicket":19,"Philosopher\u0027s Stone":48,"Pen Nib":19,"Orichalcum":19,"Smiling Mask":61,"Burning Blood":0,"Red Skull":61}]},"card_choices":[{"not_picked":[],"picked":"Clothesline","floor":1.0},{"not_picked":[],"picked":"Armaments","floor":2.0},{"not_picked":["Metallicize"],"picked":"SKIP","floor":3.0},{"not_picked":["Heavy Blade"],"picked":"SKIP","floor":4.0},{"not_picked":[],"picked":"Shockwave","floor":7.0},{"not_picked":[],"picked":"Perfected Strike","floor":11.0},{"not_picked":[],"picked":"Reaper","floor":12.0},{"not_picked":[],"picked":"Shrug It Off","floor":13.0},{"not_picked":[],"picked":"Double Tap","floor":16.0},{"not_picked":["Clothesline"],"picked":"SKIP","floor":18.0},{"not_picked":[],"picked":"Iron Wave","floor":19.0}],"player_experience":894248,"relics_obtained":[{"floor":7.0,"key":"MealTicket"},{"floor":9.0,"key":"Orichalcum"},{"floor":12.0,"key":"Darkstone Periapt"}],"event_choices":[{"damage_healed":18.0,"max_hp_gain":0.0,"max_hp_loss":0.0,"gold_gain":0.0,"event_name":"The Cleric","player_choice":"Healed","floor":5.0,"gold_loss":35.0,"damage_taken":0.0},{"damage_healed":0.0,"max_hp_gain":0.0,"max_hp_loss":0.0,"gold_gain":0.0,"event_name":"WeMeetAgain","player_choice":"Gave Potion","floor":10.0,"gold_loss":0.0,"damage_taken":0.0,"relics_obtained":["Pen Nib"]},{"cards_removed":["Strike_R"],"damage_healed":0.0,"max_hp_gain":0.0,"max_hp_loss":0.0,"gold_gain":0.0,"event_name":"Bonfire Elementals","player_choice":"Offered Basic","floor":14.0,"gold_loss":0.0,"damage_taken":0.0},{"damage_healed":0.0,"max_hp_gain":0.0,"max_hp_loss":0.0,"gold_gain":0.0,"event_name":"Addict","player_choice":"Obtained Relic","floor":20.0,"gold_loss":85.0,"damage_taken":0.0,"relics_obtained":["Smiling Mask"]},{"cards_removed":["Strike_R"],"damage_healed":0.0,"max_hp_gain":0.0,"max_hp_loss":0.0,"gold_gain":0.0,"event_name":"Beggar","player_choice":"Gave Gold","floor":21.0,"gold_loss":75.0,"damage_taken":0.0}],"is_beta":false,"boss_relics":[{"not_picked":["Ectoplasm","Velvet Choker"],"picked":"Philosopher\u0027s Stone"}],"items_purged_floors":[],"is_endless":false,"potions_floor_spawned":[3,7,12,19],"killed_by":"Book of Stabbing","ascension_level":20}}