{"host":"jqln3q8z91cyrmpl","time":1612937438,"event":{"mods":["AchievementEnabler","BaseMod","Colored Map","DeckTracker","Keyboard Shortcuts","Minty Spire (QoL Compilation)","SuperFastMode"],"gold_per_floor":[119,119,145,35,35,70,70,89,89,121,121,131,159,6,6,102,102,119,44,44,56,72,72,72,72,72],"floor_reached":25,"language":"KOR","playtime":804,"items_purged":["Strike_G"],"score":387,"play_id":"88de74eb-398f-4b71-ad2e-e51c10213525","local_time":"20210210151038","is_ascension_mode":true,"campfire_choices":[{"data":"Noxious Fumes","floor":7.0,"key":"SMITH"},{"data":"Calculated Gamble","floor":11.0,"key":"SMITH"},{"data":"Neutralize","floor":15,"key":"SMITH"},{"data":"After Image","floor":23,"key":"SMITH"}],"circlet_count":0,"master_deck":["AscendersBane","Survivor","Neutralize+1","Blade Dance","Noxious Fumes+1","PiercingWail","Calculated Gamble+1","Tools of the Trade","Heel Hook","After Image+1","Footwork","Infinite Blades","Unload","Glass Knife","Dodge and Roll","Flechettes","Leg Sweep","RitualDagger","Well Laid Plans","Acrobatics"],"relics":["Ring of the Snake","NeowsBlessing","Anchor","Akabeko","Shuriken","Unceasing Top","Meat on the Bone","HandDrill","Pandora\u0027s Box"],"acts_visited":["Exordium","TheCity"],"potions_floor_usage":[16],"damage_taken":[{"damage":0.0,"enemies":"Cultist","floor":1.0,"turns":1.0},{"damage":0.0,"enemies":"3 Sentries","floor":6.0,"turns":1.0},{"damage":0.0,"enemies":"Jaw Worm","floor":8.0,"turns":1.0},{"damage":12.0,"enemies":"Gremlin Nob","floor":10.0,"turns":4.0},{"damage":0.0,"enemies":"2 Louse","floor":12.0,"turns":2.0},{"damage":7,"enemies":"3 Sentries","floor":13,"turns":7},{"damage":16,"enemies":"Hexaghost","floor":16,"turns":8},{"damage":5,"enemies":"2 Thieves","floor":18,"turns":4},{"damage":15,"enemies":"Shell Parasite","floor":21,"turns":4},{"damage":15,"enemies":"3 Cultists","floor":22,"turns":6},{"damage":40,"enemies":"Slavers","floor":25,"turns":3}],"seed_played":"-4044425048711752560","potions_obtained":[{"floor":5.0,"key":"Fruit Juice"},{"floor":5.0,"key":"SkillPotion"},{"floor":5.0,"key":"Block Potion"},{"floor":10.0,"key":"SneckoOil"},{"floor":12.0,"key":"Strength Potion"},{"floor":21,"key":"DistilledChaos"}],"is_trial":false,"path_per_floor":["M","?","T","$","?","E","R","M","T","E","R","M","E","$","R","B",null,"M","?","?","M","M","R","?","E"],"character_chosen":"THE_SILENT","items_purchased":["Noxious Fumes","HandDrill"],"campfire_rested":0,"item_purchase_floors":[4,14],"current_hp_per_floor":[63,56,56,56,61,61,61,61,61,49,49,49,42,42,42,38,66,61,61,55,40,37,37,37,0,0],"gold":72,"neow_bonus":"THREE_ENEMY_KILL","is_daily":false,"chose_seed":false,"campfire_upgraded":4,"win_rate":0.0,"timestamp":1612937438,"path_taken":["M","?","?","?","?","E","R","?","T","E","R","M","E","$","R","BOSS","M","?","?","M","M","R","?","E"],"items_purchased_type":["Card","Relic"],"build_version":"2020-12-22","purchased_purges":1,"victory":false,"max_hp_per_floor":[70,70,70,70,75,75,75,75,75,75,75,75,75,75,75,75,75,75,75,75,75,75,75,75,75,75],"card_choices":[{"not_picked":["Deflect","Well Laid Plans"],"picked":"Blade Dance","floor":1.0},{"not_picked":["Dodge and Roll","Deadly Poison"],"picked":"PiercingWail","floor":6.0},{"not_picked":["Cloak And Dagger","Terror","Dodge and Roll"],"picked":"SKIP","floor":8.0},{"not_picked":["Masterful Stab","Underhanded Strike"],"picked":"Calculated Gamble","floor":10.0},{"not_picked":["Flying Knee","Caltrops"],"picked":"Tools of the Trade","floor":12.0},{"not_picked":["Deflect","Finisher"],"picked":"Heel Hook","floor":13},{"not_picked":["Bullet Time","Venomology"],"picked":"After Image","floor":16},{"not_picked":["Dagger Throw","Dash"],"picked":"Leg Sweep","floor":18},{"not_picked":["Flying Knee","Slice"],"picked":"Well Laid Plans","floor":21},{"not_picked":["Expertise","Leg Sweep+1"],"picked":"Acrobatics","floor":22}],"player_experience":426332,"relics_obtained":[{"floor":3.0,"key":"Anchor"},{"floor":6.0,"key":"Akabeko"},{"floor":9.0,"key":"Shuriken"},{"floor":10.0,"key":"Unceasing Top"},{"floor":13,"key":"Meat on the Bone"}],"event_choices":[{"cards_removed":["Strike_G"],"damage_healed":0.0,"max_hp_gain":0.0,"max_hp_loss":0.0,"gold_gain":0.0,"event_name":"Golden Wing","player_choice":"Card Removal","floor":2.0,"gold_loss":0.0,"damage_taken":7.0},{"damage_healed":0.0,"max_hp_gain":0.0,"max_hp_loss":0.0,"gold_gain":0.0,"event_name":"Lab","player_choice":"Got Potions","floor":5.0,"gold_loss":0.0,"damage_taken":0.0},{"cards_removed":["Night Terror"],"damage_healed":0,"gold_gain":0,"player_choice":"Gave Gold","damage_taken":0,"max_hp_gain":0,"max_hp_loss":0,"event_name":"Beggar","floor":19,"gold_loss":75},{"damage_healed":0,"gold_gain":0,"player_choice":"Joined the Cult","damage_taken":6,"max_hp_gain":0,"max_hp_loss":0,"event_name":"Nest","floor":20,"gold_loss":0,"cards_obtained":["RitualDagger"]},{"cards_removed":["Endless Agony"],"damage_healed":0,"gold_gain":0,"player_choice":"Elegance","damage_taken":0,"max_hp_gain":0,"max_hp_loss":0,"event_name":"Back to Basics","floor":24,"gold_loss":0}],"is_beta":false,"boss_relics":[{"not_picked":["Runic Pyramid","Snecko Eye"],"picked":"Pandora\u0027s Box"}],"items_purged_floors":[4],"is_endless":false,"potions_floor_spawned":[10,12,21],"killed_by":"Slavers","ascension_level":12}}