{"host":"dxartouuumwbjwkm","time":1612967320,"event":{"mods":["BaseMod","Challenge The Spire","Minty Spire (QoL Compilation)","StSLib","The Animator"],"gold_per_floor":[127,52,52,72,13,13,47,67,144,158,158,170,135,35,35,121,121,141,56,66,116,116,116],"floor_reached":22,"language":"ENG","playtime":1159,"items_purged":["animator:Defend","Regret"],"score":418,"play_id":"3df3593a-cd5c-4fd0-9321-3f65a263ad04","local_time":"20210210092840","is_ascension_mode":true,"campfire_choices":[{"floor":6.0,"key":"RECALL"},{"floor":11.0,"key":"REST"},{"data":"animator:YuiTsuruno","floor":15.0,"key":"SMITH"}],"circlet_count":0,"master_deck":["AscendersBane","animator:Strike_MadokaMagica","animator:Defend_MadokaMagica","animator:Strike","animator:Strike","animator:Strike","animator:Defend","animator:Defend","animator:IrohaTamaki","animator:YuiTsuruno+1","animator:SuzuneAmano","animator:IrohaTamaki","animator:KrulTepes","animator:MamiTomoe","animator:IrohaTamaki","animator:HomuraAkemi","animator:Entoma+1","animator:SayakaMiki"],"relics":["animator:LivingPicture","animator:TheMissingPiece","NeowsBlessing","Anchor","Darkstone Periapt","Blood Vial","SlaversCollar","Lizard Tail"],"acts_visited":["Exordium","TheCity"],"potions_floor_usage":[20],"damage_taken":[{"damage":0.0,"enemies":"2 Louse","floor":1.0,"turns":1.0},{"damage":0.0,"enemies":"Jaw Worm","floor":4.0,"turns":1.0},{"damage":0.0,"enemies":"Lagavulin","floor":7.0,"turns":1.0},{"damage":4.0,"enemies":"Cultist","floor":8.0,"turns":4.0},{"damage":29.0,"enemies":"Large Slime","floor":10.0,"turns":6.0},{"damage":2.0,"enemies":"2 Fungi Beasts","floor":12.0,"turns":3.0},{"damage":50.0,"enemies":"Slime Boss","floor":16.0,"turns":10.0},{"damage":21.0,"enemies":"Spheric Guardian","floor":18.0,"turns":5.0},{"damage":42,"enemies":"2 Thieves","floor":20,"turns":5},{"damage":43,"enemies":"Cultist and Chosen","floor":22,"turns":5}],"seed_played":"-3522536666404526847","potions_obtained":[{"floor":1.0,"key":"Fruit Juice"},{"floor":8.0,"key":"CultistPotion"},{"floor":18.0,"key":"Strength Potion"}],"is_trial":false,"path_per_floor":["M","$","?","M","$","R","E","M","T","M","R","M","?","$","R","B",null,"M","?","M","?","M"],"character_chosen":"THE_ANIMATOR","items_purchased":["animator:IrohaTamaki"],"campfire_rested":1,"item_purchase_floors":[5],"current_hp_per_floor":[59,59,59,59,59,59,59,55,55,27,46,44,60,60,60,10,52,33,33,35,35,0,0],"gold":116,"neow_bonus":"THREE_ENEMY_KILL","is_daily":false,"chose_seed":false,"campfire_upgraded":1,"win_rate":0.0,"timestamp":1612967320,"path_taken":["M","$","?","M","$","R","E","M","T","M","R","M","?","$","R","BOSS","M","?","M","?","M"],"items_purchased_type":["Card"],"build_version":"2020-12-22","purchased_purges":2,"victory":false,"max_hp_per_floor":[65,65,65,65,65,65,65,65,65,66,66,66,66,66,66,66,66,66,66,69,69,69,69],"card_choices":[{"not_picked":["animator:Benimaru","animator:Hakurou"],"picked":"animator:SuzuneAmano","floor":1.0},{"not_picked":["animator:Tyuule","animator:DolaCouronne","animator:Kuribayashi"],"picked":"SKIP","floor":4.0},{"not_picked":["animator:Sebas","animator:DolaSchwi","animator:Shion"],"picked":"SKIP","floor":7.0},{"not_picked":["animator:HiiragiShinya","animator:CrowleyEusford"],"picked":"animator:KrulTepes","floor":8.0},{"not_picked":["animator:Shuna","animator:LizardPriest"],"picked":"animator:MamiTomoe","floor":10.0},{"not_picked":["animator:Spearman","animator:Demiurge"],"picked":"animator:IrohaTamaki","floor":12.0},{"not_picked":["animator:PinaCoLada","animator:Kyubey"],"picked":"animator:HomuraAkemi","floor":16.0},{"not_picked":["animator:TukaLunaMarceau","animator:IrohaTamaki"],"picked":"animator:Entoma","floor":18.0},{"not_picked":["animator:KyokoSakura","animator:OrikoMikuni"],"picked":"animator:SayakaMiki","floor":20}],"player_experience":670243,"relics_obtained":[{"floor":7.0,"key":"Darkstone Periapt"},{"floor":16.0,"key":"Blood Vial"}],"event_choices":[{"damage_healed":0.0,"max_hp_gain":0.0,"max_hp_loss":0.0,"gold_gain":0.0,"event_name":"Big Fish","player_choice":"Box","floor":3.0,"gold_loss":0.0,"damage_taken":0.0,"relics_obtained":["Anchor"],"cards_obtained":["Regret"]},{"damage_healed":16.0,"max_hp_gain":0.0,"max_hp_loss":0.0,"gold_gain":0.0,"event_name":"The Cleric","player_choice":"Healed","floor":13.0,"gold_loss":35.0,"damage_taken":0.0},{"damage_healed":0.0,"max_hp_gain":0.0,"max_hp_loss":0.0,"gold_gain":0.0,"event_name":"Addict","player_choice":"Obtained Relic","floor":19.0,"gold_loss":85.0,"damage_taken":0.0,"relics_obtained":["Lizard Tail"]},{"damage_healed":0,"gold_gain":50,"player_choice":"Stole From Cult","damage_taken":0,"max_hp_gain":0,"max_hp_loss":0,"event_name":"Nest","floor":21,"gold_loss":0}],"is_beta":false,"boss_relics":[{"not_picked":["Fusion Hammer","SacredBark"],"picked":"SlaversCollar"}],"items_purged_floors":[2,14],"is_endless":false,"potions_floor_spawned":[1,8,18],"killed_by":"Cultist and Chosen","ascension_level":20}}