{"host":"b6hf8n3pu8vqv2wi","time":1612969082,"event":{"mods":["BaseMod","Minty Spire (QoL Compilation)","StSLib","The Servant 0.9.4"],"gold_per_floor":[112,112,128,53,53,82,82,98,98,133,144,160,110,143,143,241,241,261,279,279,279],"floor_reached":20,"language":"ZHS","playtime":2647,"items_purged":["Decay"],"score":244,"play_id":"74200814-db1d-4807-a64b-48f4617521a0","local_time":"20210210225802","is_ascension_mode":false,"campfire_choices":[{"floor":7.0,"key":"RECALL"},{"data":"Duplication","floor":15.0,"key":"SMITH"}],"circlet_count":0,"master_deck":["Strike_S","Strike_S","Strike_S","Defend_S","Defend_S","Defend_S","KidneyShot","Exchange","Unruled","Moonlight","Misdirection","Snipe","Duplication+1","Sabotage","Desolation","ShatteredReality","Foresight","PendulumOfEternity","Ricochet","Defy+1"],"relics":["Uniform","NeowsBlessing","Ice Cream","Sundial","Regal Pillow","MysterySword"],"acts_visited":["Exordium","TheCity"],"potions_floor_usage":[20],"damage_taken":[{"damage":0.0,"enemies":"Small Slimes","floor":1.0,"turns":1.0},{"damage":0.0,"enemies":"Cultist","floor":3.0,"turns":1.0},{"damage":0.0,"enemies":"3 Sentries","floor":6.0,"turns":1.0},{"damage":0.0,"enemies":"2 Louse","floor":8.0,"turns":3.0},{"damage":9.0,"enemies":"Lagavulin","floor":10.0,"turns":6.0},{"damage":0.0,"enemies":"Exordium Wildlife","floor":11.0,"turns":4.0},{"damage":4.0,"enemies":"Red Slaver","floor":12.0,"turns":3.0},{"damage":0.0,"enemies":"Gremlin Nob","floor":14.0,"turns":2.0},{"damage":45.0,"enemies":"The Guardian","floor":16.0,"turns":8.0},{"damage":18.0,"enemies":"3 Byrds","floor":18.0,"turns":5.0},{"damage":40.0,"enemies":"Shell Parasite","floor":19.0,"turns":5.0},{"damage":16,"enemies":"Sentry and Sphere","floor":20,"turns":3}],"seed_played":"-6309386104931246703","potions_obtained":[{"floor":8.0,"key":"FearPotion"},{"floor":10.0,"key":"Explosive Potion"},{"floor":11.0,"key":"Weak Potion"},{"floor":12.0,"key":"SkillPotion"},{"floor":14.0,"key":"SkillPotion"},{"floor":18.0,"key":"Explosive Potion"}],"is_trial":false,"path_per_floor":["M","?","M","$","?","E","R","M","T","E","M","M","?","E","R","B",null,"M","M","M"],"character_chosen":"THE_SERVANT","items_purchased":[],"campfire_rested":0,"item_purchase_floors":[],"current_hp_per_floor":[65,65,65,65,65,65,65,65,65,56,56,52,52,52,52,7,65,47,7,0,0],"gold":279,"neow_bonus":"THREE_ENEMY_KILL","is_daily":false,"chose_seed":false,"campfire_upgraded":1,"win_rate":0.0,"timestamp":1612969082,"path_taken":["M","?","?","?","?","E","R","M","T","E","M","?","?","E","R","BOSS","M","M","M"],"items_purchased_type":[],"build_version":"2020-12-22","purchased_purges":1,"victory":false,"max_hp_per_floor":[65,65,65,65,65,65,65,65,65,65,65,65,65,65,65,65,65,65,65,65,65],"card_choices":[{"not_picked":["TimeWarp","Rearm"],"picked":"Unruled","floor":1.0},{"not_picked":["Defy","Rearm"],"picked":"Moonlight","floor":3.0},{"not_picked":["Read","Unruled"],"picked":"Snipe","floor":6.0},{"not_picked":["SurpressingFire","TimeWarp"],"picked":"Duplication","floor":8.0},{"not_picked":["Unruled","FastForward"],"picked":"Sabotage","floor":10.0},{"not_picked":["TimeWarp","Alleviate"],"picked":"Desolation","floor":11.0},{"not_picked":["TimeWarp","Replace"],"picked":"ShatteredReality","floor":12.0},{"not_picked":["Rearm","Starlight"],"picked":"Foresight","floor":14.0},{"not_picked":["SoulSculpture","Sunlight"],"picked":"PendulumOfEternity","floor":16.0},{"not_picked":["Unruled","StarChef"],"picked":"Ricochet","floor":18.0},{"not_picked":["Replace","WasteNot+1"],"picked":"Defy+1","floor":19.0}],"player_experience":190447,"relics_obtained":[{"floor":6.0,"key":"Ice Cream"},{"floor":10.0,"key":"Sundial"},{"floor":14.0,"key":"Regal Pillow"}],"event_choices":[{"damage_healed":0.0,"max_hp_gain":0.0,"max_hp_loss":0.0,"gold_gain":0.0,"event_name":"Wheel of Change","player_choice":"Cursed","floor":2.0,"gold_loss":0.0,"damage_taken":0.0,"cards_obtained":["Decay"]},{"damage_healed":0.0,"max_hp_gain":0.0,"max_hp_loss":0.0,"gold_gain":0.0,"cards_transformed":["Defend_S"],"event_name":"Transmorgrifier","player_choice":"Transformed","floor":5.0,"gold_loss":0.0,"damage_taken":0.0,"cards_obtained":["Misdirection"]},{"cards_removed":["Strike_S"],"damage_healed":0.0,"max_hp_gain":0.0,"max_hp_loss":0.0,"gold_gain":0.0,"event_name":"The Cleric","player_choice":"Card Removal","floor":13.0,"gold_loss":50.0,"damage_taken":0.0}],"is_beta":false,"boss_relics":[{"not_picked":["Runic Pyramid","Tiny House"],"picked":"MysterySword"}],"items_purged_floors":[4],"is_endless":false,"potions_floor_spawned":[8,10,11,12,14,18],"killed_by":"Sentry and Sphere","ascension_level":0}}