{"host":"j5shy70asow5koz5","time":1612933162,"event":{"mods":["2.2 Compatiblity","Act Like it!","Arknights","BaseMod","Colored Map","Marisa£¨Ùöéë¡¡Øª×âÞÞ£©","Minty Spire (QoL Compilation)","Prisma Mod","StSLib","SuperFastMode","Td1madao Mod","The Disciple","The Gatherer","The Servant 0.9.4","Waifu the Spire"],"gold_per_floor":[116,134,144,161,172,172,202,221,244,244,204,218,218,233,233,333,333,346,336,41,41,41,41,56,56,81,81,91,12,25,36,36,36,36],"floor_reached":33,"language":"KOR","playtime":808,"items_purged":[],"score":253,"play_id":"7c95e55f-d19a-4515-906f-c870c9f5c3e7","local_time":"20210210135922","is_ascension_mode":false,"campfire_choices":[{"data":"Skewer","floor":6.0,"key":"SMITH"},{"data":"Skewer","floor":10.0,"key":"SMITH"},{"data":"Backflip","floor":13.0,"key":"SMITH"},{"data":"Noxious Fumes","floor":15.0,"key":"SMITH"},{"data":"Envenom","floor":23.0,"key":"SMITH"},{"data":"Catalyst","floor":25.0,"key":"SMITH"},{"floor":27.0,"key":"REST"},{"floor":32,"key":"REST"}],"circlet_count":0,"master_deck":["Strike_G+1","Strike_G+1","Strike_G+1","Defend_G+1","Defend_G+1","Defend_G+1","Defend_G+1","Defend_G+1","Survivor","Neutralize","PiercingWail","Backflip+1","Poisoned Stab","Calculated Gamble","Skewer+1","Skewer+1","Escape Plan","Noxious Fumes+1","Envenom+1","Catalyst+1","Predator+1","Corpse Explosion","Bane+1","Prepared+1"],"relics":["Ring of the Snake","NeowsBlessing","Matryoshka","Bag of Marbles","Lantern","Empty Cage","PreservedInsect","Whetstone","Juzu Bracelet","Boot"],"acts_visited":["Exordium","TheCity"],"potions_floor_usage":[28,31],"damage_taken":[{"damage":0.0,"enemies":"Cultist","floor":1.0,"turns":1.0},{"damage":0.0,"enemies":"Jaw Worm","floor":2.0,"turns":1.0},{"damage":0.0,"enemies":"Small Slimes","floor":3.0,"turns":1.0},{"damage":1.0,"enemies":"2 Fungi Beasts","floor":4.0,"turns":6.0},{"damage":10.0,"enemies":"Large Slime","floor":5.0,"turns":6.0},{"damage":21.0,"enemies":"Lagavulin","floor":7.0,"turns":6.0},{"damage":7.0,"enemies":"Looter","floor":8.0,"turns":2.0},{"damage":11.0,"enemies":"Gremlin Gang","floor":12.0,"turns":3.0},{"damage":0.0,"enemies":"2 Fungi Beasts","floor":14.0,"turns":2.0},{"damage":12.0,"enemies":"Hexaghost","floor":16.0,"turns":9.0},{"damage":9.0,"enemies":"3 Byrds","floor":18.0,"turns":6.0},{"damage":10.0,"enemies":"2 Thieves","floor":19.0,"turns":4.0},{"damage":22.0,"enemies":"Shelled Parasite and Fungi","floor":24.0,"turns":6.0},{"damage":22,"enemies":"3 Cultists","floor":28,"turns":5},{"damage":0,"enemies":"Snecko","floor":30,"turns":4},{"damage":15,"enemies":"Snake Plant","floor":31,"turns":4},{"damage":46,"enemies":"Automaton","floor":33,"turns":6}],"seed_played":"-4375360197741325297","potions_obtained":[{"floor":1.0,"key":"Poison Potion"},{"floor":5.0,"key":"Dexterity Potion"},{"floor":11.0,"key":"LiquidBronze"},{"floor":11.0,"key":"Energy Potion"},{"floor":11.0,"key":"SteroidPotion"},{"floor":16.0,"key":"Block Potion"},{"floor":19.0,"key":"Poison Potion"},{"floor":30,"key":"FearPotion"}],"is_trial":false,"path_per_floor":["M","M","M","M","M","R","E","M","T","R","?","M","R","M","R","B",null,"M","M","$","?","$","R","M","R","T","R","M","$","M","M","R","B"],"character_chosen":"THE_SILENT","items_purchased":["PreservedInsect","Whetstone","Corpse Explosion"],"campfire_rested":2,"item_purchase_floors":[20,20,29],"current_hp_per_floor":[70,70,70,69,59,59,38,31,31,31,31,20,20,20,20,8,70,61,51,51,51,51,51,29,29,29,50,28,28,28,13,34,0,0],"gold":36,"neow_bonus":"THREE_ENEMY_KILL","is_daily":false,"chose_seed":false,"campfire_upgraded":6,"win_rate":0.0,"timestamp":1612933162,"path_taken":["M","?","M","M","M","R","E","M","T","R","?","M","R","M","R","BOSS","M","M","$","?","$","R","M","R","T","R","M","$","M","M","R","BOSS"],"items_purchased_type":["Relic","Relic","Card"],"build_version":"2020-12-22","purchased_purges":0,"victory":false,"max_hp_per_floor":[70,70,70,70,70,70,70,70,70,70,70,70,70,70,70,70,70,70,70,70,70,70,70,70,70,70,70,70,70,70,70,70,70,70],"card_choices":[{"not_picked":["Quick Slash","Dagger Spray"],"picked":"PiercingWail","floor":1.0},{"not_picked":["Prepared","PiercingWail"],"picked":"Backflip","floor":2.0},{"not_picked":["Flying Knee","Quick Slash"],"picked":"Poisoned Stab","floor":3.0},{"not_picked":["Riddle With Holes","Finisher"],"picked":"Calculated Gamble","floor":4.0},{"not_picked":["Backstab","Dagger Throw"],"picked":"Skewer","floor":5.0},{"not_picked":["Endless Agony","Night Terror"],"picked":"Skewer","floor":7.0},{"not_picked":["Quick Slash","Prepared"],"picked":"Escape Plan","floor":8.0},{"not_picked":["Quick Slash","Dodge and Roll","Acrobatics"],"picked":"SKIP","floor":12.0},{"not_picked":["Eviscerate","Bane"],"picked":"Noxious Fumes","floor":14.0},{"not_picked":["Unload","Tools of the Trade"],"picked":"Envenom","floor":16.0},{"not_picked":["Flying Knee+1","Sucker Punch"],"picked":"Catalyst","floor":18.0},{"not_picked":["Slice+1","Deadly Poison"],"picked":"Predator+1","floor":19.0},{"not_picked":["Dodge and Roll","Heel Hook+1","Leg Sweep"],"picked":"SKIP","floor":24.0},{"not_picked":["PiercingWail","Dagger Throw","Footwork"],"picked":"SKIP","floor":28},{"not_picked":["Catalyst","PiercingWail"],"picked":"Bane+1","floor":30},{"not_picked":["Flechettes+1","Night Terror"],"picked":"Prepared+1","floor":31}],"player_experience":88296,"relics_obtained":[{"floor":7.0,"key":"Matryoshka"},{"floor":9.0,"key":"Bag of Marbles"},{"floor":9.0,"key":"Lantern"},{"floor":26.0,"key":"Juzu Bracelet"},{"floor":26.0,"key":"Boot"}],"event_choices":[{"damage_healed":0.0,"max_hp_gain":0.0,"max_hp_loss":0.0,"gold_gain":0.0,"event_name":"The Woman in Blue","player_choice":"Bought 3 Potions","floor":11.0,"gold_loss":0.0,"damage_taken":0.0},{"damage_healed":0.0,"max_hp_gain":0.0,"max_hp_loss":0.0,"gold_gain":0.0,"event_name":"Back to Basics","player_choice":"Simplicity","floor":21.0,"gold_loss":0.0,"damage_taken":0.0,"cards_upgraded":["Strike_G","Defend_G","Defend_G","Defend_G","Defend_G","Defend_G"]}],"is_beta":false,"boss_relics":[{"not_picked":["Black Star","Philosopher\u0027s Stone"],"picked":"Empty Cage"}],"items_purged_floors":[],"is_endless":false,"potions_floor_spawned":[1,5,12,16,19,30],"killed_by":"Automaton","ascension_level":0}}