{"host":"nxma0dbhh74lxenq","time":1612969235,"event":{"mods":["Astrologer","BaseMod","Beaked The Cultist","CapriCore","Colored Map","DeckTracker","Gremlin Mod","Highlight Path","HololiveMod","Koishi","Mad Scientist","Minty Spire (QoL Compilation)","StSLib","SuperFastMode","The Bladedancer","The Cursed","The Immortal","The Mystic","YoumuÅiç∞ÈÆódöÎÅj"],"gold_per_floor":[213,213,213,224,240,240,271,271,323,339,339,365,365,157,157,157,157],"floor_reached":16,"language":"JPN","playtime":491,"items_purged":["Koishi:BasicStrike"],"score":200,"play_id":"763e3bc0-98f0-4ae4-930d-02d6481b7ccd","local_time":"20210211000035","is_ascension_mode":true,"campfire_choices":[{"data":"Koishi:Provoke","floor":6,"key":"SMITH"},{"data":"Koishi:PhantomBarrier","floor":8,"key":"SMITH"},{"floor":13,"key":"REST"},{"data":"Koishi:Untouchable","floor":15,"key":"SMITH"}],"circlet_count":0,"master_deck":["AscendersBane","Koishi:BasicStrike","Koishi:BasicStrike","Koishi:BasicStrike","Koishi:BasicDefend","Koishi:BasicDefend","Koishi:BasicDefend","Koishi:BasicDefend","Koishi:Provoke+1","Koishi:HauntingSlash+1","Koishi:BloodcurdlingScream","Koishi:Untouchable+1","Koishi:SpiritedAway","Koishi:PhantomBarrier+1","Koishi:SubterraneanRose","Koishi:RacingHeart"],"relics":["Koishi:ImaginaryFriend","Potion Belt","Bag of Preparation","Tiny Chest","Bronze Scales"],"acts_visited":["Exordium"],"potions_floor_usage":[7,12,16],"damage_taken":[{"damage":7,"enemies":"Jaw Worm","floor":1,"turns":5},{"damage":11,"enemies":"Small Slimes","floor":4,"turns":3},{"damage":0,"enemies":"Cultist","floor":5,"turns":7},{"damage":19,"enemies":"3 Sentries","floor":7,"turns":8},{"damage":0,"enemies":"Looter","floor":10,"turns":4},{"damage":7,"enemies":"Gremlin Nob","floor":12,"turns":5},{"damage":33,"enemies":"Slime Boss","floor":16,"turns":7}],"seed_played":"-8109987802390181189","potions_obtained":[{"floor":1,"key":"SmokeBomb"},{"floor":4,"key":"Fire Potion"},{"floor":10,"key":"ColorlessPotion"}],"is_trial":false,"path_per_floor":["M","?","?","M","M","R","E","R","T","M","?","E","R","$","R","B"],"character_chosen":"KOISHI","items_purchased":["Koishi:RacingHeart","DuplicationPotion"],"campfire_rested":1,"item_purchase_floors":[14,14],"current_hp_per_floor":[46,46,46,37,43,43,26,26,26,30,19,16,33,33,33,0,0],"gold":157,"neow_bonus":"HUNDRED_GOLD","is_daily":false,"chose_seed":false,"campfire_upgraded":3,"win_rate":0.0,"timestamp":1612969235,"path_taken":["M","?","?","M","M","R","E","R","T","?","?","E","R","$","R","BOSS"],"items_purchased_type":["Card","Potion"],"build_version":"2020-12-22","purchased_purges":1,"victory":false,"max_hp_per_floor":[57,57,57,57,57,57,57,57,57,57,57,57,57,57,57,57,57],"card_choices":[{"not_picked":["Koishi:Possession","Koishi:UnseenTerror"],"picked":"Koishi:BloodcurdlingScream","floor":1},{"not_picked":["Koishi:HeartAttack","Koishi:DreadfulBlow"],"picked":"Koishi:Untouchable","floor":4},{"not_picked":["Koishi:UnconsciousUprising","Koishi:MassHysteria"],"picked":"Koishi:SpiritedAway","floor":5},{"not_picked":["Koishi:PhantomStrike","Koishi:SprinkleStarAndHeart"],"picked":"Koishi:PhantomBarrier","floor":7},{"not_picked":["Koishi:StrangeCloudFist","Koishi:StingingMind"],"picked":"Koishi:SubterraneanRose","floor":10},{"not_picked":["Koishi:PerfectMindControl","Koishi:DreadfulBlow","Koishi:ReflexRadar"],"picked":"SKIP","floor":12}],"player_experience":582916,"relics_obtained":[{"floor":7,"key":"Potion Belt"},{"floor":9,"key":"Bag of Preparation"},{"floor":12,"key":"Bronze Scales"}],"event_choices":[{"damage_healed":0,"gold_gain":0,"player_choice":"Ignored","damage_taken":0,"max_hp_gain":0,"max_hp_loss":0,"event_name":"Liars Game","floor":2,"gold_loss":0},{"damage_healed":0,"gold_gain":0,"player_choice":"Upgraded","damage_taken":0,"max_hp_gain":0,"max_hp_loss":0,"event_name":"Upgrade Shrine","floor":3,"gold_loss":0,"cards_upgraded":["Koishi:HauntingSlash"]},{"damage_healed":0,"gold_gain":0,"player_choice":"Success","damage_taken":11,"relics_obtained":["Tiny Chest"],"max_hp_gain":0,"max_hp_loss":0,"event_name":"Scrap Ooze","floor":11,"gold_loss":0}],"is_beta":false,"boss_relics":[],"items_purged_floors":[14],"is_endless":false,"potions_floor_spawned":[1,4,5,10],"killed_by":"Slime Boss","ascension_level":17}}