{"host":"BK","time":1612980285,"event":{"mods":["BaseMod","Highlight Path","Minty Spire (QoL Compilation)","StSLib"],"gold_per_floor":[115,129,142,142,142,142,174,188,212,228,228,260,274,274,274,348,348,362,378,378,378,402,436,436,467,539,549,566,598,97,116,116,116,116],"floor_reached":33,"language":"ENG","playtime":1669,"items_purged":[],"score":684,"play_id":"57188861-d819-42fe-b25a-663942897cc0","local_time":"20210210110445","is_ascension_mode":true,"campfire_choices":[{"data":"Combust","floor":6.0,"key":"SMITH"},{"floor":11.0,"key":"REST"},{"data":"Disarm","floor":15.0,"key":"SMITH"},{"data":"Twin Strike","floor":24.0,"key":"SMITH"},{"floor":32,"key":"REST"}],"circlet_count":0,"master_deck":["AscendersBane","Strike_R","Strike_R","Defend_R","Defend_R","Defend_R","Defend_R","Bash","Battle Trance","Combust+1","Disarm+1","Twin Strike+1","Power Through","Shrug It Off","Pommel Strike+1","Corruption","Bloodletting+1","Immolate+1","Pommel Strike+1","Sentinel","Reaper"],"relics":["Mark of Pain","Vajra","Red Skull","Nunchaku","Astrolabe","Eternal Feather","Regal Pillow","Sundial","Torii","PreservedInsect","Gambling Chip"],"acts_visited":["Exordium","TheCity"],"potions_floor_usage":[31,33],"damage_taken":[{"damage":6.0,"enemies":"2 Louse","floor":1.0,"turns":5.0},{"damage":7.0,"enemies":"Small Slimes","floor":2.0,"turns":3.0},{"damage":7.0,"enemies":"Cultist","floor":3.0,"turns":3.0},{"damage":21.0,"enemies":"3 Sentries","floor":7.0,"turns":6.0},{"damage":6.0,"enemies":"Blue Slaver","floor":8.0,"turns":2.0},{"damage":6.0,"enemies":"Exordium Thugs","floor":10.0,"turns":5.0},{"damage":6.0,"enemies":"Lagavulin","floor":12.0,"turns":4.0},{"damage":0.0,"enemies":"2 Fungi Beasts","floor":13.0,"turns":3.0},{"damage":7.0,"enemies":"Hexaghost","floor":16.0,"turns":9.0},{"damage":4.0,"enemies":"2 Thieves","floor":18.0,"turns":3.0},{"damage":2.0,"enemies":"3 Byrds","floor":19.0,"turns":2.0},{"damage":32.0,"enemies":"Slavers","floor":23.0,"turns":5.0},{"damage":30.0,"enemies":"Book of Stabbing","floor":25.0,"turns":4.0},{"damage":3.0,"enemies":"3 Cultists","floor":27.0,"turns":4.0},{"damage":18.0,"enemies":"Snake Plant","floor":28.0,"turns":3.0},{"damage":0.0,"enemies":"Gremlin Leader","floor":29.0,"turns":5.0},{"damage":9,"enemies":"Chosen and Byrds","floor":31,"turns":5},{"damage":103,"enemies":"Collector","floor":33,"turns":8}],"seed_played":"7527234664834535807","potions_obtained":[{"floor":1.0,"key":"ColorlessPotion"},{"floor":2.0,"key":"Block Potion"},{"floor":12.0,"key":"SpeedPotion"},{"floor":16.0,"key":"Fire Potion"},{"floor":23.0,"key":"Fire Potion"}],"is_trial":false,"path_per_floor":["M","M","M","?","?","R","E","M","T","M","R","E","M","?","R","B",null,"M","M","?","$","T","E","R","E","T","M","M","E","$","M","R","B"],"character_chosen":"IRONCLAD","items_purchased":["PreservedInsect","Gambling Chip"],"campfire_rested":2,"item_purchase_floors":[30,30],"current_hp_per_floor":[62,55,48,43,48,48,27,21,21,15,39,33,33,33,33,26,67,63,61,80,80,80,48,57,27,27,24,6,6,6,9,60,0,0],"gold":116,"neow_bonus":"BOSS_RELIC","is_daily":false,"chose_seed":false,"campfire_upgraded":3,"win_rate":0.0,"timestamp":1612980285,"path_taken":["M","M","M","?","?","R","E","M","T","M","R","E","M","?","R","BOSS","M","?","?","$","?","E","R","E","T","M","M","E","$","M","R","BOSS"],"items_purchased_type":["Relic","Relic"],"build_version":"2020-12-18","purchased_purges":0,"victory":false,"max_hp_per_floor":[75,75,75,75,80,80,80,80,80,80,80,80,80,80,80,80,80,80,80,80,80,80,80,80,80,80,80,80,80,80,80,80,80,80],"card_choices":[{"not_picked":["Iron Wave","Body Slam"],"picked":"Battle Trance","floor":1.0},{"not_picked":["Flame Barrier","Sever Soul"],"picked":"Combust","floor":2.0},{"not_picked":["Warcry","Rupture"],"picked":"Disarm","floor":3.0},{"not_picked":["Havoc","Intimidate"],"picked":"Twin Strike","floor":7.0},{"not_picked":["Cleave","Infernal Blade"],"picked":"Power Through","floor":8.0},{"not_picked":["Sentinel","Warcry","Rampage"],"picked":"SKIP","floor":10.0},{"not_picked":["Dark Embrace","Clash"],"picked":"Shrug It Off","floor":12.0},{"not_picked":["True Grit","Power Through"],"picked":"Pommel Strike","floor":13.0},{"not_picked":["Limit Break","Juggernaut"],"picked":"Corruption","floor":16.0},{"not_picked":["Wild Strike","Clash"],"picked":"Inflame","floor":18.0},{"not_picked":["Fire Breathing","Wild Strike+1","Heavy Blade"],"picked":"SKIP","floor":19.0},{"not_picked":["Inflame","Disarm+1","Reckless Charge"],"picked":"SKIP","floor":23.0},{"not_picked":["Heavy Blade","Iron Wave"],"picked":"Sentinel","floor":25.0},{"not_picked":["Pommel Strike+1","Clothesline","Flex"],"picked":"SKIP","floor":27.0},{"not_picked":["Headbutt","Twin Strike","Disarm"],"picked":"SKIP","floor":28.0},{"not_picked":["Evolve","Twin Strike"],"picked":"Reaper","floor":29.0},{"not_picked":["Clash+1","Whirlwind","Wild Strike"],"picked":"SKIP","floor":31}],"player_experience":2554335,"relics_obtained":[{"floor":7.0,"key":"Red Skull"},{"floor":9.0,"key":"Nunchaku"},{"floor":23.0,"key":"Eternal Feather"},{"floor":25.0,"key":"Regal Pillow"},{"floor":26.0,"key":"Sundial"},{"floor":29.0,"key":"Torii"}],"event_choices":[{"damage_healed":0.0,"max_hp_gain":0.0,"max_hp_loss":0.0,"gold_gain":0.0,"event_name":"Scrap Ooze","player_choice":"Success","floor":4.0,"gold_loss":0.0,"damage_taken":5.0,"relics_obtained":["Vajra"]},{"damage_healed":0.0,"max_hp_gain":5.0,"max_hp_loss":0.0,"gold_gain":0.0,"event_name":"Big Fish","player_choice":"Donut","floor":5.0,"gold_loss":0.0,"damage_taken":0.0},{"damage_healed":0.0,"max_hp_gain":0.0,"max_hp_loss":0.0,"gold_gain":0.0,"event_name":"Accursed Blacksmith","player_choice":"Forge","floor":14.0,"gold_loss":0.0,"damage_taken":0.0,"cards_upgraded":["Pommel Strike"]},{"cards_removed":["Inflame"],"damage_healed":19.0,"max_hp_gain":0.0,"max_hp_loss":0.0,"gold_gain":0.0,"event_name":"Bonfire Elementals","player_choice":"Offered Uncommon","floor":20.0,"gold_loss":0.0,"damage_taken":0.0}],"is_beta":true,"boss_relics":[{"not_picked":["Empty Cage","Runic Cube"],"picked":"Astrolabe"}],"items_purged_floors":[],"is_endless":false,"potions_floor_spawned":[1,2,10,12,16,23,25,28],"killed_by":"Collector","ascension_level":20}}