{"host":"ljaiy5ygc2blx6r2","time":1612966421,"event":{"mods":["BaseMod","Challenge The Spire","Colored Powertips","Conspire","Highlight Path","HornydragonMod","Koishi","Marisa（F雨　魔理沙）","Minty Spire (QoL Compilation)","Reimu（博丽灵梦）","Remilia（蕾米莉亚）","Replay The Spire","RumiaBox-露米娅的神秘盒子","SOS（斯巴达之子）","StSLib","TestMod","The Animator","The Bug Knight","The Cursed","The Disciple","The Gatherer","The Hierophant","The Necromancer","The Runesmith","The Senshi","UnlockEverythingMod","Yuri Mod","Yuyuko","[IsaacMod]以撒尖塔","【功能Mod】聪明的最终Boss","篝火指南"],"gold_per_floor":[116,116,121,137,37,37,62,62,143,197,240,256,256,281,281,410,410,398,398,469,504,531,531,542,551,551],"floor_reached":25,"language":"ZHS","playtime":1157,"items_purged":[],"score":226,"play_id":"61a3f565-0810-46df-9020-cd89d1669ac1","local_time":"20210210221341","is_ascension_mode":true,"campfire_choices":[{"data":"Runesmith:CraftIndustria","floor":6.0,"key":"SMITH"},{"data":"Runesmith:Grindstone","floor":8.0,"key":"SMITH"},{"floor":13.0,"key":"REST"},{"data":"EpicFetus","floor":15.0,"key":"SMITH"},{"floor":23,"key":"REST"}],"circlet_count":0,"master_deck":["Runesmith:CraftFirestone","Runesmith:Fortify","EpicFetus+1","Runesmith:HeatedChisel","Spreading Infection","Runesmith:CraftIndustria+1","conspire:SpireCoStock","conspire:SpireCoStock","Runesmith:Grindstone+1","Runesmith:FrozenChisel","Runesmith:HeatExchange","Runesmith:ChiselStab","Runesmith:CraftSpiculum","Runesmith:CraftPrismatica","Runesmith:PerfectChisel","Runesmith:CraftVitae","Runesmith:HeatExchange","Runesmith:Empowerment","Runesmith:GrandSlam","Runesmith:GrandSlam","Runesmith:Augment","Runesmith:CraftSpiculum","Runesmith:FrozenChisel","Runesmith:UnstableHammer","Pride","Runesmith:EarthShield","Runesmith:CraftIndustria","Runesmith:GoWithTheFlow","Runesmith:UnstableHammer"],"relics":["Runesmith:BrokenRuby","testmod-TestBox","HushsDoor","testmod-HeartOfStrike","YumHeart","NeowsBlessing","Baka","ReplayTheSpireMod:Ring of Collecting","Happy Flower","Ring of Peace","Eternal Feather","InkBottle","Pandora\u0027s Box","GreatHeart"],"acts_visited":["Exordium","TheCity"],"potions_floor_usage":[22,22,22,25],"damage_taken":[{"damage":0.0,"enemies":"Small Slimes","floor":1.0,"turns":1.0},{"damage":0.0,"enemies":"Cultist","floor":3.0,"turns":1.0},{"damage":1.0,"enemies":"2 Louse","floor":4.0,"turns":2.0},{"damage":10.0,"enemies":"Gremlin Nob","floor":7.0,"turns":3.0},{"damage":0.0,"enemies":"Gremlin Gang","floor":10.0,"turns":4.0},{"damage":29.0,"enemies":"3 Sentries","floor":11.0,"turns":4.0},{"damage":0.0,"enemies":"2 Fungi Beasts","floor":12.0,"turns":4.0},{"damage":0.0,"enemies":"Looter","floor":14.0,"turns":3.0},{"damage":17.0,"enemies":"Fading Forest","floor":16.0,"turns":11.0},{"damage":14.0,"enemies":"2 Thieves","floor":18.0,"turns":4.0},{"damage":7,"enemies":"Shell Parasite","floor":21,"turns":6},{"damage":31,"enemies":"3 Cultists","floor":22,"turns":6},{"damage":33,"enemies":"Snecko","floor":24,"turns":4},{"damage":43,"enemies":"conspire:SneckoGhost","floor":25,"turns":7}],"seed_played":"-6022745919115988840","potions_obtained":[{"floor":3.0,"key":"Swift Potion"},{"floor":4.0,"key":"Venom Potion"},{"floor":7.0,"key":"PowerPotion"},{"floor":10.0,"key":"Block Potion"},{"floor":14.0,"key":"Weak Potion"},{"floor":20,"key":"Fire Potion"},{"floor":22,"key":"SmokeBomb"},{"floor":24,"key":"LiquidMemories"}],"is_trial":false,"path_per_floor":["M","?","M","M","?","R","E","R","T","M","E","M","R","M","R","B",null,"M","?","?","M","M","R","M","E"],"character_chosen":"RUNESMITH_CLASS","items_purchased":[],"campfire_rested":2,"item_purchase_floors":[],"current_hp_per_floor":[70,70,70,69,69,69,60,60,60,60,31,31,64,64,70,53,70,56,56,39,57,26,62,38,0,0],"gold":551,"neow_bonus":"THREE_ENEMY_KILL","is_daily":false,"chose_seed":false,"campfire_upgraded":3,"win_rate":0.0,"timestamp":1612966421,"path_taken":["M","?","M","?","?","R","E","R","T","M","E","M","R","?","R","BOSS","M","?","?","?","M","R","M","E"],"items_purchased_type":[],"build_version":"2020-12-22","purchased_purges":0,"victory":false,"max_hp_per_floor":[70,70,70,70,70,70,70,70,70,70,70,70,70,70,70,70,70,70,70,70,70,70,70,70,70,70],"card_choices":[{"not_picked":[],"picked":"EpicFetus","floor":0.0},{"not_picked":["Runesmith:Repurpose","Runesmith:CraftSpiculum"],"picked":"Runesmith:HeatedChisel","floor":1.0},{"not_picked":["Runesmith:HeatedChisel","Runesmith:BackupBattery"],"picked":"Runesmith:CraftIndustria","floor":3.0},{"not_picked":["Runesmith:HeatedChisel","Runesmith:BackupBattery"],"picked":"Bomb","floor":4.0},{"not_picked":["Runesmith:Supernova","Runesmith:DoubleUp"],"picked":"Runesmith:Grindstone","floor":7.0},{"not_picked":["Runesmith:ShiftingStrike","Bomb"],"picked":"Runesmith:FrozenChisel","floor":10.0},{"not_picked":["Runesmith:OneForEveryone","Runesmith:CraftSpiculum"],"picked":"Runesmith:HeatExchange","floor":11.0},{"not_picked":["Runesmith:Repurpose","Runesmith:Overpower"],"picked":"Runesmith:ChiselStab","floor":12.0},{"not_picked":["Runesmith:GenerateForcefield","Runesmith:Discharge"],"picked":"Runesmith:CraftSpiculum","floor":14.0},{"not_picked":["Runesmith:CraftIndustria","Runesmith:CreatorForm"],"picked":"Runesmith:CraftPrismatica","floor":16.0},{"not_picked":["Runesmith:Grindstone","Runesmith:MakeshiftArmor"],"picked":"Runesmith:UnstableHammer","floor":18.0},{"not_picked":["Runesmith:CraftObretio","Runesmith:EnergizedChisel"],"picked":"Runesmith:EarthShield","floor":20},{"not_picked":["Runesmith:LithiumIon","Runesmith:UnstableHammer"],"picked":"Runesmith:CraftIndustria","floor":21},{"not_picked":["Runesmith:ChiselStab+1","Runesmith:StaticCage"],"picked":"Runesmith:GoWithTheFlow","floor":22},{"not_picked":["Runesmith:StaticCage","Runesmith:Malloc"],"picked":"Runesmith:UnstableHammer","floor":24}],"player_experience":204982,"relics_obtained":[{"floor":1.0,"key":"Baka"},{"floor":2.0,"key":"ReplayTheSpireMod:Ring of Collecting"},{"floor":7.0,"key":"Happy Flower"},{"floor":9.0,"key":"Ring of Peace"},{"floor":9.0,"key":"Eternal Feather"},{"floor":11.0,"key":"InkBottle"}],"event_choices":[{"damage_healed":0.0,"max_hp_gain":0.0,"max_hp_loss":0.0,"gold_gain":0.0,"event_name":"conspire:Investor","player_choice":"Invest 2","floor":5.0,"gold_loss":0.0,"damage_taken":0.0}],"is_beta":false,"boss_relics":[{"not_picked":["Astrolabe","testmod-BatchProcessingSystem"],"picked":"Pandora\u0027s Box"},{"not_picked":[]}],"items_purged_floors":[],"is_endless":false,"potions_floor_spawned":[3,4,7,10,14,22,24],"killed_by":"conspire:SneckoGhost","ascension_level":1}}