{"host":"Lucas","time":1612978984,"event":{"mods":["BaseMod","Downfall","Minty Spire (QoL Compilation)","READ ME - Guardian Mod","StSLib","The Cursed","The Disciple","The Necromancer","The Servant 0.9.4"],"gold_per_floor":[99,111,49,68,85,113,136,121,121,121,121,138,138,156,176,276,276,176,195,212,223,240,240,318,338,351,76,103,103,116,136,153,153,153],"floor_reached":33,"language":"ENG","playtime":2757,"items_purged":[],"score":314,"play_id":"4e624ed7-632d-4536-9b3a-b96654ca4032","local_time":"20210210174304","is_ascension_mode":true,"campfire_choices":[{"data":"TheCursedMod:CursedWand","floor":1,"key":"SMITH"},{"floor":9,"key":"REST"},{"floor":13,"key":"REST"},{"data":"TheCursedMod:VoidForm","floor":18,"key":"SMITH"},{"floor":29,"key":"REST"}],"circlet_count":0,"master_deck":["TheCursedMod:Strike_TheCursed","TheCursedMod:Strike_TheCursed","TheCursedMod:Strike_TheCursed","TheCursedMod:Defend_TheCursed","TheCursedMod:Defend_TheCursed","TheCursedMod:Defend_TheCursed","TheCursedMod:CursedWand+1","TheCursedMod:CleanUpWorkshop","TheCursedMod:Dregs","TheCursedMod:CircleOfBlood","TheCursedMod:Hemoplague","TheCursedMod:VitalStrike","TheCursedMod:CursedShiv","TheCursedMod:CursedBlade","TheCursedMod:TroublousMinions","TheCursedMod:CircleOfFlame","TheCursedMod:UltimatePain","TheCursedMod:Stigma","TheCursedMod:WearCloak","TheCursedMod:SpitefulStrike","TheCursedMod:VoidForm+1","Doubt","Thinking Ahead+1","TheCursedMod:FleshFromBone+1","TheCursedMod:Stretching","TheCursedMod:Obscuration+1","TheCursedMod:ManaBullet+1","TheCursedMod:StingEye","TheCursedMod:Hemoplague","TheCursedMod:SaltUponWound","TheCursedMod:CircleOfBlood","TheCursedMod:Hemoplague","TheCursedMod:SpreadPlague","TheCursedMod:CircleOfFlame","TheCursedMod:CircleOfCorruption"],"relics":["TheCursedMod:BlackMagic101","Blood Vial","Astrolabe","downfall:HeartBlessingBlue","Shuriken","Mummified Hand","StrikeDummy"],"acts_visited":["Exordium","TheCity"],"potions_floor_usage":[14,16,16,28,30,32],"damage_taken":[{"damage":4,"enemies":"Cultist","floor":2,"turns":4},{"damage":0,"enemies":"downfall:FleeingMerchant","floor":3,"turns":4},{"damage":8,"enemies":"Jaw Worm","floor":4,"turns":4},{"damage":0,"enemies":"2 Louse","floor":5,"turns":3},{"damage":35,"enemies":"3 Sentries","floor":6,"turns":6},{"damage":15,"enemies":"downfall:FleeingMerchant","floor":8,"turns":4},{"damage":11,"enemies":"Exordium Thugs","floor":12,"turns":5},{"damage":0,"enemies":"2 Fungi Beasts","floor":14,"turns":1},{"damage":3,"enemies":"Lots of Slimes","floor":15,"turns":3},{"damage":54,"enemies":"IC_STATUS_ARCHETYPE","floor":16,"turns":10},{"damage":22,"enemies":"Shell Parasite","floor":19,"turns":5},{"damage":24,"enemies":"Spheric Guardian","floor":20,"turns":6},{"damage":4,"enemies":"Centurion and Healer","floor":21,"turns":6},{"damage":10,"enemies":"Chosen and Byrds","floor":22,"turns":6},{"damage":16,"enemies":"Snake Plant","floor":25,"turns":5},{"damage":19,"enemies":"Shelled Parasite and Fungi","floor":26,"turns":5},{"damage":3,"enemies":"downfall:FleeingMerchant","floor":27,"turns":4},{"damage":35,"enemies":"Book of Stabbing","floor":28,"turns":5},{"damage":5,"enemies":"Centurion and Healer","floor":30,"turns":5},{"damage":20,"enemies":"Cultist and Chosen","floor":31,"turns":5},{"damage":24,"enemies":"3 Cultists","floor":32,"turns":5},{"damage":54,"enemies":"DF_ARCHETYPE_CLAW","floor":33,"turns":5}],"seed_played":"7978427887753050788","potions_obtained":[{"floor":0,"key":"TheCursedMod:DregsPotion"},{"floor":0,"key":"FairyPotion"},{"floor":0,"key":"Guardian:BlockOnCardUsePotion"},{"floor":12,"key":"Explosive Potion"},{"floor":14,"key":"PowerPotion"},{"floor":16,"key":"bronze:BurnAndBuffPotion"},{"floor":21,"key":"FairyPotion"},{"floor":28,"key":"AttackPotion"},{"floor":31,"key":"Fire Potion"}],"is_trial":false,"path_per_floor":["R","M","$","M","M","E","T","$","R","?","?","M","R","M","M","B",null,"R","M","M","M","M","?","T","M","M","$","E","R","M","M","M","B"],"character_chosen":"THE_CURSED","items_purchased":["TheCursedMod:VitalStrike","Mummified Hand"],"campfire_rested":3,"item_purchase_floors":[3,27],"current_hp_per_floor":[75,71,73,67,71,40,40,33,55,55,55,52,74,75,72,22,75,85,65,45,47,41,41,41,29,14,13,12,37,42,24,10,0,0],"gold":153,"neow_bonus":"THREE_SMALL_POTIONS","is_daily":false,"chose_seed":false,"campfire_upgraded":2,"win_rate":0.0,"timestamp":1612978984,"path_taken":["R","M","$","M","M","E","T","?","R","?","?","M","R","?","M","BOSS","R","M","M","M","M","?","T","M","?","$","E","R","M","M","M","BOSS"],"items_purchased_type":["Card","Relic"],"build_version":"2020-12-18","purchased_purges":0,"victory":false,"max_hp_per_floor":[75,75,75,75,75,75,75,75,75,75,75,75,75,75,75,75,75,85,85,85,85,85,85,85,85,85,85,85,85,85,85,85,85,85],"card_choices":[{"not_picked":["TheCursedMod:CursedMace","TheCursedMod:CircleOfCorruption"],"picked":"TheCursedMod:CircleOfBlood","floor":2},{"not_picked":["TheCursedMod:SoulCrush","TheCursedMod:TacticalStrike"],"picked":"TheCursedMod:Hemoplague","floor":3},{"not_picked":["TheCursedMod:DarkBarrier","TheCursedMod:SpitefulStrike"],"picked":"TheCursedMod:CursedShiv","floor":4},{"not_picked":["TheCursedMod:ManaBullet","TheCursedMod:LuckyCharm"],"picked":"TheCursedMod:CursedBlade","floor":5},{"not_picked":["TheCursedMod:FleshFromBone","TheCursedMod:CursedMace"],"picked":"TheCursedMod:TroublousMinions","floor":6},{"not_picked":["TheCursedMod:BloodBarrier","TheCursedMod:Grudge"],"picked":"TheCursedMod:CircleOfFlame","floor":8},{"not_picked":["TheCursedMod:CircleOfFlame","TheCursedMod:SmokeScreen"],"picked":"TheCursedMod:Stigma","floor":12},{"not_picked":["TheCursedMod:ForbiddenAlchemy","TheCursedMod:SmokeScreen"],"picked":"TheCursedMod:WearCloak","floor":14},{"not_picked":["TheCursedMod:CursedShiv","TheCursedMod:Evocation"],"picked":"TheCursedMod:SpitefulStrike","floor":15},{"not_picked":["TheCursedMod:CursedRelics","TheCursedMod:StunningStrike"],"picked":"TheCursedMod:VoidForm","floor":16},{"not_picked":["TheCursedMod:RavingStaff+1","TheCursedMod:ReleasedKnowledge+1"],"picked":"TheCursedMod:Stretching","floor":19},{"not_picked":["TheCursedMod:CursedAmulet","TheCursedMod:Stretching"],"picked":"TheCursedMod:Obscuration+1","floor":20},{"not_picked":["TheCursedMod:CircleOfFlame","TheCursedMod:VitalStrike"],"picked":"TheCursedMod:ManaBullet+1","floor":21},{"not_picked":["TheCursedMod:FuryStrike","TheCursedMod:WearCloak"],"picked":"TheCursedMod:StingEye","floor":22},{"not_picked":["TheCursedMod:DemonicPact","TheCursedMod:Wield"],"picked":"TheCursedMod:Hemoplague","floor":25},{"not_picked":["TheCursedMod:CursedAmulet","TheCursedMod:CursedShiv+1"],"picked":"TheCursedMod:SaltUponWound","floor":26},{"not_picked":["TheCursedMod:CursedMace","TheCursedMod:Stigma"],"picked":"TheCursedMod:CircleOfBlood","floor":27},{"not_picked":["TheCursedMod:AshesToAshes+1","TheCursedMod:DemonicPact"],"picked":"TheCursedMod:Hemoplague","floor":28},{"not_picked":["TheCursedMod:BloodBarrier+1","TheCursedMod:TacticalStrike"],"picked":"TheCursedMod:SpreadPlague","floor":30},{"not_picked":["TheCursedMod:Stretching","TheCursedMod:Wield+1"],"picked":"TheCursedMod:CircleOfFlame","floor":31},{"not_picked":["TheCursedMod:TacticalStrike","TheCursedMod:CursedMace"],"picked":"TheCursedMod:CircleOfCorruption","floor":32}],"player_experience":1308873,"relics_obtained":[{"floor":6,"key":"Blood Vial"},{"floor":24,"key":"Shuriken"},{"floor":28,"key":"StrikeDummy"}],"event_choices":[],"is_beta":true,"boss_relics":[{"not_picked":["Runic Dome","Busted Crown"],"picked":"Astrolabe"}],"items_purged_floors":[],"is_endless":false,"potions_floor_spawned":[4,5,12,14,16,21,22,28,31],"killed_by":"DF_ARCHETYPE_CLAW","ascension_level":1}}