{"host":"ox77rn1xcurm2t5a","time":1612954659,"event":{"mods":["2.2 Compatiblity","AchievementEnabler","Act Like it!","Aspiration","BaseMod","Best Route Mod","Better Match","Better Note","Better Sensory Stone","Block Reminder","Colored Map","Colored Powertips","Conjunction","Conspire","Custom Start","Energized Spire","GifTheSpireLib","Gold Saver","Gremlin Skip","Halation","Highlight Path","Hubris","Infinite Spire","Minty Spire (QoL Compilation)","Pale of the Ancients","Quick Restart","Replay The Spire","Reworked Bosses","ShortenTheSpire","Spire Exporter","StSLib","Stuff the Spire","Wandering Minibosses"],"gold_per_floor":[118,118,118,118,43,78,78,110,110,110,135,147,147,147],"floor_reached":13,"language":"ENG","playtime":200,"items_purged":["Injury"],"score":298,"play_id":"95bf9b14-8ccf-4953-889e-1dcfb5116d49","local_time":"20210210125739","is_ascension_mode":true,"campfire_choices":[{"floor":7,"key":"RECALL"},{"data":"Zap","floor":10,"key":"SMITH"}],"circlet_count":0,"master_deck":["AscendersBane","Strike_B","Strike_B+1","Strike_B","Strike_B+1","Defend_B","Defend_B","Defend_B","Defend_B","Zap+1","Dualcast","Barrage","Coolheaded+1","Gash","Stack+1"],"relics":["Cracked Core","NeowsBlessing","Toxic Egg 2","Juzu Bracelet","Regal Pillow","Kunai"],"acts_visited":["Exordium"],"potions_floor_usage":[11],"damage_taken":[{"damage":0,"enemies":"2 Louse","floor":1,"turns":1},{"damage":0,"enemies":"Gremlin Nob","floor":6,"turns":1},{"damage":0,"enemies":"3 Sentries","floor":8,"turns":1},{"damage":19,"enemies":"Lagavulin","floor":11,"turns":7},{"damage":0,"enemies":"Jaw Worm","floor":12,"turns":3},{"damage":28,"enemies":"Gremlin Nob","floor":13,"turns":3}],"seed_played":"-1339203700459888623","potions_obtained":[{"floor":1,"key":"Dexterity Potion"}],"is_trial":false,"path_per_floor":["M","?","?","?","$","E","R","E","T","R","E","M","E"],"character_chosen":"DEFECT","items_purchased":[],"campfire_rested":0,"item_purchase_floors":[],"current_hp_per_floor":[64,64,64,43,43,43,43,43,43,43,24,24,0,0],"gold":147,"neow_bonus":"THREE_ENEMY_KILL","is_daily":false,"chose_seed":false,"campfire_upgraded":1,"win_rate":0.0,"timestamp":1612954659,"path_taken":["M","?","?","?","?","E","R","E","T","R","E","M","E"],"items_purchased_type":[],"build_version":"2020-12-22","purchased_purges":1,"victory":false,"max_hp_per_floor":[71,71,71,71,71,71,71,71,71,71,71,71,71,71],"card_choices":[{"not_picked":["Conserve Battery","conspire:SharedLibrary"],"picked":"Barrage","floor":1},{"not_picked":["Scrape","Gash"],"picked":"Coolheaded+1","floor":6},{"not_picked":["Meteor Strike","StuffTheSpire:Rend+1","Rebound"],"picked":"SKIP","floor":8},{"not_picked":["Panic Button+1","Hologram+1"],"picked":"Gash","floor":11},{"not_picked":["Hologram+1","conspire:Rain+1"],"picked":"Stack+1","floor":12}],"player_experience":3072668,"relics_obtained":[{"floor":6,"key":"Juzu Bracelet"},{"floor":8,"key":"Regal Pillow"},{"floor":11,"key":"Kunai"}],"event_choices":[{"damage_healed":0,"gold_gain":0,"player_choice":"Entered Light","damage_taken":21,"max_hp_gain":0,"max_hp_loss":0,"event_name":"Shining Light","floor":4,"gold_loss":0,"cards_upgraded":["Strike_B","Strike_B"]}],"is_beta":false,"boss_relics":[],"items_purged_floors":[5],"is_endless":false,"potions_floor_spawned":[1],"killed_by":"Gremlin Nob","ascension_level":20}}