{"host":"f5gffvlv6a66yqkd","time":1612931233,"event":{"mods":["2.2 Compatiblity","BaseMod","Colored Map","Custom Start","DeckTracker","Keyboard Shortcuts","Minty Spire (QoL Compilation)","Permanent Neow","Quick Restart","Relic Stats","StSLib","SuperFastMode"],"gold_per_floor":[18,18,38,38,55,55,55,55,55,65,65,65,36,65,65,65,65],"floor_reached":16,"language":"KOR","playtime":421,"items_purged":[],"score":196,"play_id":"394781ef-abc6-4a1f-ae15-33864071482f","local_time":"20210210132713","is_ascension_mode":true,"campfire_choices":[{"data":"Zap","floor":6,"key":"SMITH"},{"data":"Barrage","floor":8,"key":"SMITH"},{"data":"Seek","floor":12,"key":"SMITH"},{"data":"Dualcast","floor":15,"key":"SMITH"}],"circlet_count":0,"master_deck":["AscendersBane","Strike_B","Defend_B","Defend_B","Defend_B","Defend_B","Zap+1","Dualcast+1","White Noise","Cold Snap","Barrage+1","Seek+1","Darkness+1","Coolheaded+1","Hologram+1"],"relics":["Cracked Core","Calipers","Toxic Egg 2","HornCleat"],"acts_visited":["Exordium"],"potions_floor_usage":[16],"damage_taken":[{"damage":0,"enemies":"2 Louse","floor":1,"turns":2},{"damage":7,"enemies":"Cultist","floor":3,"turns":4},{"damage":9,"enemies":"Jaw Worm","floor":5,"turns":4},{"damage":0,"enemies":"Red Slaver","floor":10,"turns":4},{"damage":20,"enemies":"3 Sentries","floor":14,"turns":8},{"damage":21,"enemies":"Slime Boss","floor":16,"turns":5}],"seed_played":"4858994982479880027","potions_obtained":[{"floor":3,"key":"FocusPotion"},{"floor":5,"key":"SneckoOil"}],"is_trial":false,"path_per_floor":["M","?","M","$","M","R","?","R","T","M","?","R","$","E","R","B"],"character_chosen":"DEFECT","items_purchased":["Coolheaded+1"],"campfire_rested":0,"item_purchase_floors":[13],"current_hp_per_floor":[64,64,57,57,48,48,48,48,48,48,41,41,41,21,21,0,0],"gold":65,"neow_bonus":"ONE_RARE_RELIC","is_daily":false,"chose_seed":false,"campfire_upgraded":4,"win_rate":0.0,"timestamp":1612931233,"path_taken":["M","?","?","$","M","R","?","R","T","?","?","R","?","E","R","BOSS"],"items_purchased_type":["Card"],"build_version":"2020-12-22","purchased_purges":0,"victory":false,"max_hp_per_floor":[71,71,71,71,71,71,71,71,71,71,71,71,71,71,71,71,71],"relic_stats":{"counters":[6,27],"obtain_stats":[{"Calipers":0,"HornCleat":14,"Toxic Egg 2":9,"Cracked Core":0},{"Calipers":0,"HornCleat":5,"Toxic Egg 2":3,"Cracked Core":0},{"Calipers":0,"HornCleat":22,"Toxic Egg 2":10,"Cracked Core":0}]},"card_choices":[{"not_picked":["Rebound","Coolheaded"],"picked":"White Noise","floor":1},{"not_picked":["BootSequence","Coolheaded"],"picked":"Cold Snap","floor":3},{"not_picked":["Go for the Eyes","Loop"],"picked":"Barrage","floor":5},{"not_picked":["Conserve Battery+1","Stack+1"],"picked":"Darkness+1","floor":10},{"not_picked":["Fusion+1","BootSequence+1"],"picked":"Hologram+1","floor":14}],"player_experience":1718566,"relics_obtained":[{"floor":9,"key":"Toxic Egg 2"},{"floor":14,"key":"HornCleat"}],"event_choices":[{"cards_removed":["Strike_B"],"damage_healed":0,"gold_gain":0,"player_choice":"Offered Basic","damage_taken":0,"max_hp_gain":0,"max_hp_loss":0,"event_name":"Bonfire Elementals","floor":2,"gold_loss":0},{"damage_healed":0,"gold_gain":0,"cards_transformed":["Strike_B"],"player_choice":"Transformed","damage_taken":0,"max_hp_gain":0,"max_hp_loss":0,"event_name":"Transmorgrifier","floor":7,"gold_loss":0,"cards_obtained":["Seek"]},{"cards_removed":["Strike_B"],"damage_healed":0,"gold_gain":0,"player_choice":"Card Removal","damage_taken":7,"max_hp_gain":0,"max_hp_loss":0,"event_name":"Golden Wing","floor":11,"gold_loss":0}],"is_beta":false,"boss_relics":[],"items_purged_floors":[],"is_endless":false,"potions_floor_spawned":[3,5],"killed_by":"Slime Boss","ascension_level":20}}