{"host":"t9vqxmgmtrdkt9v9","time":1612951761,"event":{"mods":["AchievementEnabler","BaseMod","Colored Map","Minty Spire (QoL Compilation)","Permanent Neow","Relic Stats","StSLib"],"gold_per_floor":[110,110,128,178,49,49,74,94,94,94,106,141,8,39,39,112,112,122,122,133,143,143,143],"floor_reached":22,"language":"ENG","playtime":1065,"items_purged":["Defend_B"],"score":516,"play_id":"bba861df-4cc8-4751-8978-f9fec83cc66c","local_time":"20210210200921","is_ascension_mode":true,"campfire_choices":[{"data":"Zap","floor":6.0,"key":"SMITH"},{"data":"1","floor":10.0,"key":"LIFT"},{"floor":15,"key":"REST"}],"circlet_count":0,"master_deck":["AscendersBane","Strike_B","Strike_B","Strike_B","Defend_B","Defend_B","Defend_B","Zap+1","Dualcast","Undo","Compile Driver","Cold Snap","Chill","Hologram","Chaos","Conserve Battery","Biased Cognition","Coolheaded","Darkness","Buffer","Ball Lightning","Core Surge","Compile Driver+1","Turbo","Auto Shields"],"relics":["Cracked Core","NeowsBlessing","Girya","The Courier","Anchor","Orrery","Pen Nib","Inserter"],"acts_visited":["Exordium","TheCity"],"potions_floor_usage":[14,16,20],"damage_taken":[{"damage":0.0,"enemies":"Jaw Worm","floor":1.0,"turns":1.0},{"damage":0.0,"enemies":"Cultist","floor":3.0,"turns":1.0},{"damage":0.0,"enemies":"3 Sentries","floor":7.0,"turns":2.0},{"damage":0.0,"enemies":"2 Louse","floor":8.0,"turns":3.0},{"damage":6.0,"enemies":"Exordium Thugs","floor":11.0,"turns":4.0},{"damage":18.0,"enemies":"Lagavulin","floor":12.0,"turns":6.0},{"damage":13,"enemies":"Gremlin Nob","floor":14,"turns":4},{"damage":0,"enemies":"Slime Boss","floor":16,"turns":11},{"damage":16,"enemies":"3 Byrds","floor":18,"turns":4},{"damage":0,"enemies":"Chosen","floor":20,"turns":3},{"damage":14,"enemies":"Shelled Parasite and Fungi","floor":21,"turns":6},{"damage":27,"enemies":"Masked Bandits","floor":22,"turns":3}],"seed_played":"-8053510010305647258","potions_obtained":[{"floor":1.0,"key":"FocusPotion"},{"floor":7.0,"key":"SpeedPotion"},{"floor":11.0,"key":"DuplicationPotion"},{"floor":18,"key":"AttackPotion"}],"is_trial":false,"path_per_floor":["M","?","M","?","$","R","E","M","T","R","M","E","$","E","R","B",null,"M","?","M","M","?"],"character_chosen":"DEFECT","items_purchased":["Cold Snap","Orrery"],"campfire_rested":1,"item_purchase_floors":[5,13],"current_hp_per_floor":[64,64,64,64,64,64,64,64,64,64,58,40,40,27,48,48,65,49,29,29,15,0,0],"gold":143,"neow_bonus":"THREE_ENEMY_KILL","is_daily":false,"chose_seed":false,"campfire_upgraded":1,"win_rate":0.0,"timestamp":1612951761,"path_taken":["M","?","?","?","?","R","E","M","T","R","?","E","$","E","R","BOSS","M","?","M","M","?"],"items_purchased_type":["Card","Relic"],"build_version":"2020-12-22","purchased_purges":1,"victory":false,"max_hp_per_floor":[71,71,71,71,71,71,71,71,71,71,71,71,71,71,71,71,71,71,76,76,76,76,76],"relic_stats":{"Inserter":[8],"counters":[12,48],"Pen Nib":[3],"obtain_stats":[{"Girya":7,"Anchor":12,"Inserter":17,"NeowsBlessing":0,"Orrery":13,"The Courier":9,"Pen Nib":14,"Cracked Core":0},{"Girya":3,"Anchor":6,"Inserter":8,"NeowsBlessing":0,"Orrery":6,"The Courier":4,"Pen Nib":7,"Cracked Core":0},{"Girya":4,"Anchor":17,"Inserter":32,"NeowsBlessing":0,"Orrery":17,"The Courier":7,"Pen Nib":21,"Cracked Core":0}]},"card_choices":[{"not_picked":["Recycle","Redo"],"picked":"Undo","floor":1.0},{"not_picked":["Storm","Go for the Eyes"],"picked":"Compile Driver","floor":3.0},{"not_picked":["Stack","Hologram"],"picked":"Chill","floor":7.0},{"not_picked":["Tempest","Go for the Eyes"],"picked":"Hologram","floor":8.0},{"not_picked":["Cold Snap","Rip and Tear"],"picked":"Chaos","floor":11.0},{"not_picked":["Hello World","Streamline"],"picked":"Conserve Battery","floor":12.0},{"not_picked":["Barrage","Turbo"],"picked":"Biased Cognition","floor":13.0},{"not_picked":["Sunder","Streamline"],"picked":"Coolheaded","floor":13.0},{"not_picked":["Storm","Redo"],"picked":"Darkness","floor":13.0},{"not_picked":["BootSequence","Consume"],"picked":"Buffer","floor":13.0},{"not_picked":["Creative AI","Darkness"],"picked":"Ball Lightning","floor":14},{"not_picked":["Meteor Strike","Machine Learning"],"picked":"Core Surge","floor":16},{"not_picked":["Go for the Eyes","Conserve Battery"],"picked":"Compile Driver+1","floor":18},{"not_picked":["Ball Lightning","Steam"],"picked":"Turbo","floor":20},{"not_picked":["Steam","Conserve Battery"],"picked":"Auto Shields","floor":21}],"player_experience":402331,"relics_obtained":[{"floor":7.0,"key":"Girya"},{"floor":9.0,"key":"The Courier"},{"floor":12.0,"key":"Anchor"},{"floor":14,"key":"Pen Nib"}],"event_choices":[{"cards_removed":["Strike_B"],"damage_healed":0.0,"max_hp_gain":0.0,"max_hp_loss":0.0,"gold_gain":0.0,"event_name":"Purifier","player_choice":"Purged","floor":2.0,"gold_loss":0.0,"damage_taken":0.0},{"damage_healed":0.0,"max_hp_gain":0.0,"max_hp_loss":0.0,"gold_gain":50.0,"event_name":"Golden Shrine","player_choice":"Pray","floor":4.0,"gold_loss":0.0,"damage_taken":0.0},{"damage_healed":0,"gold_gain":0,"player_choice":"Shed Blood","damage_taken":25,"max_hp_gain":5,"max_hp_loss":0,"event_name":"Forgotten Altar","floor":19,"gold_loss":0},{"damage_healed":0,"gold_gain":0,"player_choice":"Fought Bandits","damage_taken":0,"max_hp_gain":0,"max_hp_loss":0,"event_name":"Masked Bandits","floor":22,"gold_loss":0}],"is_beta":false,"boss_relics":[{"not_picked":["Astrolabe","Fusion Hammer"],"picked":"Inserter"}],"items_purged_floors":[5],"is_endless":false,"potions_floor_spawned":[1,7,11,18],"killed_by":"Masked Bandits","ascension_level":17}}