{"host":"3498uni0c31c9bdm","time":1612920028,"event":{"mods":["BaseMod","Better Match","Better Note","Better Sensory Stone","Better Skull","Better Third Choice","Colored Map","Minty Spire (QoL Compilation)","Quick Restart","RNG Fix","Random Character Button","Replay The Spire","Shop Mod","Smile Girya","StSLib","Unceasing Turn Reminder"],"gold_per_floor":[119,119,130,130,15,47,47,63,63,63,238,238,238,238,273,472,472,549,549,562,579,29,29,29,41,41,41,41,41],"floor_reached":28,"language":"ENG","playtime":1057,"items_purged":["Pain"],"score":366,"play_id":"bdac0b2d-b016-4dda-a41e-069f01586da4","local_time":"20210210122028","is_ascension_mode":true,"campfire_choices":[{"floor":7,"key":"RECALL"},{"floor":10,"key":"REST"},{"floor":14,"key":"REST"},{"data":"Go for the Eyes","floor":17,"key":"SMITH"},{"floor":27,"key":"REST"}],"circlet_count":0,"master_deck":["AscendersBane","Strike_B","Strike_B","Strike_B","Strike_B","Defend_B+1","Defend_B","Defend_B","Defend_B+1","Zap","Dualcast","Storm","Streamline","Defragment","ReplayRNGCard+1","Leap+1","Go for the Eyes+1","ReplayTheSpireMod:Splinters","Panic Button","Biased Cognition","Rip and Tear","Stack","Steam"],"relics":["Cracked Core","WarpedTongs","Emotion Chip","Replay:Bottled Eggs","War Paint","Ring of Chaos","Dead Branch","Replay:Accelerometer"],"acts_visited":["Exordium","TheCity"],"potions_floor_usage":[18,25,28,28],"damage_taken":[{"damage":2,"enemies":"Jaw Worm","floor":1,"turns":3},{"damage":0,"enemies":"Cultist","floor":3,"turns":3},{"damage":29,"enemies":"3 Sentries","floor":6,"turns":6},{"damage":10,"enemies":"Small Slimes","floor":8,"turns":4},{"damage":7,"enemies":"Replay:BlueRogue","floor":15,"turns":7},{"damage":22,"enemies":"Slime Boss","floor":18,"turns":9},{"damage":31,"enemies":"Chosen","floor":20,"turns":5},{"damage":18,"enemies":"3 Byrds","floor":21,"turns":4},{"damage":3,"enemies":"Centurion and Healer","floor":25,"turns":5},{"damage":48,"enemies":"Gremlin Leader","floor":28,"turns":5}],"seed_played":"1760670995649111274","potions_obtained":[{"floor":3,"key":"Regen Potion"},{"floor":6,"key":"Doom Potion"},{"floor":20,"key":"Adrenaline Potion"},{"floor":25,"key":"Block Potion"}],"is_trial":false,"path_per_floor":["M","$","M","?","$","E","R","M","T","R","?","PTL","PTL","R","E","?","R","B",null,"M","M","$","PTL","PTL","M","?","R","E"],"character_chosen":"DEFECT","items_purchased":["Defragment","Dead Branch","Replay:Accelerometer"],"campfire_rested":3,"item_purchase_floors":[5,22,22],"current_hp_per_floor":[66,66,66,66,66,37,37,27,27,49,49,49,49,71,64,64,64,57,71,40,22,22,22,22,19,19,41,0,0],"gold":41,"neow_bonus":"RANDOM_EVENT","is_daily":false,"chose_seed":false,"campfire_upgraded":1,"win_rate":0.0,"timestamp":1612920028,"path_taken":["M","$","?","?","$","E","R","?","T","R","?","PTL","PTL","R","E","?","R","BOSS","M","?","$","PTL","PTL","M","?","R","E"],"items_purchased_type":["Card","Relic","Relic"],"build_version":"2020-12-22","purchased_purges":1,"victory":false,"max_hp_per_floor":[75,75,75,75,75,75,75,75,75,75,75,75,75,75,75,75,75,75,75,75,75,75,75,75,75,75,75,75,75],"card_choices":[{"not_picked":["Leap","Fusion"],"picked":"Storm","floor":1},{"not_picked":["Conserve Battery","Turbo"],"picked":"Streamline","floor":3},{"not_picked":["Gash","Sweeping Beam"],"picked":"ReplayRNGCard","floor":6},{"not_picked":["Hologram","Cold Snap"],"picked":"Leap","floor":8},{"not_picked":["Sweeping Beam","Auto Shields"],"picked":"Go for the Eyes","floor":15},{"not_picked":["Scrape","Steam"],"picked":"Panic Button","floor":16},{"not_picked":["Hyperbeam","Reboot"],"picked":"Biased Cognition","floor":18},{"not_picked":["BootSequence","Go for the Eyes"],"picked":"Rip and Tear","floor":20},{"not_picked":["Blizzard","Conserve Battery"],"picked":"Stack","floor":21},{"not_picked":["Recycle","Rebound"],"picked":"Steam","floor":25}],"player_experience":881503,"relics_obtained":[{"floor":6,"key":"Emotion Chip"},{"floor":9,"key":"Replay:Bottled Eggs"},{"floor":15,"key":"War Paint"}],"event_choices":[{"damage_healed":0,"gold_gain":0,"player_choice":"Rummage","damage_taken":0,"relics_obtained":["WarpedTongs"],"max_hp_gain":0,"max_hp_loss":0,"event_name":"Accursed Blacksmith","floor":4,"gold_loss":0,"cards_obtained":["Pain"]},{"damage_healed":0,"gold_gain":175,"player_choice":"AGREE","damage_taken":63,"max_hp_gain":0,"max_hp_loss":0,"event_name":"betterThird:BetterSerpent","floor":11,"gold_loss":0},{"cards_removed":["Doubt"],"damage_healed":0,"gold_gain":0,"player_choice":"Card Removal","damage_taken":0,"max_hp_gain":0,"max_hp_loss":0,"event_name":"Wheel of Change","floor":26,"gold_loss":0}],"is_beta":false,"boss_relics":[{"not_picked":["Replay:Drink Me","Velvet Choker"],"picked":"Ring of Chaos"}],"items_purged_floors":[5],"is_endless":false,"potions_floor_spawned":[3,6,15,20,25],"killed_by":"Gremlin Leader","ascension_level":13}}