{"host":"od5ywzqo3ufwbec6","time":1612983949,"event":{"mods":["2.2 Compatiblity","AchievementEnabler","BaseMod","Conspire","Infinite Spire","JesterMod","Jorbs\u0027s Wanderer Trilogy","Minty Spire (QoL Compilation)","Replay The Spire","StSLib","The Bladedancer","The Exalted","The Judge","The Runesmith","The Sage","The Servant 0.9.4","The Trickster","Wandering Minibosses"],"gold_per_floor":[116,116,116,133,133,161,13,23,23,23,23,35,67,79,91,201,213,242,304,335,347,359,371,398,443,481,512,74,92,121,143,143,246,246,290,290,290,290,308,12,14,14],"floor_reached":41,"language":"RUS","playtime":2329,"items_purged":["Strike_B"],"score":487,"play_id":"c9af1e46-82b9-4e8a-876f-4e505c3ff997","local_time":"20210210220549","is_ascension_mode":true,"campfire_choices":[{"data":"Echo Form","floor":10,"key":"SMITH"},{"data":"Defragment","floor":10,"key":"SMITH"},{"floor":15,"key":"REST"},{"data":"ReplayTheSpireMod:Omega Cannon","floor":23,"key":"SMITH"},{"data":"Static Discharge","floor":23,"key":"SMITH"},{"floor":32,"key":"REST"}],"circlet_count":0,"master_deck":["Defend_B","Defend_B","Defend_B","Defend_B","Zap","Dualcast","Lockon+1","ReplayTheSpireMod:Omega Cannon+1","Turbo","Redo","infinitespire:FutureSight","Echo Form+1","Defragment+1","Beam Cell","Melter+1","Mirror Shield","Static Discharge+1","Capacitor","infinitespire:Menacing","Loop","Defragment","Coolheaded","conspire:SharedLibrary","Recycle+1","ReplayTheSpireMod:Dual Polarity","Mirror Shield","Ball Lightning","Defragment+1"],"relics":["Cracked Core","Replay:Arrowhead","Divine Protection","TungstenRod","MawBank","infinitespire:CheckeredPen","Empty Cage","Chameleon Ring","Oddly Smooth Stone","Bottled Lightning","Whetstone","Replay:Bandana","Inserter","conspire:InfiniteJournal"],"acts_visited":["Exordium","TheCity","TheBeyond"],"potions_floor_usage":[30,30,31,41],"damage_taken":[{"damage":0,"enemies":"Small Slimes","floor":1,"turns":1},{"damage":6,"enemies":"Jaw Worm","floor":4,"turns":2},{"damage":25,"enemies":"Replay:BlueRogue","floor":6,"turns":4},{"damage":0,"enemies":"2 Louse","floor":8,"turns":1},{"damage":0,"enemies":"Looter","floor":12,"turns":2},{"damage":0,"enemies":"3 Sentries","floor":13,"turns":3},{"damage":36,"enemies":"Fading Forest","floor":16,"turns":11},{"damage":17,"enemies":"Chosen","floor":18,"turns":5},{"damage":18,"enemies":"2 Thieves","floor":20,"turns":3},{"damage":3,"enemies":"Snecko","floor":24,"turns":4},{"damage":9,"enemies":"Nightmare","floor":25,"turns":4},{"damage":3,"enemies":"Centurion and Healer","floor":27,"turns":6},{"damage":6,"enemies":"Snake Plant","floor":29,"turns":3},{"damage":9,"enemies":"Slavers","floor":30,"turns":4},{"damage":5,"enemies":"Cultist and Chosen","floor":31,"turns":7},{"damage":19,"enemies":"Champ","floor":33,"turns":11},{"damage":45,"enemies":"3 Shapes","floor":35,"turns":4},{"damage":25,"enemies":"3 Darklings","floor":39,"turns":6},{"damage":4,"enemies":"Sphere and 2 Shapes","floor":41,"turns":3}],"seed_played":"-8263438000492200752","potions_obtained":[{"floor":1,"key":"LiquidMemories"},{"floor":13,"key":"Weak Potion"},{"floor":24,"key":"Block Potion"},{"floor":33,"key":"Elixir"},{"floor":39,"key":"Block Potion"}],"is_trial":false,"path_per_floor":["M","?","?","M","?","E","$","M","T","R","?","M","E","T","R","B",null,"M","?","M","?","?","R","M","NM","T","M","$","M","E","M","R","B",null,"M","?","PTL","PTL","M","$","M"],"character_chosen":"DEFECT","items_purchased":["Defragment","Bottled Lightning","Coolheaded","Whetstone","conspire:InfiniteJournal"],"campfire_rested":2,"item_purchase_floors":[7,28,28,28,40],"current_hp_per_floor":[75,68,68,62,45,20,20,20,20,20,20,20,20,20,42,16,72,55,55,37,37,37,37,34,25,25,22,22,16,7,2,23,4,72,27,27,27,27,2,2,0,0],"gold":14,"neow_bonus":"TRANSFORM_TWO_CARDS","is_daily":false,"chose_seed":false,"campfire_upgraded":4,"win_rate":0.0,"timestamp":1612983949,"path_taken":["M","?","?","M","?","E","?","M","T","R","?","M","E","?","R","BOSS","M","?","?","?","?","R","?","NM","T","M","$","?","E","M","R","BOSS","M","?","PTL","PTL","?","$","M"],"items_purchased_type":["Card","Relic","Card","Relic","Relic"],"build_version":"2020-12-22","purchased_purges":1,"victory":false,"max_hp_per_floor":[75,75,75,75,75,75,75,75,75,75,75,75,75,75,75,75,72,72,72,72,72,72,72,72,72,72,72,72,72,72,72,72,72,72,72,72,72,72,72,72,72,72],"card_choices":[{"not_picked":["Stack","Steam"],"picked":"Turbo","floor":1},{"not_picked":["Streamline","Genetic Algorithm"],"picked":"Redo","floor":4},{"not_picked":["infinitespire:Execution","infinitespire:FinalStrike"],"picked":"infinitespire:FutureSight","floor":5},{"not_picked":["Stack","Heatsinks"],"picked":"Echo Form","floor":6},{"not_picked":["Steam","ReplayTheSpireMod:System Scan","Auto Shields"],"picked":"SKIP","floor":8},{"not_picked":["Sweeping Beam","Conserve Battery"],"picked":"Beam Cell","floor":12},{"not_picked":["Glacier","ReplayGash"],"picked":"Melter","floor":13},{"not_picked":["Buffer","Multi-Cast"],"picked":"Mirror Shield","floor":16},{"not_picked":["Rebound","Cold Snap+1"],"picked":"Static Discharge","floor":18},{"not_picked":["Coolheaded","Cold Snap"],"picked":"Capacitor","floor":20},{"not_picked":["Barrage","Compile Driver","Sweeping Beam+1"],"picked":"SKIP","floor":24},{"not_picked":["infinitespire:Punishment","infinitespire:FutureSight"],"picked":"infinitespire:Menacing","floor":25},{"not_picked":["Conserve Battery","Double Energy+1"],"picked":"Loop","floor":25},{"not_picked":["Glacier+1","Time Bomb"],"picked":"Defragment","floor":27},{"not_picked":["Coolheaded","Leap+1"],"picked":"conspire:SharedLibrary","floor":29},{"not_picked":["Force Field","Reinforced Body"],"picked":"Recycle+1","floor":30},{"not_picked":["Gash","Turbo"],"picked":"ReplayTheSpireMod:Dual Polarity","floor":31},{"not_picked":["Fission","Multi-Cast"],"picked":"Mirror Shield","floor":33},{"not_picked":["Coolheaded+1","Panic Button+1"],"picked":"Ball Lightning","floor":35},{"not_picked":["Stack+1","Melter","Aggregate"],"picked":"SKIP","floor":39}],"player_experience":238064,"relics_obtained":[{"floor":6,"key":"Divine Protection"},{"floor":9,"key":"TungstenRod"},{"floor":13,"key":"MawBank"},{"floor":14,"key":"infinitespire:CheckeredPen"},{"floor":25,"key":"Chameleon Ring"},{"floor":26,"key":"Oddly Smooth Stone"},{"floor":30,"key":"Replay:Bandana"}],"event_choices":[{"damage_healed":0,"gold_gain":0,"player_choice":"Success","damage_taken":7,"relics_obtained":["Replay:Arrowhead"],"max_hp_gain":0,"max_hp_loss":0,"event_name":"Scrap Ooze","floor":2,"gold_loss":0},{"damage_healed":0,"gold_gain":0,"player_choice":"Leave","damage_taken":0,"max_hp_gain":0,"max_hp_loss":0,"event_name":"conspire:Investor","floor":3,"gold_loss":0},{"damage_healed":0,"gold_gain":0,"player_choice":"Ignored","damage_taken":0,"max_hp_gain":0,"max_hp_loss":0,"event_name":"Golden Idol","floor":11,"gold_loss":0},{"damage_healed":0,"gold_gain":100,"player_choice":"Bet on Murderer","damage_taken":0,"max_hp_gain":0,"max_hp_loss":0,"event_name":"The Joust","floor":19,"gold_loss":50},{"damage_healed":0,"gold_gain":0,"player_choice":"Ignored","damage_taken":0,"max_hp_gain":0,"max_hp_loss":0,"event_name":"Vampires","floor":21,"gold_loss":0},{"damage_healed":0,"gold_gain":0,"player_choice":"Ignored","damage_taken":0,"max_hp_gain":0,"max_hp_loss":0,"event_name":"Cursed Tome","floor":22,"gold_loss":0},{"damage_healed":0,"gold_gain":0,"player_choice":"Copied","damage_taken":0,"max_hp_gain":0,"max_hp_loss":0,"event_name":"Duplicator","floor":36,"gold_loss":0,"cards_obtained":["Defragment"]}],"is_beta":false,"boss_relics":[{"not_picked":["Replay:Drink Me","SacredBark"],"picked":"Empty Cage"},{"not_picked":["Velvet Choker","Bromod:ArcaneEnergize"],"picked":"Inserter"}],"items_purged_floors":[7],"is_endless":true,"potions_floor_spawned":[1,13,24,27,33,39],"killed_by":"Sphere and 2 Shapes","ascension_level":1}}