{"host":"5raohst9sk3kvp5v","time":1612934475,"event":{"mods":["BaseMod","Colored Powertips","Highlight Path","Minty Spire (QoL Compilation)","Quick Restart","Relic Stats","StSLib"],"gold_per_floor":[116,116,31,31,42,74,74,92,92,109,34,64,64,96,96,169,169,187,202,202,202,215,235,249,249,249],"floor_reached":25,"language":"ENG","playtime":940,"items_purged":["Strike_R"],"score":484,"play_id":"111626f4-874a-4ca3-ba82-1128abe06aea","local_time":"20210209232115","is_ascension_mode":true,"campfire_choices":[{"data":"Immolate","floor":7.0,"key":"SMITH"},{"data":"Limit Break","floor":15.0,"key":"SMITH"}],"circlet_count":0,"master_deck":["AscendersBane","Strike_R","Strike_R","Defend_R","Defend_R","Defend_R","Defend_R","Bash","Iron Wave","Immolate+1","Sentinel","Flame Barrier","Limit Break+1","Shrug It Off","Sword Boomerang","Clothesline","Demon Form","Sever Soul","Power Through","Immolate+1","Headbutt+1","Flame Barrier+1"],"relics":["Burning Blood","NeowsBlessing","Ice Cream","Ginger","Shuriken","Mango","Cursed Key"],"acts_visited":["Exordium","TheCity"],"potions_floor_usage":[25],"damage_taken":[{"damage":0.0,"enemies":"2 Louse","floor":1.0,"turns":2.0},{"damage":0.0,"enemies":"Small Slimes","floor":5.0,"turns":1.0},{"damage":0.0,"enemies":"Gremlin Nob","floor":6.0,"turns":1.0},{"damage":1.0,"enemies":"Cultist","floor":8.0,"turns":3.0},{"damage":0.0,"enemies":"Looter","floor":10.0,"turns":3.0},{"damage":13.0,"enemies":"Lagavulin","floor":12.0,"turns":5.0},{"damage":26.0,"enemies":"Gremlin Nob","floor":14.0,"turns":4.0},{"damage":58.0,"enemies":"Hexaghost","floor":16.0,"turns":12.0},{"damage":23.0,"enemies":"2 Thieves","floor":18.0,"turns":4.0},{"damage":11.0,"enemies":"Spheric Guardian","floor":19.0,"turns":4.0},{"damage":18.0,"enemies":"Cultist and Chosen","floor":22.0,"turns":5.0},{"damage":18.0,"enemies":"Chosen and Byrds","floor":23.0,"turns":5.0},{"damage":11.0,"enemies":"Centurion and Healer","floor":24.0,"turns":6.0},{"damage":6,"enemies":"Gremlin Leader","floor":25,"turns":2}],"seed_played":"-2331404742389475757","potions_obtained":[{"floor":5.0,"key":"ColorlessPotion"},{"floor":6.0,"key":"SkillPotion"},{"floor":12.0,"key":"HeartOfIron"},{"floor":18.0,"key":"HeartOfIron"},{"floor":19.0,"key":"LiquidMemories"}],"is_trial":false,"path_per_floor":["M","?","$","?","M","E","R","M","T","M","$","E","?","E","R","B",null,"M","M","?","?","M","M","M","E"],"character_chosen":"IRONCLAD","items_purchased":["Immolate"],"campfire_rested":0,"item_purchase_floors":[3],"current_hp_per_floor":[74,67,67,67,73,75,75,75,75,75,75,68,68,62,62,10,69,52,47,47,47,35,23,18,12,12],"gold":249,"neow_bonus":"THREE_ENEMY_KILL","is_daily":false,"chose_seed":false,"campfire_upgraded":2,"win_rate":0.0,"timestamp":1612934475,"path_taken":["M","?","$","?","M","E","R","M","T","M","$","E","?","E","R","BOSS","M","M","?","?","M","M","?","E"],"items_purchased_type":["Card"],"build_version":"2020-12-22","purchased_purges":1,"victory":false,"max_hp_per_floor":[75,75,75,75,75,75,75,75,75,75,75,75,75,89,89,89,89,89,89,89,89,89,89,89,89,89],"relic_stats":{"counters":[14,57],"Shuriken":[3],"Ginger":[8],"Cursed Key":0,"obtain_stats":[{"Ice Cream":6,"NeowsBlessing":0,"Shuriken":12,"Mango":14,"Ginger":9,"Cursed Key":17,"Burning Blood":0},{"Ice Cream":3,"NeowsBlessing":0,"Shuriken":6,"Mango":7,"Ginger":4,"Cursed Key":8,"Burning Blood":0},{"Ice Cream":4,"NeowsBlessing":0,"Shuriken":15,"Mango":19,"Ginger":7,"Cursed Key":31,"Burning Blood":0}],"Burning Blood":63},"card_choices":[{"not_picked":["Havoc","Perfected Strike"],"picked":"Iron Wave","floor":1.0},{"not_picked":["Second Wind","Clothesline"],"picked":"Flame Barrier","floor":5.0},{"not_picked":["Shockwave","Flame Barrier"],"picked":"Limit Break","floor":6.0},{"not_picked":["Body Slam","Infernal Blade"],"picked":"Shrug It Off","floor":8.0},{"not_picked":["Armaments","Infernal Blade"],"picked":"Sword Boomerang","floor":10.0},{"not_picked":["Clash","Pommel Strike"],"picked":"Clothesline","floor":12.0},{"not_picked":["Cleave","Perfected Strike","Sever Soul"],"picked":"SKIP","floor":14.0},{"not_picked":["Barricade","Offering"],"picked":"Demon Form","floor":16.0},{"not_picked":["Anger","Thunderclap"],"picked":"Sever Soul","floor":18.0},{"not_picked":["Cleave","Warcry"],"picked":"Power Through","floor":19.0},{"not_picked":["Shrug It Off","Sever Soul"],"picked":"Headbutt+1","floor":22.0},{"not_picked":["Perfected Strike+1","Sever Soul","Rupture"],"picked":"SKIP","floor":23.0},{"not_picked":["Dual Wield+1","Shrug It Off"],"picked":"Flame Barrier+1","floor":24.0}],"player_experience":1728983,"relics_obtained":[{"floor":6.0,"key":"Ice Cream"},{"floor":9.0,"key":"Ginger"},{"floor":12.0,"key":"Shuriken"},{"floor":14.0,"key":"Mango"}],"event_choices":[{"cards_removed":["Strike_R"],"damage_healed":0.0,"max_hp_gain":0.0,"max_hp_loss":0.0,"gold_gain":0.0,"event_name":"Golden Wing","player_choice":"Card Removal","floor":2.0,"gold_loss":0.0,"damage_taken":7.0},{"damage_healed":0.0,"max_hp_gain":0.0,"max_hp_loss":0.0,"gold_gain":0.0,"cards_transformed":["Strike_R"],"event_name":"Living Wall","player_choice":"Change","floor":4.0,"gold_loss":0.0,"damage_taken":0.0,"cards_obtained":["Sentinel"]},{"damage_healed":0.0,"max_hp_gain":0.0,"max_hp_loss":0.0,"gold_gain":0.0,"event_name":"The Cleric","player_choice":"Leave","floor":13.0,"gold_loss":0.0,"damage_taken":0.0},{"damage_healed":0.0,"max_hp_gain":0.0,"max_hp_loss":0.0,"gold_gain":0.0,"event_name":"The Mausoleum","player_choice":"Ignored","floor":20.0,"gold_loss":0.0,"damage_taken":0.0},{"damage_healed":0.0,"max_hp_gain":0.0,"max_hp_loss":0.0,"gold_gain":0.0,"event_name":"Duplicator","player_choice":"Copied","floor":21.0,"gold_loss":0.0,"damage_taken":0.0,"cards_obtained":["Immolate"]}],"is_beta":false,"boss_relics":[{"not_picked":["Busted Crown","Astrolabe"],"picked":"Cursed Key"}],"items_purged_floors":[11],"is_endless":false,"potions_floor_spawned":[5,6,12,18,19,23],"killed_by":"Gremlin Leader","ascension_level":19}}