{"host":"hm2va3obgs5yv0m7","time":1612925517,"event":{"mods":["AchievementEnabler","Act Like it!","BaseMod","Conspire","Infinite Spire","Marisa（F雨　魔理沙）","Minty Spire (QoL Compilation)","Prisma Mod","Relic Stats","Replay The Spire","Spicy Shops","StSLib","The Animator","The Cursed","The Servant 0.9.4","WarShipGirlsR/战舰少女R mod"],"gold_per_floor":[111,125,50,50,65,65,140,174,198,228,246,258,433,433,433,532,532,546,546,546,546,532,532,563,563,563,573,573,608,608,608],"floor_reached":30,"language":"ZHS","playtime":3997,"items_purged":["Defend_P","Doubt"],"score":290,"play_id":"01e8bde2-ec79-41b9-a7c3-75513696b1d3","local_time":"20210210105157","is_ascension_mode":true,"campfire_choices":[{"data":"Eruption","floor":6.0,"key":"SMITH"},{"data":"Vigilance","floor":15.0,"key":"SMITH"},{"floor":23.0,"key":"RECALL"},{"floor":25.0,"key":"REST"},{"floor":28.0,"key":"REST"}],"circlet_count":0,"master_deck":["Strike_P","Strike_P","Strike_P","Strike_P","Defend_P","Defend_P","Defend_P","Eruption+1","Vigilance+1","Replay:Cycle","Wireheading","Study","Study","Establishment","MentalFortress+1","LikeWater","MentalFortress","Halt+1"],"relics":["ReplayTheSpireMod:DimensionalGlitch","Regal Pillow","Replay:Bottled Flurry","Nunchaku","infinitespire:Cupcake","Sling","Unceasing Top","Replay:Arrowhead","infinitespire:WardingShard"],"acts_visited":["Exordium","TheCity"],"potions_floor_usage":[],"damage_taken":[{"damage":0.0,"enemies":"Small Slimes","floor":1.0,"turns":2.0},{"damage":2.0,"enemies":"2 Louse","floor":2.0,"turns":2.0},{"damage":0.0,"enemies":"Cultist","floor":5.0,"turns":3.0},{"damage":1.0,"enemies":"3 Sentries","floor":8.0,"turns":4.0},{"damage":12.0,"enemies":"Lagavulin","floor":10.0,"turns":8.0},{"damage":10.0,"enemies":"3 Louse","floor":11.0,"turns":4.0},{"damage":0.0,"enemies":"Large Slime","floor":12.0,"turns":4.0},{"damage":22.0,"enemies":"Fading Forest","floor":16.0,"turns":11.0},{"damage":15.0,"enemies":"Shell Parasite","floor":18.0,"turns":7.0},{"damage":12.0,"enemies":"2 Thieves","floor":22.0,"turns":4.0},{"damage":37.0,"enemies":"conspire:SneckoGhost","floor":24.0,"turns":10.0},{"damage":47.0,"enemies":"Snake Plant","floor":27.0,"turns":6.0},{"damage":33.0,"enemies":"Gremlin Leader","floor":29.0,"turns":4.0},{"damage":11,"enemies":"Chosen and Byrds","floor":30,"turns":6}],"seed_played":"2070218189388714419","potions_obtained":[{"floor":2.0,"key":"SteroidPotion"},{"floor":10.0,"key":"Weak Potion"},{"floor":11.0,"key":"conspire:TimeTravelPotion"},{"floor":22.0,"key":"SpeedPotion"},{"floor":27.0,"key":"SteroidPotion"}],"is_trial":false,"path_per_floor":["M","M","$","?","M","R","?","E","T","E","M","M","?","?","R","B",null,"M","?","?","AVR","M","R","E","R","T","M","R","E","M"],"character_chosen":"WATCHER","items_purchased":[],"campfire_rested":2,"item_purchase_floors":[],"current_hp_per_floor":[72,70,70,58,58,58,51,50,50,38,28,28,28,28,28,11,72,57,57,57,57,45,45,8,44,44,8,44,11,0,0],"gold":608,"neow_bonus":"BOSS_RELIC","is_daily":false,"chose_seed":false,"campfire_upgraded":2,"win_rate":0.0,"timestamp":1612925517,"path_taken":["M","M","$","?","M","R","?","E","T","E","?","M","?","?","R","BOSS","M","?","?","AVR","M","R","E","R","T","M","R","E","?"],"items_purchased_type":[],"build_version":"2020-12-22","purchased_purges":2,"victory":false,"max_hp_per_floor":[72,72,72,72,72,72,72,72,72,72,72,72,72,72,72,72,72,72,72,72,72,72,72,72,72,72,72,72,72,72,72],"relic_stats":{"Regal Pillow":30,"Nunchaku":[11],"counters":[14,75],"obtain_stats":[{"Regal Pillow":4,"Nunchaku":10,"infinitespire:WardingShard":29,"Replay:Bottled Flurry":8,"PureWater":0,"ReplayTheSpireMod:DimensionalGlitch":0,"Sling":21,"Unceasing Top":24,"Replay:Arrowhead":26,"infinitespire:Cupcake":17},{"Regal Pillow":2,"Nunchaku":5,"infinitespire:WardingShard":13,"Replay:Bottled Flurry":4,"PureWater":0,"ReplayTheSpireMod:DimensionalGlitch":0,"Sling":9,"Unceasing Top":11,"Replay:Arrowhead":11,"infinitespire:Cupcake":8},{"Regal Pillow":4,"Nunchaku":19,"infinitespire:WardingShard":69,"Replay:Bottled Flurry":11,"PureWater":0,"ReplayTheSpireMod:DimensionalGlitch":0,"Sling":45,"Unceasing Top":59,"Replay:Arrowhead":59,"infinitespire:Cupcake":38}],"Unceasing Top":[2]},"card_choices":[{"not_picked":["EmptyFist","JustLucky"],"picked":"Replay:Cycle","floor":1.0},{"not_picked":["EmptyBody","FearNoEvil"],"picked":"Wireheading","floor":2.0},{"not_picked":["Pray","EmptyBody","SignatureMove"],"picked":"SKIP","floor":5.0},{"not_picked":["Replay:Anticipation","Replay:AtTheReady","EmptyBody"],"picked":"SKIP","floor":8.0},{"not_picked":["BowlingBash","CarveReality"],"picked":"Study","floor":10.0},{"not_picked":["WaveOfTheHand","SignatureMove"],"picked":"Study","floor":11.0},{"not_picked":["FlurryOfBlows","Protect","FollowUp"],"picked":"SKIP","floor":12.0},{"not_picked":["Replay:AllIn","Scrawl"],"picked":"Establishment","floor":16.0},{"not_picked":["Protect+1","CutThroughFate"],"picked":"MentalFortress","floor":18.0},{"not_picked":["Evaluate","FollowUp","Halt"],"picked":"SKIP","floor":22.0},{"not_picked":["SpiritShield","Prostrate"],"picked":"LikeWater","floor":24.0},{"not_picked":["FlurryOfBlows","Consecrate"],"picked":"MentalFortress","floor":27.0},{"not_picked":["Replay:Hum","SignatureMove+1"],"picked":"Halt+1","floor":29.0}],"player_experience":126844,"relics_obtained":[{"floor":8.0,"key":"Replay:Bottled Flurry"},{"floor":10.0,"key":"Nunchaku"},{"floor":24.0,"key":"Unceasing Top"},{"floor":26.0,"key":"Replay:Arrowhead"},{"floor":29.0,"key":"infinitespire:WardingShard"}],"event_choices":[{"damage_healed":0.0,"max_hp_gain":0.0,"max_hp_loss":0.0,"gold_gain":0.0,"event_name":"Scrap Ooze","player_choice":"Success","floor":4.0,"gold_loss":0.0,"damage_taken":12.0,"relics_obtained":["Regal Pillow"]},{"damage_healed":0.0,"max_hp_gain":0.0,"max_hp_loss":0.0,"gold_gain":75.0,"event_name":"FaceTrader","player_choice":"Touch","floor":7.0,"gold_loss":0.0,"damage_taken":7.0},{"damage_healed":0.0,"max_hp_gain":0.0,"max_hp_loss":0.0,"gold_gain":175.0,"event_name":"Liars Game","player_choice":"AGREE","floor":13.0,"gold_loss":0.0,"damage_taken":0.0,"cards_obtained":["Doubt"]},{"damage_healed":0.0,"max_hp_gain":0.0,"max_hp_loss":0.0,"gold_gain":0.0,"event_name":"Ghosts","player_choice":"Ignored","floor":19.0,"gold_loss":0.0,"damage_taken":0.0},{"damage_healed":0.0,"max_hp_gain":0.0,"max_hp_loss":0.0,"gold_gain":0.0,"event_name":"Upgrade Shrine","player_choice":"Upgraded","floor":20.0,"gold_loss":0.0,"damage_taken":0.0,"cards_upgraded":["MentalFortress"]}],"is_beta":false,"boss_relics":[{"not_picked":["conspire:SeveredTorchhead","Runic Dome"],"picked":"infinitespire:Cupcake"}],"items_purged_floors":[3,21],"is_endless":false,"potions_floor_spawned":[2,10,11,22,27],"killed_by":"Chosen and Byrds","ascension_level":1}}