{"host":"y9jgkjnf95sujozk","time":1612965948,"event":{"mods":["2.2 Compatiblity","AchievementEnabler","Act Like it!","BaseMod","BetterRewards","Block Reminder","Colored Map","Colored Powertips","Friendly Minions","Gensokyo","GifTheSpireLib","Hallownest","Hermit","Highlight Path","HololiveMod","Hubris","Infinite Spire","Jorbs\u0027s Wanderer Trilogy","Koishi","Marisa（霧雨　魔理沙）","Minty Spire (QoL Compilation)","Quick Restart","Random Character Button","Rare Cards Sparkle","Reimu（博??梦）","Remilia（蕾米莉?）","Replay The Spire","Shop Mod","StSLib","SuperFastMode","The Bug Knight","The Cursed","The Disciple","The Hierophant","The Jungle","The Runesmith","The Senshi","The Servant 0.9.4"],"gold_per_floor":[88,67,66,66,29,48,48,34,34,105,108,108,121,40,40,134,134,179,195,195,11,73,73,161,47,47,114,114,114,114,114,162,162,162,228,228,327,413,413,413,486,486,27,108,108,108,144,545,584,571,571,359],"floor_reached":53,"language":"ENG","playtime":1490,"items_purged":["Pain"],"score":739,"play_id":"ff3589ca-07ba-42c4-b287-511d4716febf","local_time":"20210210150548","is_ascension_mode":true,"campfire_choices":[{"floor":7,"key":"REST"},{"data":"hierophant:OrnateBuckler","floor":12,"key":"SMITH"},{"data":"hierophant:Doubloon","floor":15,"key":"SMITH"},{"floor":23,"key":"REST"},{"floor":29,"key":"REST"},{"data":"hierophant:AuricShield","floor":34,"key":"SMITH"},{"floor":42,"key":"REST"},{"floor":51,"key":"REST"}],"circlet_count":0,"master_deck":["hierophant:Strike_Hierophant","hierophant:Strike_Hierophant","hierophant:Strike_Hierophant","hierophant:Strike_Hierophant","hierophant:Punish","hierophant:Defend_Hierophant","hierophant:Defend_Hierophant","hierophant:Defend_Hierophant","hierophant:Defend_Hierophant","hierophant:ChurchCoffers","hierophant:Mercenaries","hierophant:OrnateBuckler","hierophant:Endure","hierophant:Doubloon+1","hierophant:Remorse","hierophant:FieryStrike","hierophant:CursedGold","hierophant:Doubloon+1","hierophant:Doubloon+1","hierophant:Purify","hierophant:OrnateBuckler+1","hierophant:AuricBeam","hierophant:AuricBeam","hierophant:Remorse","hierophant:Doubloon+1","hierophant:BulkyChest","hierophant:FlamingChariot+1","hierophant:Racketeering","hierophant:Charity","hierophant:Doubloon+1","hierophant:Charity","hierophant:Doubloon+1","hierophant:Doubloon+1","hierophant:Remorse","hierophant:Exaltation","hierophant:Mercenaries","hierophant:Mercenaries","hierophant:AuricShield","hierophant:AuricShield+1","hierophant:EyeForCoin+1","hierophant:Bribe+1","ReplayTheSpireMod:Chaos Vortex","infinitespire:Punishment","Madness","Madness","hierophant:Doubloon+1","hierophant:AuricBeam","hierophant:Dazzle","hierophant:Doubloon+1","hierophant:Doubloon+1","hierophant:Shelter","hierophant:Doubloon+1","hierophant:Purify","hierophant:Doubloon+1","hierophant:Dazzle+1","hierophant:RustyCrate","hierophant:Doubloon+1","hierophant:Doubloon+1","hierophant:Doubloon+1","hierophant:SolarFlare","hierophant:Doubloon+1"],"relics":["hierophant:PropheticMaskRelic","theSenshi:SuperSailorFukuRelic","The Courier","Replay:Accelerometer","Replay:Bronze Core","WarpedTongs","Ornamental Fan","FaceOfCleric","Replay:Grab Bag","Hololive_Finger","ChewingGum","Black Star","Mastiff:ReiMu","hubris:HollowSoul","ClockworkSouvenir","Replay:Bottled Eggs","Tea:ReiMu","Old Coin"],"acts_visited":["Exordium","TheCity","TheBeyond"],"potions_floor_usage":[8,8,16,35,35,47,48,48,50],"damage_taken":[{"damage":1,"enemies":"Jaw Worm","floor":1,"turns":2},{"damage":0,"enemies":"Cultist","floor":2,"turns":1},{"damage":0,"enemies":"infinitespire:Voidling","floor":3,"turns":2},{"damage":0,"enemies":"Large Slime","floor":6,"turns":2},{"damage":0,"enemies":"HollowMod:MossKnight","floor":8,"turns":2},{"damage":0,"enemies":"Lots of Slimes","floor":11,"turns":3},{"damage":0,"enemies":"Blue Slaver","floor":13,"turns":1},{"damage":50,"enemies":"Slime Boss","floor":16,"turns":14},{"damage":0,"enemies":"Chosen","floor":18,"turns":4},{"damage":4,"enemies":"Shell Parasite","floor":19,"turns":4},{"damage":26,"enemies":"Shelled Parasite and Fungi","floor":22,"turns":5},{"damage":1,"enemies":"Snake Plant","floor":24,"turns":4},{"damage":0,"enemies":"Cultist and Chosen","floor":27,"turns":3},{"damage":0,"enemies":"Centurion and Healer","floor":32,"turns":2},{"damage":34,"enemies":"Automaton","floor":35,"turns":8},{"damage":6,"enemies":"3 Shapes","floor":37,"turns":1},{"damage":0,"enemies":"Orb Walker","floor":38,"turns":2},{"damage":4,"enemies":"4 Shapes","floor":41,"turns":5},{"damage":34,"enemies":"Jaw Worm Horde","floor":44,"turns":6},{"damage":0,"enemies":"3 Darklings","floor":47,"turns":4},{"damage":0,"enemies":"2 Orb Walkers","floor":48,"turns":2},{"damage":0,"enemies":"4 Shapes","floor":49,"turns":4},{"damage":38,"enemies":"Transient","floor":50,"turns":5},{"damage":73,"enemies":"Time Eater","floor":52,"turns":6}],"seed_played":"6811341543713872749","potions_obtained":[{"floor":3,"key":"Milkshake"},{"floor":6,"key":"Fire Potion"},{"floor":8,"key":"Dexterity Potion"},{"floor":19,"key":"Weak Potion"},{"floor":32,"key":"LiquidMemories"},{"floor":35,"key":"Explosive Potion"},{"floor":38,"key":"SpeedPotion"},{"floor":44,"key":"Strength Potion"},{"floor":49,"key":"Block Potion"}],"is_trial":false,"path_per_floor":["M","M","M","?","$","M","R","E","T","T","M","R","M","$","R","B",null,"M","M","?","$","M","R","M","$","T","M","?","R","PTL","PTL","M","?","R","B",null,"M","M","AVR","?","M","R","$","M","T","?","M","?","M","M","R","B",null],"character_chosen":"HIEROPHANT","items_purchased":["hierophant:Mercenaries","hierophant:OrnateBuckler","hierophant:CursedGold","hierophant:AuricBeam","hierophant:Remorse","hierophant:Charity","hierophant:Charity","hierophant:Mercenaries","hierophant:Mercenaries","hierophant:AuricBeam","hierophant:Dazzle","hierophant:Doubloon","ClockworkSouvenir","Replay:Bottled Eggs"],"campfire_rested":5,"item_purchase_floors":[0,0,5,14,14,21,21,25,25,43,43,43,43,43],"current_hp_per_floor":[74,74,74,74,74,74,75,75,75,75,75,75,75,75,75,25,75,75,71,71,71,45,67,66,66,66,66,66,75,75,75,75,75,75,42,76,71,72,72,62,59,79,79,46,46,90,91,92,93,56,84,12],"gold":359,"neow_bonus":"","is_daily":false,"chose_seed":false,"campfire_upgraded":3,"win_rate":0.0,"timestamp":1612965948,"path_taken":["M","M","M","?","$","M","R","E","T","?","M","R","?","$","R","BOSS","M","M","?","$","M","R","M","$","T","?","?","R","PTL","PTL","M","?","R","BOSS","M","M","AVR","?","M","R","$","M","T","?","?","?","M","M","R","BOSS"],"items_purchased_type":["Card","Card","Card","Card","Card","Card","Card","Card","Card","Card","Card","Card","Relic","Relic"],"build_version":"2020-12-22","purchased_purges":1,"victory":true,"max_hp_per_floor":[75,75,75,75,75,75,75,75,75,75,75,75,75,75,75,75,75,75,75,75,75,75,75,75,75,75,75,75,75,75,75,75,75,75,76,76,77,78,78,78,79,79,79,80,80,90,91,92,93,94,94,95],"card_choices":[{"not_picked":["hierophant:RepressedViolence","hierophant:Smite"],"picked":"hierophant:Endure","floor":1},{"not_picked":["hierophant:Racketeering","hierophant:Doomsaying"],"picked":"hierophant:Remorse","floor":2},{"not_picked":["hierophant:DisplayOfPower","hierophant:HammerAndAnvil"],"picked":"hierophant:FieryStrike","floor":3},{"not_picked":["hierophant:HammerAndAnvil","hierophant:CursedGold"],"picked":"hierophant:Doubloon","floor":6},{"not_picked":["hierophant:Refuge","hierophant:Zeal"],"picked":"hierophant:Purify","floor":8},{"not_picked":["hierophant:SealAway","hierophant:RustyCrate"],"picked":"hierophant:OrnateBuckler","floor":11},{"not_picked":["hierophant:Doubloon","hierophant:BulkyChest"],"picked":"hierophant:AuricBeam","floor":13},{"not_picked":["hierophant:Kindle","hierophant:Cornucopia"],"picked":"hierophant:BulkyChest","floor":16},{"not_picked":["hierophant:PassingBell","hierophant:Anathema"],"picked":"hierophant:FlamingChariot+1","floor":18},{"not_picked":["hierophant:HolyVerse","hierophant:RepressedViolence"],"picked":"hierophant:Racketeering","floor":19},{"not_picked":["hierophant:Smite","hierophant:Chorus"],"picked":"hierophant:Remorse","floor":22},{"not_picked":["hierophant:Zeal+1","hierophant:DeathKnell"],"picked":"hierophant:Exaltation","floor":24},{"not_picked":["hierophant:ArchangelShield","hierophant:MorningPrayer"],"picked":"hierophant:AuricShield","floor":27},{"not_picked":["hierophant:PristineSoul","hierophant:PassingBell+1"],"picked":"hierophant:AuricShield","floor":32},{"not_picked":["hierophant:Batter","hierophant:Determination"],"picked":"hierophant:WrathOfGod","floor":35},{"not_picked":["hierophant:PassingBell+1","hierophant:DisplayOfPower"],"picked":"hierophant:EyeForCoin+1","floor":37},{"not_picked":["hierophant:ThreeLashes+1","hierophant:HammerAndAnvil+1"],"picked":"hierophant:Bribe+1","floor":38},{"not_picked":["hierophant:FlamingChariot","hierophant:Doomsaying"],"picked":"hierophant:Doubloon+1","floor":41},{"not_picked":["hierophant:HolyVerse+1","hierophant:Smite"],"picked":"hierophant:Shelter","floor":44},{"not_picked":["hierophant:SealAway+1","hierophant:DisplayOfPower+1"],"picked":"hierophant:Purify","floor":47},{"not_picked":["hierophant:Mercenaries+1","hierophant:Empathy"],"picked":"hierophant:Dazzle+1","floor":48},{"not_picked":["hierophant:DisplayOfPower+1","hierophant:FlamingChariot"],"picked":"hierophant:RustyCrate","floor":49},{"not_picked":["hierophant:Charity","hierophant:MirrorShield+1"],"picked":"hierophant:SolarFlare","floor":50}],"player_experience":132076,"relics_obtained":[{"floor":8,"key":"theSenshi:SuperSailorFukuRelic"},{"floor":9,"key":"The Courier"},{"floor":10,"key":"Replay:Accelerometer"},{"floor":26,"key":"Ornamental Fan"},{"floor":45,"key":"Tea:ReiMu"},{"floor":48,"key":"Old Coin"}],"event_choices":[{"damage_healed":0,"gold_gain":0,"player_choice":"Leave","damage_taken":0,"max_hp_gain":0,"max_hp_loss":0,"event_name":"The Cleric","floor":4,"gold_loss":0},{"damage_healed":0,"gold_gain":0,"player_choice":"Rummage","damage_taken":0,"relics_obtained":["WarpedTongs"],"max_hp_gain":0,"max_hp_loss":0,"event_name":"Accursed Blacksmith","floor":20,"gold_loss":0,"cards_obtained":["Pain"]},{"damage_healed":0,"gold_gain":0,"player_choice":"Ignored","damage_taken":0,"max_hp_gain":0,"max_hp_loss":0,"event_name":"Beggar","floor":28,"gold_loss":0},{"damage_healed":0,"gold_gain":0,"player_choice":"Trade","damage_taken":0,"relics_obtained":["FaceOfCleric"],"max_hp_gain":0,"max_hp_loss":0,"event_name":"FaceTrader","floor":33,"gold_loss":0},{"damage_healed":0,"gold_gain":0,"player_choice":"Embrace Madness","damage_taken":10,"max_hp_gain":0,"max_hp_loss":0,"event_name":"Winding Halls","floor":40,"gold_loss":0,"cards_obtained":["Madness","Madness"]},{"cards_removed":["hierophant:WrathOfGod"],"damage_healed":34,"gold_gain":0,"player_choice":"Offered Rare","damage_taken":0,"max_hp_gain":10,"max_hp_loss":0,"event_name":"Bonfire Elementals","floor":46,"gold_loss":0},{"damage_healed":0,"gold_gain":0,"player_choice":"Fight","damage_taken":0,"max_hp_gain":0,"max_hp_loss":0,"event_name":"Mysterious Sphere","floor":48,"gold_loss":0}],"is_beta":false,"boss_relics":[{"not_picked":["Coffee Dripper","Pandora\u0027s Box"],"picked":"Replay:Bronze Core"},{"not_picked":["SlaversCollar","Kintsugi"],"picked":"Replay:Grab Bag"},{"not_picked":["hubris:TerracottaHorce","Fusion Hammer"],"picked":"Hololive_Finger"},{"not_picked":["Velvet Choker","Runesmith:UraniumAnvil"],"picked":"ChewingGum"},{"not_picked":["Hololive_ChaosS","RedLine:ReiMu"],"picked":"Black Star"}],"items_purged_floors":[21],"is_endless":false,"potions_floor_spawned":[3,6,8,19,32,35,38,44,49],"ascension_level":1}}