{"host":"bgyhjzqafgkxdxsh","time":1612953555,"event":{"mods":["BaseMod","Colored Map","Minty Spire (QoL Compilation)","Relic Stats","StSLib","everything is the same but u backflip on backflip"],"gold_per_floor":[144,319,319,319,69,159,159,249,249,294,339,289,379,379,379,679,679,724,769,814,814,859,949,949,949,999,1101,1158,1215,1272,1329,1341,1653,1665,1722,1734,1746,1803,1338,1428,1428,1473,1498,1498,1543,1543,1588,1633,1633,1633],"floor_reached":51,"language":"ENG","playtime":2642,"items_purged":["Wallop"],"score":912,"play_id":"d4044f14-7fc7-48ee-a39a-e0b0d6490dd0","local_time":"20210210203915","daily_mods":["SealedDeck","Purple Cards","Midas"],"is_ascension_mode":false,"campfire_choices":[{"floor":7,"key":"REST"},{"floor":15,"key":"REST"},{"floor":24,"key":"REST"},{"floor":32,"key":"REST"},{"data":"Escape Plan","floor":41,"key":"PURGE"},{"data":"Deflect+1","floor":46,"key":"PURGE"},{"floor":49,"key":"REST"}],"circlet_count":0,"master_deck":["Backflip","PiercingWail","Backflip","Evaluate","Protect","Blade Dance","Cloak And Dagger","FearNoEvil","EmptyBody","Alpha","Adrenaline","EmptyMind","CutThroughFate","InnerPeace+1","Leg Sweep+1","Malaise","Footwork+1","Prepared+1"],"relics":["Ring of the Snake","CultistMask","Singing Bowl","Snake Skull","Vajra","Centennial Puzzle","PreservedInsect","Eternal Feather","Philosopher\u0027s Stone","Prayer Wheel","MawBank","Shuriken","Snecko Eye","Peace Pipe","Membership Card","Sundial","Question Card","Frozen Egg 2","Bag of Preparation"],"acts_visited":["Exordium","TheCity","TheBeyond"],"potions_floor_usage":[6,22,28,29,33,50],"damage_taken":[{"damage":0,"enemies":"Jaw Worm","floor":1,"turns":5},{"damage":10,"enemies":"Gremlin Nob","floor":6,"turns":3},{"damage":0,"enemies":"Lagavulin","floor":8,"turns":5},{"damage":0,"enemies":"Small Slimes","floor":10,"turns":2},{"damage":0,"enemies":"Cultist","floor":11,"turns":2},{"damage":7,"enemies":"3 Sentries","floor":13,"turns":4},{"damage":0,"enemies":"Slime Boss","floor":16,"turns":4},{"damage":11,"enemies":"3 Byrds","floor":18,"turns":3},{"damage":5,"enemies":"2 Thieves","floor":19,"turns":3},{"damage":8,"enemies":"Snake Plant","floor":20,"turns":4},{"damage":0,"enemies":"Chosen and Byrds","floor":22,"turns":5},{"damage":16,"enemies":"Slavers","floor":23,"turns":3},{"damage":12,"enemies":"Gremlin Leader","floor":27,"turns":4},{"damage":7,"enemies":"Shelled Parasite and Fungi","floor":28,"turns":3},{"damage":13,"enemies":"Centurion and Healer","floor":29,"turns":3},{"damage":0,"enemies":"3 Cultists","floor":30,"turns":2},{"damage":1,"enemies":"Snecko","floor":31,"turns":4},{"damage":22,"enemies":"Collector","floor":33,"turns":6},{"damage":6,"enemies":"3 Shapes","floor":35,"turns":3},{"damage":23,"enemies":"2 Orb Walkers","floor":38,"turns":3},{"damage":24,"enemies":"Nemesis","floor":40,"turns":5},{"damage":29,"enemies":"Orb Walker","floor":42,"turns":4},{"damage":19,"enemies":"Maw","floor":45,"turns":7},{"damage":5,"enemies":"Sphere and 2 Shapes","floor":47,"turns":4},{"damage":37,"enemies":"4 Shapes","floor":48,"turns":4},{"damage":4,"enemies":"Awakened One","floor":50,"turns":10}],"seed_played":"-5810517303651203205","potions_obtained":[{"floor":1,"key":"PowerPotion"},{"floor":10,"key":"Strength Potion"},{"floor":16,"key":"Ancient Potion"},{"floor":18,"key":"Swift Potion"},{"floor":22,"key":"Fire Potion"},{"floor":28,"key":"FearPotion"},{"floor":29,"key":"GamblersBrew"},{"floor":33,"key":"Dexterity Potion"},{"floor":45,"key":"SteroidPotion"},{"floor":48,"key":"Swift Potion"}],"is_trial":false,"path_per_floor":["M","?","?","?","$","E","R","E","T","M","M","?","E","?","R","B",null,"M","M","M","?","M","E","R","?","T","E","M","M","M","M","R","B",null,"M","?","?","?","$","E","R","M","T","?","M","R","M","M","R","B",null],"character_chosen":"THE_SILENT","items_purchased":["Singing Bowl","Membership Card","Escape Plan","Sundial","Question Card"],"campfire_rested":5,"item_purchase_floors":[5,39,39,39,39],"current_hp_per_floor":[70,70,63,63,63,53,70,72,72,72,74,74,69,62,76,76,76,65,62,56,56,58,44,75,84,84,72,65,56,60,63,96,76,98,94,94,94,73,73,49,58,33,33,88,71,80,77,44,81,77],"gold":1633,"neow_bonus":"","is_daily":true,"chose_seed":false,"campfire_upgraded":0,"win_rate":0.0,"timestamp":1612953555,"path_taken":["M","?","?","?","$","E","R","E","T","?","M","?","E","?","R","BOSS","M","M","M","?","?","E","R","?","T","E","?","M","?","M","R","BOSS","M","?","?","?","$","E","R","M","T","?","M","R","M","?","R","BOSS"],"items_purchased_type":["Relic","Relic","Card","Relic","Relic"],"build_version":"2020-12-22","purchased_purges":1,"victory":true,"max_hp_per_floor":[70,70,70,70,70,70,70,72,72,72,74,74,76,76,76,76,76,76,78,80,80,82,84,84,84,84,84,84,88,92,96,96,98,98,100,100,95,97,97,97,97,101,101,88,90,90,92,96,96,96],"relic_stats":{"Singing Bowl":44,"counters":[26,105],"Eternal Feather":48,"Snake Skull":[6],"PreservedInsect":130,"Bag of Preparation":[4],"MawBank":156,"Question Card":9,"Peace Pipe":2,"Centennial Puzzle":[54],"Shuriken":[17],"Sundial":[16],"Snecko Eye":[93,100,109,90],"Prayer Wheel":9,"obtain_stats":[{"Singing Bowl":5,"Vajra":8,"Eternal Feather":14,"Snake Skull":6,"PreservedInsect":13,"Bag of Preparation":43,"Frozen Egg 2":40,"MawBank":26,"Question Card":39,"Peace Pipe":38,"Centennial Puzzle":9,"Shuriken":27,"Sundial":39,"Snecko Eye":34,"Philosopher\u0027s Stone":17,"Prayer Wheel":23,"CultistMask":4,"Membership Card":39,"Ring of the Snake":0},{"Singing Bowl":1,"Vajra":3,"Eternal Feather":6,"Snake Skull":2,"PreservedInsect":6,"Bag of Preparation":22,"Frozen Egg 2":21,"MawBank":12,"Question Card":20,"Peace Pipe":20,"Centennial Puzzle":3,"Shuriken":13,"Sundial":20,"Snecko Eye":18,"Philosopher\u0027s Stone":7,"Prayer Wheel":12,"CultistMask":1,"Membership Card":20,"Ring of the Snake":0},{"Singing Bowl":5,"Vajra":13,"Eternal Feather":21,"Snake Skull":8,"PreservedInsect":21,"Bag of Preparation":80,"Frozen Egg 2":76,"MawBank":43,"Question Card":71,"Peace Pipe":71,"Centennial Puzzle":13,"Shuriken":47,"Sundial":71,"Snecko Eye":65,"Philosopher\u0027s Stone":25,"Prayer Wheel":43,"CultistMask":5,"Membership Card":71,"Ring of the Snake":0}],"Ring of the Snake":[52]},"card_choices":[{"not_picked":["FollowUp","Dagger Throw"],"picked":"EmptyBody","floor":1},{"not_picked":["Deflect","Poisoned Stab"],"picked":"Alpha","floor":6},{"not_picked":["CarveReality","Pray","Evaluate"],"picked":"Singing Bowl","floor":8},{"not_picked":["FlyingSleeves","Dagger Throw"],"picked":"Wallop","floor":10},{"not_picked":["EmptyBody","LikeWater","Underhanded Strike"],"picked":"Singing Bowl","floor":11},{"not_picked":["Protect","Acrobatics","Riddle With Holes"],"picked":"Singing Bowl","floor":13},{"not_picked":["Ragnarok","Envenom"],"picked":"Adrenaline","floor":16},{"not_picked":["WindmillStrike","FlyingSleeves"],"picked":"EmptyMind","floor":18},{"not_picked":["Reflex","FlurryOfBlows","Noxious Fumes+1"],"picked":"Singing Bowl","floor":19},{"not_picked":["SandsOfTime+1","BowlingBash","Cloak And Dagger+1"],"picked":"Singing Bowl","floor":20},{"not_picked":["Endless Agony+1","PiercingWail","Blade Dance"],"picked":"Singing Bowl","floor":22},{"not_picked":["Prostrate","Deadly Poison","Poisoned Stab"],"picked":"Singing Bowl","floor":23},{"not_picked":["Bane","Noxious Fumes+1"],"picked":"Deflect+1","floor":27},{"not_picked":["Flying Knee","WaveOfTheHand"],"picked":"CutThroughFate","floor":28},{"not_picked":["Consecrate","Tantrum"],"picked":"InnerPeace+1","floor":28},{"not_picked":["Bane","Adaptation","FlyingSleeves+1"],"picked":"Singing Bowl","floor":29},{"not_picked":["Outmaneuver","WindmillStrike","Protect"],"picked":"Singing Bowl","floor":29},{"not_picked":["Evaluate","Dagger Spray+1","Bane"],"picked":"Singing Bowl","floor":30},{"not_picked":["EmptyFist","Outmaneuver","Predator"],"picked":"Singing Bowl","floor":30},{"not_picked":["ClearTheMind","Evaluate+1","Swivel"],"picked":"Singing Bowl","floor":31},{"not_picked":["Quick Slash","DeceiveReality","Flying Knee"],"picked":"Singing Bowl","floor":31},{"not_picked":["Alpha","Devotion","Wish"],"picked":"Singing Bowl","floor":33},{"not_picked":["FlyingSleeves","Protect+1","EmptyBody"],"picked":"Singing Bowl","floor":35},{"not_picked":["Sucker Punch","SignatureMove"],"picked":"Leg Sweep+1","floor":35},{"not_picked":["Noxious Fumes","Cloak And Dagger","Quick Slash"],"picked":"Singing Bowl","floor":38},{"not_picked":["CrushJoints","Halt+1","Slice"],"picked":"Malaise","floor":40},{"not_picked":["Accuracy+1","BowlingBash+1","Dodge and Roll","PathToVictory"],"picked":"Singing Bowl","floor":42},{"not_picked":["Dagger Throw+1","Worship","Weave","Dash+1"],"picked":"Singing Bowl","floor":42},{"not_picked":["Cloak And Dagger+1","Eviscerate+1","Sanctity+1"],"picked":"Footwork+1","floor":45},{"not_picked":["Poisoned Stab","FollowUp","Bouncing Flask","FlyingSleeves"],"picked":"Singing Bowl","floor":45},{"not_picked":["Blur+1","Backflip","Choke+1"],"picked":"Prepared+1","floor":47},{"not_picked":["BattleHymn+1","Bane","Flying Knee","Setup"],"picked":"Singing Bowl","floor":47},{"not_picked":["Deflect","Glass Knife","Crescendo+1","Prepared+1"],"picked":"Singing Bowl","floor":48},{"not_picked":["EmptyBody+1","Glass Knife","TalkToTheHand","Flying Knee+1"],"picked":"Singing Bowl","floor":48}],"player_experience":496080,"relics_obtained":[{"floor":6,"key":"Snake Skull"},{"floor":8,"key":"Vajra"},{"floor":9,"key":"Centennial Puzzle"},{"floor":13,"key":"PreservedInsect"},{"floor":23,"key":"Prayer Wheel"},{"floor":26,"key":"MawBank"},{"floor":27,"key":"Shuriken"},{"floor":38,"key":"Peace Pipe"},{"floor":40,"key":"Frozen Egg 2"},{"floor":43,"key":"Bag of Preparation"}],"event_choices":[{"damage_healed":0,"gold_gain":175,"player_choice":"AGREE","damage_taken":0,"max_hp_gain":0,"max_hp_loss":0,"event_name":"Liars Game","floor":2,"gold_loss":0,"cards_obtained":["Doubt"]},{"cards_removed":["Doubt"],"damage_healed":0,"gold_gain":0,"player_choice":"Card Removal","damage_taken":7,"max_hp_gain":0,"max_hp_loss":0,"event_name":"Golden Wing","floor":3,"gold_loss":0},{"damage_healed":0,"gold_gain":0,"player_choice":"Trade","damage_taken":0,"relics_obtained":["CultistMask"],"max_hp_gain":0,"max_hp_loss":0,"event_name":"FaceTrader","floor":4,"gold_loss":0},{"cards_removed":["Dagger Throw"],"damage_healed":0,"gold_gain":0,"player_choice":"Card Removal","damage_taken":0,"max_hp_gain":0,"max_hp_loss":0,"event_name":"The Cleric","floor":12,"gold_loss":50},{"damage_healed":0,"gold_gain":0,"player_choice":"Success","damage_taken":7,"relics_obtained":["Eternal Feather"],"max_hp_gain":0,"max_hp_loss":0,"event_name":"Scrap Ooze","floor":14,"gold_loss":0},{"damage_healed":0,"gold_gain":0,"cards_transformed":["Bouncing Flask"],"player_choice":"Transformed","damage_taken":0,"max_hp_gain":0,"max_hp_loss":0,"event_name":"Transmorgrifier","floor":21,"gold_loss":0,"cards_obtained":["Accuracy"]},{"cards_removed":["Accuracy"],"damage_healed":9,"gold_gain":0,"player_choice":"Offered Uncommon","damage_taken":0,"max_hp_gain":0,"max_hp_loss":0,"event_name":"Bonfire Elementals","floor":25,"gold_loss":0},{"damage_healed":0,"gold_gain":0,"player_choice":"Ignored","damage_taken":0,"max_hp_gain":0,"max_hp_loss":0,"event_name":"Tomb of Lord Red Mask","floor":36,"gold_loss":0},{"damage_healed":0,"gold_gain":0,"player_choice":"Max HP","damage_taken":0,"max_hp_gain":0,"max_hp_loss":5,"event_name":"Winding Halls","floor":37,"gold_loss":0},{"damage_healed":0,"gold_gain":0,"player_choice":"Fight","damage_taken":0,"max_hp_gain":0,"max_hp_loss":0,"event_name":"Mysterious Sphere","floor":38,"gold_loss":0},{"damage_healed":88,"gold_gain":0,"player_choice":"Heal","damage_taken":0,"max_hp_gain":0,"max_hp_loss":13,"event_name":"The Moai Head","floor":44,"gold_loss":0}],"is_beta":false,"boss_relics":[{"not_picked":["Ring of the Serpent","WristBlade"],"picked":"Philosopher\u0027s Stone"},{"not_picked":["Runic Pyramid","Runic Dome"],"picked":"Snecko Eye"}],"items_purged_floors":[39],"is_endless":false,"potions_floor_spawned":[1,10,16,18,22,28,29,33,38,42,45,48],"ascension_level":0}}