{"host":"03szyvia947otbw5","time":1612977819,"event":{"mods":["Act Like it!","BaseMod","Better Note","Dota2Spire","Hallownest","Marisa£®ÏF”Í°°ƒß¿Ì…≥£©","Minty Spire (QoL Compilation)","Replay The Spire","Ryuuou¡˙Õı","Shop Mod","StSLib","The Blue Laboratory","The Bug Knight","The Runesmith","Thieving Mod","°æ“≈ŒÔø®≈∆°øREMEMod"],"gold_per_floor":[115,63,63,75,75,75,75,85,112,112,112,112,112,131,131,131,131],"floor_reached":16,"language":"ZHS","playtime":490,"items_purged":[],"score":88,"play_id":"2506d13e-3a97-4444-8ddf-acb1a9639077","local_time":"20210211012339","daily_mods":["SealedDeck","Allstar","Heirloom","Time Dilation","Flight"],"is_ascension_mode":false,"campfire_choices":[{"data":"Searing Blow","floor":6,"key":"SMITH"},{"data":"Searing Blow+1","floor":7,"key":"SMITH"},{"data":"Searing Blow+2","floor":10,"key":"SMITH"},{"data":"Wraith Form v2","floor":11,"key":"SMITH"},{"data":"DevaForm","floor":13,"key":"SMITH"},{"floor":15,"key":"REST"}],"circlet_count":0,"master_deck":["Demon Form","Wraith Form v2+1","Echo Form","DevaForm+1","Runesmith:CreatorForm","Heavy Blade","Infernal Blade","Flex","Heavy Blade","Shrug It Off","Flex","Flame Barrier","Searing Blow+3","Entrench","Shrug It Off","Heavy Blade","Flex","Parasite","Delirium","Pain","Inflame"],"relics":["Burning Blood","REME_ComplimentaryCards","Lizard Tail","Brimstone","ReplayTheSpireMod:TigerMarble"],"acts_visited":["Exordium"],"potions_floor_usage":[14],"damage_taken":[{"damage":0,"enemies":"Cultist","floor":1,"turns":4},{"damage":8,"enemies":"2 Louse","floor":4,"turns":2},{"damage":2,"enemies":"Small Slimes","floor":8,"turns":3},{"damage":36,"enemies":"3 Louse","floor":14,"turns":4},{"damage":127,"enemies":"The Guardian","floor":16,"turns":5}],"seed_played":"-988698660081004074","potions_obtained":[{"floor":4,"key":"Ancient Potion"}],"is_trial":true,"path_per_floor":["M","$","?","M","$","R","R","M","T","R","R","$","R","M","R","B"],"character_chosen":"IRONCLAD","items_purchased":["Heavy Blade"],"campfire_rested":1,"item_purchase_floors":[2],"current_hp_per_floor":[80,80,80,78,58,58,58,62,62,62,62,42,42,12,36,0,0],"gold":131,"neow_bonus":"","is_daily":false,"chose_seed":false,"campfire_upgraded":5,"win_rate":0.0,"timestamp":1612977819,"path_taken":["M","?","?","?","?","R","R","M","T","R","R","$","R","M","R","BOSS"],"items_purchased_type":["Card"],"build_version":"2020-12-22","purchased_purges":0,"victory":false,"max_hp_per_floor":[80,80,80,80,80,80,80,80,80,80,80,80,80,80,80,80,80],"card_choices":[{"not_picked":["Replay:Undeath\u0027s Touch","Wild Strike","Clash"],"picked":"SKIP","floor":1},{"not_picked":["Dropkick","Twin Strike"],"picked":"Flex","floor":4},{"not_picked":["Headbutt","Clothesline","Thunderclap"],"picked":"SKIP","floor":8},{"not_picked":["Body Slam","Sword Boomerang"],"picked":"Inflame","floor":14}],"player_experience":229962,"relics_obtained":[{"floor":9,"key":"ReplayTheSpireMod:TigerMarble"}],"event_choices":[{"cards_removed":["Entrench"],"damage_healed":0,"gold_gain":0,"player_choice":"Give","damage_taken":0,"max_hp_gain":0,"max_hp_loss":0,"event_name":"betterNote:BetterNote","floor":3,"gold_loss":0,"cards_obtained":["None"]}],"is_beta":false,"boss_relics":[],"items_purged_floors":[],"is_endless":true,"potions_floor_spawned":[4],"killed_by":"The Guardian","ascension_level":0}}