{"host":"2j5d0uw0vihq8b8w","time":1612923605,"event":{"mods":["2.2 Compatiblity","AchievementEnabler","BaseMod","BetterRewards","Colored Map","Colored Powertips","Custom Start","DeckTracker","Minty Spire (QoL Compilation)","Permanent Neow","Quick Restart","Rare Cards Sparkle","StSLib","SuperFastMode"],"gold_per_floor":[117,128,148,148,148,179,179,232,312,345,356,356,356,369,369,466,466,485,485,485,201,201,228,228,241,241,340,358,389,301,321,321,416,416,428,78,92,108,58,83,102,137,137,137,137,172,184,194,194,194],"floor_reached":51,"language":"KOR","playtime":9070,"items_purged":["Cleave","Corruption","Wild Strike","Evolve"],"score":1792,"play_id":"010e1073-0799-4f32-8a53-98622a077be0","local_time":"20210210112005","is_ascension_mode":true,"campfire_choices":[{"data":"Barricade","floor":7.0,"key":"SMITH"},{"data":"Whirlwind","floor":13.0,"key":"SMITH"},{"data":"Flex","floor":15.0,"key":"SMITH"},{"data":"Deep Breath","floor":24.0,"key":"SMITH"},{"data":"Berserk","floor":32.0,"key":"SMITH"},{"floor":45.0,"key":"REST"},{"floor":49.0,"key":"REST"}],"circlet_count":0,"master_deck":["AscendersBane","Bash","Apotheosis+1","Spot Weakness","Barricade+1","Heavy Blade","Whirlwind+1","Shrug It Off","Flex+1","Berserk+1","Bloodletting","Pummel","Power Through","Intimidate","Havoc+1","Necronomicurse","Deep Breath+1","Acrobatics","Deep Breath+1","Static Discharge","Secret Weapon","Conserve Battery","Recycle","Madness","Madness","Perseverance+1","Reflex"],"relics":["Burning Blood","Chemical X","Torii","Smiling Mask","Self Forming Clay","Darkstone Periapt","Sundial","Pandora\u0027s Box","Necronomicon","Omamori","PrismaticShard","Blue Candle","Blood Vial","Pantograph","Cursed Key","TheAbacus","Lantern","Bottled Lightning","Strawberry","Shuriken","Akabeko"],"acts_visited":["Exordium","TheCity","TheBeyond"],"potions_floor_usage":[],"damage_taken":[{"damage":6.0,"enemies":"Cultist","floor":1.0,"turns":3.0},{"damage":4.0,"enemies":"Jaw Worm","floor":2.0,"turns":4.0},{"damage":4.0,"enemies":"Small Slimes","floor":3.0,"turns":4.0},{"damage":21.0,"enemies":"Lagavulin","floor":6.0,"turns":8.0},{"damage":34.0,"enemies":"3 Sentries","floor":8.0,"turns":9.0},{"damage":16.0,"enemies":"Lagavulin","floor":10.0,"turns":7.0},{"damage":1.0,"enemies":"Looter","floor":11.0,"turns":4.0},{"damage":10.0,"enemies":"Gremlin Gang","floor":14.0,"turns":2.0},{"damage":1.0,"enemies":"The Guardian","floor":16.0,"turns":7.0},{"damage":3.0,"enemies":"3 Byrds","floor":18.0,"turns":3.0},{"damage":3.0,"enemies":"Gremlin Leader","floor":23.0,"turns":3.0},{"damage":3.0,"enemies":"2 Thieves","floor":25.0,"turns":1.0},{"damage":18.0,"enemies":"Snake Plant","floor":28.0,"turns":3.0},{"damage":2.0,"enemies":"Book of Stabbing","floor":29.0,"turns":3.0},{"damage":3.0,"enemies":"Centurion and Healer","floor":31.0,"turns":1.0},{"damage":4.0,"enemies":"Collector","floor":33.0,"turns":2.0},{"damage":28.0,"enemies":"3 Shapes","floor":35.0,"turns":1.0},{"damage":1.0,"enemies":"Orb Walker","floor":37.0,"turns":2.0},{"damage":12.0,"enemies":"4 Shapes","floor":38.0,"turns":3.0},{"damage":0.0,"enemies":"Giant Head","floor":40.0,"turns":4.0},{"damage":3.0,"enemies":"Sphere and 2 Shapes","floor":41.0,"turns":1.0},{"damage":3.0,"enemies":"Reptomancer","floor":42.0,"turns":2.0},{"damage":3.0,"enemies":"Giant Head","floor":46.0,"turns":4.0},{"damage":17.0,"enemies":"Writhing Mass","floor":47.0,"turns":4.0},{"damage":18.0,"enemies":"4 Shapes","floor":48.0,"turns":6.0},{"damage":45,"enemies":"Time Eater","floor":50,"turns":7}],"seed_played":"-1883634529618018699","potions_obtained":[{"floor":1.0,"key":"ColorlessPotion"},{"floor":3.0,"key":"Block Potion"},{"floor":11.0,"key":"SteroidPotion"},{"floor":14.0,"key":"GamblersBrew"},{"floor":25.0,"key":"Dexterity Potion"},{"floor":31.0,"key":"BlessingOfTheForge"}],"is_trial":false,"path_per_floor":["M","M","M","?","?","E","R","E","T","E","M","T","R","M","R","B",null,"M","?","?","$","?","E","R","M","T","?","M","E","$","M","R","B",null,"M","$","M","M","$","E","M","E","T","?","R","E","M","M","R","B",null],"character_chosen":"IRONCLAD","items_purchased":["Apotheosis","Chemical X","Deep Breath","PrismaticShard","Evolve","TheAbacus","Lantern"],"campfire_rested":2,"item_purchase_floors":[0,0,21,21,30,36,36],"current_hp_per_floor":[72,74,76,76,69,54,54,26,26,16,21,21,21,17,17,22,66,69,59,59,59,59,62,62,65,65,65,55,61,61,66,66,86,86,64,64,71,67,67,75,80,92,92,80,93,93,82,72,93,54],"gold":194,"neow_bonus":"","is_daily":false,"chose_seed":false,"campfire_upgraded":5,"win_rate":0.0,"timestamp":1612923605,"path_taken":["M","?","M","?","?","E","R","E","T","E","M","?","R","M","R","BOSS","M","?","?","$","?","E","R","M","T","?","M","E","?","M","R","BOSS","M","$","?","M","$","E","M","E","T","?","R","E","M","M","R","BOSS"],"items_purchased_type":["Card","Relic","Card","Relic","Card","Relic","Relic"],"build_version":"2020-12-22","purchased_purges":4,"victory":true,"max_hp_per_floor":[80,80,80,80,80,80,80,80,80,80,80,80,80,80,80,80,80,80,86,86,86,86,86,86,86,86,86,86,86,86,86,86,86,86,86,86,86,86,86,86,86,93,93,93,93,93,93,93,93,93],"card_choices":[{"not_picked":["Dual Wield","Bloodletting","Evolve"],"picked":"SKIP","floor":1.0},{"not_picked":["Dropkick","Uppercut","Heavy Blade"],"picked":"SKIP","floor":2.0},{"not_picked":["Second Wind","Clothesline"],"picked":"Spot Weakness","floor":3.0},{"not_picked":["Spot Weakness","Perfected Strike"],"picked":"Barricade","floor":6.0},{"not_picked":["Sword Boomerang","Wild Strike"],"picked":"Heavy Blade","floor":8.0},{"not_picked":["Clash","Combust"],"picked":"Whirlwind","floor":10.0},{"not_picked":["Havoc","Clash"],"picked":"Shrug It Off","floor":11.0},{"not_picked":["Thunderclap","Intimidate"],"picked":"Flex","floor":14.0},{"not_picked":["Juggernaut","Feed"],"picked":"Berserk","floor":16.0},{"not_picked":["Shrug It Off","Warcry"],"picked":"Havoc+1","floor":18.0},{"not_picked":["BootSequence","Coolheaded","Deadly Poison"],"picked":"SKIP","floor":23.0},{"not_picked":["Iron Wave","Leg Sweep","Beam Cell"],"picked":"SKIP","floor":25.0},{"not_picked":["Rebound","Warcry"],"picked":"Acrobatics","floor":28.0},{"not_picked":["Havoc","Flying Knee"],"picked":"Deep Breath+1","floor":29.0},{"not_picked":["ClearTheMind","Dagger Spray"],"picked":"Static Discharge","floor":31.0},{"not_picked":["SpiritShield","Metamorphosis"],"picked":"Secret Weapon","floor":33.0},{"not_picked":["Scrape","Clothesline"],"picked":"Conserve Battery","floor":35.0},{"not_picked":["Sweeping Beam","Catalyst","EmptyBody"],"picked":"SKIP","floor":37.0},{"not_picked":["Crippling Poison","Sword Boomerang","EmptyMind"],"picked":"SKIP","floor":38.0},{"not_picked":["Crippling Poison","Sword Boomerang","EmptyMind"],"picked":"SKIP","floor":38.0},{"not_picked":["Prostrate","Dagger Spray+1","Dark Embrace+1"],"picked":"SKIP","floor":40.0},{"not_picked":["Prostrate","Dagger Spray+1","Dark Embrace+1"],"picked":"SKIP","floor":40.0},{"not_picked":["Static Discharge+1","True Grit+1"],"picked":"Recycle","floor":41.0},{"not_picked":["Consecrate","Footwork","Perfected Strike"],"picked":"SKIP","floor":42.0},{"not_picked":["Consecrate","ClearTheMind","Cloak And Dagger"],"picked":"SKIP","floor":46.0},{"not_picked":["Chaos","Acrobatics","Perseverance+1"],"picked":"SKIP","floor":47.0},{"not_picked":["Chaos","Acrobatics"],"picked":"Perseverance+1","floor":47.0},{"not_picked":["Riddle With Holes+1","Stack"],"picked":"Reflex","floor":48.0}],"player_experience":676247,"relics_obtained":[{"floor":6.0,"key":"Torii"},{"floor":8.0,"key":"Smiling Mask"},{"floor":9.0,"key":"Self Forming Clay"},{"floor":10.0,"key":"Darkstone Periapt"},{"floor":12.0,"key":"Sundial"},{"floor":19.0,"key":"Necronomicon"},{"floor":23.0,"key":"Blue Candle"},{"floor":26.0,"key":"Blood Vial"},{"floor":29.0,"key":"Pantograph"},{"floor":40.0,"key":"Bottled Lightning"},{"floor":42.0,"key":"Strawberry"},{"floor":43.0,"key":"Shuriken"},{"floor":46.0,"key":"Akabeko"}],"event_choices":[{"damage_healed":0.0,"max_hp_gain":0.0,"max_hp_loss":0.0,"gold_gain":0.0,"event_name":"Living Wall","player_choice":"Grow","floor":4.0,"gold_loss":0.0,"damage_taken":0.0,"cards_upgraded":["Apotheosis"]},{"cards_removed":["Strike_R"],"damage_healed":0.0,"max_hp_gain":0.0,"max_hp_loss":0.0,"gold_gain":0.0,"event_name":"Golden Wing","player_choice":"Card Removal","floor":5.0,"gold_loss":0.0,"damage_taken":7.0},{"damage_healed":0.0,"max_hp_gain":0.0,"max_hp_loss":0.0,"gold_gain":0.0,"event_name":"Cursed Tome","player_choice":"Obtained Book","floor":19.0,"gold_loss":0.0,"damage_taken":16.0},{"damage_healed":0.0,"max_hp_gain":0.0,"max_hp_loss":0.0,"gold_gain":0.0,"event_name":"The Mausoleum","player_choice":"Opened","floor":20.0,"gold_loss":0.0,"damage_taken":0.0,"relics_obtained":["Omamori"]},{"cards_removed":["Heavy Blade"],"damage_healed":0.0,"max_hp_gain":0.0,"max_hp_loss":0.0,"gold_gain":0.0,"event_name":"Back to Basics","player_choice":"Elegance","floor":22.0,"gold_loss":0.0,"damage_taken":0.0},{"damage_healed":0.0,"max_hp_gain":0.0,"max_hp_loss":0.0,"gold_gain":99.0,"event_name":"Nest","player_choice":"Stole From Cult","floor":27.0,"gold_loss":0.0,"damage_taken":0.0},{"damage_healed":0.0,"max_hp_gain":0.0,"max_hp_loss":0.0,"gold_gain":0.0,"event_name":"Winding Halls","player_choice":"Embrace Madness","floor":44.0,"gold_loss":0.0,"damage_taken":12.0,"cards_obtained":["Madness","Madness"]}],"is_beta":false,"boss_relics":[{"not_picked":["Busted Crown","Runic Cube"],"picked":"Pandora\u0027s Box"},{"not_picked":["Runic Dome","Velvet Choker"],"picked":"Cursed Key"}],"items_purged_floors":[21,30,36,39],"is_endless":false,"potions_floor_spawned":[1,3,6,11,14,25,28,31,33,37,41,42,46,47],"ascension_level":12}}