{"host":"fj5i6t4nkss7815d","time":1612924391,"event":{"mods":["AchievementEnabler","BaseMod","Minty Spire (QoL Compilation)","Quick Restart","Relic Stats"],"gold_per_floor":[116,126,146,160,160,160,160],"floor_reached":6,"language":"ENG","playtime":460,"items_purged":[],"score":74,"play_id":"85bb3913-dcc1-4676-b0a3-f34c006bb98d","local_time":"20210209183311","is_ascension_mode":true,"campfire_choices":[],"circlet_count":0,"master_deck":["AscendersBane","Strike_B","Strike_B","Defend_B","Defend_B","Defend_B","Zap","Dualcast","Reprogram+1","Echo Form+1","FTL","Sweeping Beam"],"relics":["Astrolabe"],"acts_visited":["Exordium"],"potions_floor_usage":[6,6],"damage_taken":[{"damage":8,"enemies":"Small Slimes","floor":1,"turns":6},{"damage":2,"enemies":"Cultist","floor":2,"turns":4},{"damage":12,"enemies":"Jaw Worm","floor":3,"turns":5},{"damage":16,"enemies":"Blue Slaver","floor":4,"turns":5},{"damage":4,"enemies":"Gremlin Nob","floor":6,"turns":3}],"seed_played":"8457782712294225638","potions_obtained":[{"floor":2,"key":"Dexterity Potion"},{"floor":3,"key":"Dexterity Potion"}],"is_trial":false,"path_per_floor":["M","M","M","M","?","E"],"character_chosen":"DEFECT","items_purchased":[],"campfire_rested":0,"item_purchase_floors":[],"current_hp_per_floor":[56,54,42,26,26,22,22],"gold":160,"neow_bonus":"BOSS_RELIC","is_daily":false,"chose_seed":false,"campfire_upgraded":0,"win_rate":0.0,"timestamp":1612924391,"path_taken":["M","M","M","M","?","E"],"items_purchased_type":[],"build_version":"2020-12-22","purchased_purges":0,"victory":false,"max_hp_per_floor":[71,71,71,71,71,71,71],"relic_stats":{"counters":[5,23],"Astrolabe":["Defragment","Reprogram","Echo Form"],"obtain_stats":[{"Astrolabe":0,"Cracked Core":0},{"Astrolabe":0,"Cracked Core":0},{"Astrolabe":0,"Cracked Core":0}]},"card_choices":[{"not_picked":["Stack","Defragment","Undo"],"picked":"SKIP","floor":1},{"not_picked":["Fusion","Skim","Barrage"],"picked":"SKIP","floor":2},{"not_picked":["Steam","Steam Power"],"picked":"FTL","floor":3},{"not_picked":["Hologram","Rebound"],"picked":"Sweeping Beam","floor":4}],"player_experience":1025655,"relics_obtained":[],"event_choices":[{"cards_removed":["Defragment"],"damage_healed":0,"gold_gain":0,"player_choice":"Purged","damage_taken":0,"max_hp_gain":0,"max_hp_loss":0,"event_name":"Purifier","floor":5,"gold_loss":0}],"is_beta":false,"boss_relics":[],"items_purged_floors":[],"is_endless":false,"potions_floor_spawned":[2,3,4],"killed_by":"Gremlin Nob","ascension_level":19}}