{"host":"e5u7qs1emxzejr12","time":1612964391,"event":{"mods":["100% Spire Juice","2.2 Compatiblity","Act Like it!","Arknights","Ascension Unlocker","BaseMod","CapriCore","Card Forge","Colored Powertips","Custom Start","GifTheSpireLib","Highlight Path","KomeijiMod","Marisa£®ÏF”Í°°ƒß¿Ì…≥£©","Minty Spire (QoL Compilation)","Monster B Gone","MostiFishMod","Quick Restart","Relic Filter Mod","Reliquary","Replay The Spire","StSLib","SuperFastMode","The Blackbeard","WarShipGirlsR/’ΩΩ¢…Ÿ≈ÆR mod","Youmu£®ªÍ∆«—˝√Œ£©","ÛÙª÷∏ƒœ"],"gold_per_floor":[144,144,144,193,273,361,462,560,560,664,578,236,330,382,382,636,636,688,740,365,365,414,525,100,229,254,370,489,49,145,242,7,268,268,310,196,529,117,117,6,99,207,207,308,91,186,4,52,52,55,65,65,65,65,161,166],"floor_reached":57,"language":"ZHS","playtime":3144,"items_purged":[],"score":3382,"play_id":"4df152d2-402f-47e2-bd64-96b2ed39b988","local_time":"20210210213951","daily_mods":["Heirloom","Flight","DeadlyEvents","Elite Swarm","Midas"],"is_ascension_mode":true,"campfire_choices":[{"floor":15.0,"key":"RECALL"}],"circlet_count":0,"master_deck":["AscendersBane","WheelOfPainOfLivingAndDead+1","MostiFishMod:SephirahHod+1","HellFireSword+1","FastingOfTheYoungPreta+1","FastingOfTheYoungPreta+1","CurseOfTheBell","SwordOfBindingDesires+1","PreachingAvici+1","CelestialStarSword+1","MostiFishMod:KingOfFree+1","AsTheSilentNirvana+1","CelestialStarSword+1","WickedSoul+1","FastingOfTheYoungPreta+1","Deep Breath+1","Master of Strategy+1","MostiFishMod:SupremeArchaeology+1"],"relics":["HalfPhantom","Hammer of Thor","Seething Fire","Anvil of the Gods","DaveBox","Incense Burner","MostiFishMod:Hod","SynthV:TestCard","Lizard Tail","Replay:Accelerometer","Replay:Bottled Steam","Replay:Mystery Machine","ReplayTheSpireMod:Ninjato","OriginationStaff","Calling Bell","War Paint","The Courier","CombinedTypeHook","ReplayTheSpireMod:CursedCoin","Replay:Bandana","Ice Cream","reliquary:TatteredRug","reliquary:PartyBalloon","Snack Pack","Art of War","Orrery","Toy Ornithopter","Blood Vial","Meat on the Bone","Strawberry","Membership Card","Vajra","Wakizashi","Calipers","Oddly Smooth Stone","reliquary:Buckler","Pantograph","reliquary:FerryPass","Boot","Cursed Key","Civilization","Sundial","Blue Doll","Replay:Baseball","Potion Belt","ImprovedEquipment","Dream Catcher","reliquary:Sideboard","Question Card","reliquary:RoseTintedGlasses","HornCleat","Toxic Egg 2","Replay:Rubber Ducky","Hakurouken","Lantern","Akabeko"],"acts_visited":["Exordium","TheCity","TheBeyond","TheEnding"],"potions_floor_usage":[],"damage_taken":[{"damage":0.0,"enemies":"Jaw Worm","floor":1.0,"turns":3.0},{"damage":0.0,"enemies":"Small Slimes","floor":4.0,"turns":4.0},{"damage":0.0,"enemies":"Lagavulin","floor":6.0,"turns":4.0},{"damage":1.0,"enemies":"Replay:BlueRogue","floor":7.0,"turns":5.0},{"damage":21.0,"enemies":"Gremlin Nob","floor":8.0,"turns":4.0},{"damage":20.0,"enemies":"3 Sentries","floor":10.0,"turns":6.0},{"damage":3.0,"enemies":"Lagavulin","floor":13.0,"turns":4.0},{"damage":0.0,"enemies":"2 Louse","floor":14.0,"turns":2.0},{"damage":0.0,"enemies":"The Guardian","floor":16.0,"turns":6.0},{"damage":1.0,"enemies":"2 Thieves","floor":18.0,"turns":2.0},{"damage":0.0,"enemies":"3 Byrds","floor":19.0,"turns":2.0},{"damage":18.0,"enemies":"3 Cultists","floor":22.0,"turns":3.0},{"damage":13.0,"enemies":"Slavers","floor":23.0,"turns":3.0},{"damage":0.0,"enemies":"Gremlin Leader","floor":25.0,"turns":5.0},{"damage":3.0,"enemies":"Slavers","floor":27.0,"turns":3.0},{"damage":21.0,"enemies":"Book of Stabbing","floor":28.0,"turns":4.0},{"damage":0.0,"enemies":"Slavers","floor":30.0,"turns":6.0},{"damage":0.0,"enemies":"Book of Stabbing","floor":31.0,"turns":3.0},{"damage":18.0,"enemies":"Champ","floor":33.0,"turns":5.0},{"damage":0.0,"enemies":"Orb Walker","floor":35.0,"turns":2.0},{"damage":0,"enemies":"Nemesis","floor":41,"turns":3},{"damage":0,"enemies":"R_Hoarder","floor":42,"turns":5},{"damage":0,"enemies":"Reptomancer","floor":44,"turns":3},{"damage":0,"enemies":"R_Hoarder","floor":46,"turns":3},{"damage":0,"enemies":"3 Shapes","floor":48,"turns":5},{"damage":0,"enemies":"Time Eater","floor":50,"turns":4},{"damage":0,"enemies":"Replay:Hell Engine","floor":51,"turns":5},{"damage":0,"enemies":"Shield and Spear","floor":55,"turns":5},{"damage":2,"enemies":"The Heart","floor":56,"turns":6}],"seed_played":"-2707591585004576876","potions_obtained":[{"floor":4.0,"key":"PhantomPosion"},{"floor":6.0,"key":"BlessingOfTheForge"},{"floor":14.0,"key":"Strength Potion"},{"floor":16.0,"key":"ColorlessPotion"},{"floor":21.0,"key":"AttackPotion"},{"floor":21.0,"key":"LiquidMemories"},{"floor":48,"key":"Energy Potion"}],"is_trial":true,"path_per_floor":["M","?","?","M","?","E","E","E","T","E","R","$","E","M","R","B",null,"M","M","$","?","M","E","R","E","T","E","E","R","E","E","R","B",null,"M","$","?","$","?","R","E","E","T","E","R","E","$","M","R","B","B",null,"R","$","E","B",null],"character_chosen":"YOUMU","items_purchased":["HumanGodSword","ReplayTheSpireMod:Ninjato","HellFireSword+1","ReplayTheSpireMod:CursedCoin","Replay:Bandana","Ice Cream","reliquary:TatteredRug","reliquary:PartyBalloon","Art of War","MostiFishMod:KingOfFree","Orrery","Membership Card","Vajra","Wakizashi","Calipers","Pantograph","reliquary:FerryPass","Boot","Deep Breath","Master of Strategy","Civilization","Sundial","MostiFishMod:SupremeArchaeology","Blue Doll","Replay:Baseball","Potion Belt","ImprovedEquipment","HornCleat","Toxic Egg 2","Hakurouken","Lantern"],"campfire_rested":0,"item_purchase_floors":[11,12,12,20,20,20,20,20,24,24,24,29,29,29,29,32,32,32,36,36,38,38,38,38,38,38,40,45,45,47,47],"current_hp_per_floor":[63,63,63,63,63,63,62,41,41,21,21,21,18,18,18,18,52,51,51,51,51,33,20,20,33,33,39,49,49,54,58,58,54,66,68,68,68,68,68,68,71,73,73,76,76,80,80,85,85,90,95,95,95,95,100,105],"gold":166,"neow_bonus":"","is_daily":false,"chose_seed":false,"campfire_upgraded":0,"win_rate":0.0,"timestamp":1612964391,"path_taken":["M","?","?","?","?","E","E","E","T","E","R","$","E","M","R","BOSS","M","M","$","?","?","E","R","E","T","E","E","R","E","E","R","BOSS","M","$","?","$","?","R","E","E","T","E","R","E","$","?","R","BOSS","BOSS","R","$","E","BOSS"],"items_purchased_type":["Card","Relic","Card","Relic","Relic","Relic","Relic","Relic","Relic","Card","Relic","Relic","Relic","Relic","Relic","Relic","Relic","Relic","Card","Card","Relic","Relic","Card","Relic","Relic","Relic","Relic","Relic","Relic","Relic","Relic"],"build_version":"2020-12-22","purchased_purges":0,"victory":true,"max_hp_per_floor":[70,70,63,63,63,63,63,63,63,63,63,63,63,63,63,63,63,63,63,63,63,63,63,63,63,63,63,70,70,70,70,70,70,70,70,70,70,70,70,70,71,73,73,76,76,80,80,85,85,90,95,95,95,95,100,105],"card_choices":[{"not_picked":["CherryBlossomFlashing","LowerRealmReflectionSlash"],"picked":"HellFireSword","floor":1.0},{"not_picked":["ObsessionSword","SwordExtraction","ObsessionWithThePresentWorld","FiveSignsOfTheDyingDeva"],"picked":"SanzenSekai","floor":4.0},{"not_picked":["DeadlyForm","GreatEnlightenmentAppearingAndDisappearing","FastingOfTheYoungPreta","HellRealmSword"],"picked":"StrangeHalfBody","floor":6.0},{"not_picked":["SlashOfSaigyouSpringWind","CelestialStarSword","VoidnessSword","StrangeHalfBody"],"picked":"HeavenGodSword","floor":7.0},{"not_picked":["VoidnessSword","AsuraSword","SuddenDivineSeveringOfKarmicWind","IrresoluteSoul","CherryBlossomSword"],"picked":"SKIP","floor":8.0},{"not_picked":["IrresoluteSoul","CelestialStarSword","HeavenGodSword","SlashOfTheEternalFuture"],"picked":"HeavenSword","floor":10.0},{"not_picked":["CelestialStarSword","ASingleThoughtAndInfiniteKalpas","HeavenGodSword","ReincarnationSword"],"picked":"FastingOfTheYoungPreta","floor":13.0},{"not_picked":["SpiritCuttingSword","DispleasureOfTheSevenHakus","AsTheSilentNirvana","ThreeKonsSevenHakus"],"picked":"SwordOfBindingDesires","floor":14.0},{"not_picked":["HeavenGodSword","SlashOfTheEternalFuture","VoidnessSword","GreatEnlightenmentAppearingAndDisappearing"],"picked":"FastingOfTheYoungPreta","floor":16.0},{"not_picked":["HumanRealmSword","HeartExcerptSlash","PhosphoricSlash","ThreeKonsSevenHakus"],"picked":"SwordOfBindingDesires","floor":18.0},{"not_picked":["DoubleWheelOfPain","KarmicPunishmentOfTheIdleAndUnfocused","LowerRealmReflectionSlash","DeadlyForm"],"picked":"PreachingAvici","floor":19.0},{"not_picked":["PhosphoricSlash","RapidSlash","PretaSword","ConstancyOfTheConventionalTruth","HumanRealmSword"],"picked":"SKIP","floor":22.0},{"not_picked":["SlashOfSaigyouSpringWind","SuddenDivineSeveringOfKarmicWind","FastingOfTheYoungPreta","AsuraSword"],"picked":"CelestialStarSword","floor":23.0},{"not_picked":["SlashOfMeditation","FourBirthsSword","SwordExtraction","HiganSword"],"picked":"AsTheSilentNirvana","floor":24.0},{"not_picked":["CherryBlossomSword","VoidnessSword","HeavenSword","StrangeHalfBody"],"picked":"CelestialStarSword","floor":25.0},{"not_picked":["HellRealmSword","CherryBlossomSword","AsuraSword","SlashOfSaigyouSpringWind"],"picked":"WickedSoul","floor":27.0},{"not_picked":["HeavenSword","AsuraSword","GreatEnlightenmentAppearingAndDisappearing","IrresoluteSoul"],"picked":"WickedSoul","floor":28.0},{"not_picked":["SlashOfSaigyouSpringWind","MatsuyoiReflectingSatelliteSlash","ASingleThoughtAndInfiniteKalpas","AsuraSword","CelestialStarSword"],"picked":"SKIP","floor":30.0},{"not_picked":["ASingleThoughtAndInfiniteKalpas","IrresoluteSoul","CherryBlossomSword","GreatEnlightenmentAppearingAndDisappearing"],"picked":"FastingOfTheYoungPreta","floor":31.0},{"not_picked":["SlashClearingTheSixSenses","CherryBlossomFlashing+1","SwordExtraction","BizarrenessOfSixRealms","SpiritCuttingSword+1"],"picked":"SKIP","floor":35.0},{"not_picked":["ReincarnationSword","DeadlyForm","WickedSoul","SuddenDivineSeveringOfKarmicWind","CelestialStarSword"],"picked":"SKIP","floor":41},{"not_picked":["GreatEnlightenmentAppearingAndDisappearing","SuddenDivineSeveringOfKarmicWind","SlashOfSaigyouSpringWind","CherryBlossomSword"],"picked":"StrangeHalfBody","floor":42},{"not_picked":["WickedSoul","IrresoluteSoul","CelestialStarSword","ASingleThoughtAndInfiniteKalpas","SlashOfTheEternalFuture","MatsuyoiReflectingSatelliteSlash"],"picked":"SKIP","floor":44},{"not_picked":["IrresoluteSoul","FastingOfTheYoungPreta+1","VoidnessSword","SuddenDivineSeveringOfKarmicWind","HeavenSword","SlashOfSaigyouSpringWind+1"],"picked":"SKIP","floor":46},{"not_picked":["HumanKnowledgeSword","SlashClearingTheSixSenses","LifeCuttingSword+1","ThreeKonsSevenHakus+1","TwoHundredYojanaInOneSlash","SlashOfMeditation+1"],"picked":"SKIP","floor":48},{"not_picked":["AsuraSword","CherryBlossomSword","GreatEnlightenmentAppearingAndDisappearing+1","CelestialStarSword","SuddenDivineSeveringOfKarmicWind","HeavenSword"],"picked":"SKIP","floor":55}],"player_experience":105328,"relics_obtained":[{"floor":1.0,"key":"SynthV:TestCard"},{"floor":6.0,"key":"Lizard Tail"},{"floor":7.0,"key":"Replay:Accelerometer"},{"floor":8.0,"key":"Replay:Bottled Steam"},{"floor":10.0,"key":"Replay:Mystery Machine"},{"floor":13.0,"key":"OriginationStaff"},{"floor":17.0,"key":"War Paint"},{"floor":17.0,"key":"The Courier"},{"floor":17.0,"key":"CombinedTypeHook"},{"floor":23.0,"key":"Snack Pack"},{"floor":25.0,"key":"Toy Ornithopter"},{"floor":26.0,"key":"Blood Vial"},{"floor":27.0,"key":"Meat on the Bone"},{"floor":28.0,"key":"Strawberry"},{"floor":30.0,"key":"Oddly Smooth Stone"},{"floor":31.0,"key":"reliquary:Buckler"},{"floor":41,"key":"Dream Catcher"},{"floor":42,"key":"reliquary:Sideboard"},{"floor":43,"key":"Question Card"},{"floor":44,"key":"reliquary:RoseTintedGlasses"},{"floor":46,"key":"Replay:Rubber Ducky"},{"floor":55,"key":"Akabeko"}],"event_choices":[{"damage_healed":0.0,"max_hp_gain":0.0,"max_hp_loss":7.0,"gold_gain":0.0,"event_name":"Golden Idol","player_choice":"Lose Max HP","floor":3.0,"gold_loss":0.0,"damage_taken":0.0,"relics_obtained":["Golden Idol"]},{"damage_healed":0.0,"max_hp_gain":0.0,"max_hp_loss":0.0,"gold_gain":0.0,"event_name":"Lab","player_choice":"Got Potions","floor":21.0,"gold_loss":0.0,"damage_taken":0.0},{"damage_healed":0.0,"max_hp_gain":0.0,"max_hp_loss":0.0,"gold_gain":333.0,"event_name":"The Moai Head","player_choice":"Gave Idol","floor":37.0,"relics_lost":["Golden Idol"],"gold_loss":0.0,"damage_taken":0.0}],"is_beta":false,"boss_relics":[{"not_picked":["Ring of Chaos","Painkiller Herb"],"picked":"Calling Bell"},{"not_picked":["Snecko Eye","FixedStarFall"],"picked":"Cursed Key"}],"items_purged_floors":[],"is_endless":false,"potions_floor_spawned":[1,4,6,7,14,16,19,23,30,31,33,46,48],"ascension_level":20}}