{"host":"is2s59edl8twrhoj","time":1612918256,"event":{"mods":["BaseMod","Colored Map","Colored Powertips","DeckTracker","Downfall","Minty Spire (QoL Compilation)","StSLib"],"gold_per_floor":[119,169,15,27,27,60,6,39,39,50,79,49,83,96,96,174,174,187,197,278,328,328,357,357,368,368,368,400,400,400,415,415,489,489,499,514,514,526,119,119,144,144,144,155,169,203,213,284,284,284],"floor_reached":51,"language":"ENG","playtime":2691,"items_purged":["Bash","Strike_R"],"score":1478,"play_id":"d4f2fccd-8b68-406c-b6b8-e7a98a18d28f","local_time":"20210210005056","is_ascension_mode":true,"campfire_choices":[{"data":"Limit Break","floor":15.0,"key":"SMITH"},{"floor":24.0,"key":"REST"},{"floor":30.0,"key":"REST"},{"floor":32.0,"key":"REST"},{"floor":40,"key":"REST"},{"floor":42,"key":"REST"},{"floor":49,"key":"REST"}],"circlet_count":0,"master_deck":["AscendersBane","Strike_R","Strike_R","Strike_R","Defend_R","Defend_R","Defend_R","Defend_R","Metallicize+1","Limit Break+1","Rage","Shrug It Off","Metallicize","Flame Barrier","Sword Boomerang","Spot Weakness","Disarm","Feed","Heavy Blade","Limit Break+1","Thunderclap+1","Rage+1","Inflame+1"],"relics":["Burning Blood","NeowsBlessing","Tiny Chest","Singing Bowl","Blue Candle","Toy Ornithopter","Pen Nib","Fusion Hammer","Paper Frog","Enchiridion","White Beast Statue","Shuriken","HornCleat","Pear","Lizard Tail","Velvet Choker","Vajra","DollysMirror","Frozen Egg 2","Question Card","Torii","Darkstone Periapt"],"acts_visited":["Exordium","TheCity","TheBeyond"],"potions_floor_usage":[36,38,41,41,41,41,46,50],"damage_taken":[{"damage":0.0,"enemies":"Small Slimes","floor":1.0,"turns":1.0},{"damage":0.0,"enemies":"Cultist","floor":4.0,"turns":1.0},{"damage":0.0,"enemies":"Lagavulin","floor":6.0,"turns":2.0},{"damage":16.0,"enemies":"3 Sentries","floor":8.0,"turns":15.0},{"damage":1.0,"enemies":"2 Louse","floor":10.0,"turns":5.0},{"damage":33.0,"enemies":"Lagavulin","floor":11.0,"turns":14.0},{"damage":0.0,"enemies":"Looter","floor":12.0,"turns":4.0},{"damage":15.0,"enemies":"3 Sentries","floor":13.0,"turns":14.0},{"damage":9.0,"enemies":"Exordium Wildlife","floor":14.0,"turns":5.0},{"damage":12.0,"enemies":"Hexaghost","floor":16.0,"turns":10.0},{"damage":27.0,"enemies":"2 Thieves","floor":18.0,"turns":4.0},{"damage":0.0,"enemies":"3 Byrds","floor":19.0,"turns":4.0},{"damage":53.0,"enemies":"Gremlin Leader","floor":23.0,"turns":7.0},{"damage":31.0,"enemies":"3 Cultists","floor":25.0,"turns":6.0},{"damage":33.0,"enemies":"Book of Stabbing","floor":28.0,"turns":6.0},{"damage":1.0,"enemies":"Centurion and Healer","floor":31.0,"turns":8.0},{"damage":37.0,"enemies":"Collector","floor":33.0,"turns":6.0},{"damage":30,"enemies":"3 Darklings","floor":35,"turns":9},{"damage":36,"enemies":"3 Shapes","floor":36,"turns":7},{"damage":36,"enemies":"Maw","floor":38,"turns":7},{"damage":24,"enemies":"Reptomancer","floor":41,"turns":6},{"damage":16,"enemies":"Writhing Mass","floor":44,"turns":4},{"damage":26,"enemies":"Jaw Worm Horde","floor":45,"turns":6},{"damage":27,"enemies":"Giant Head","floor":46,"turns":6},{"damage":20,"enemies":"4 Shapes","floor":47,"turns":7},{"damage":91,"enemies":"Time Eater","floor":50,"turns":8}],"seed_played":"5364048036699660788","potions_obtained":[{"floor":1.0,"key":"Regen Potion"},{"floor":4.0,"key":"FairyPotion"},{"floor":16.0,"key":"Dexterity Potion"},{"floor":25.0,"key":"LiquidMemories"},{"floor":28.0,"key":"BlessingOfTheForge"},{"floor":31.0,"key":"Strength Potion"},{"floor":33.0,"key":"GamblersBrew"},{"floor":35,"key":"LiquidMemories"},{"floor":36,"key":"DuplicationPotion"},{"floor":38,"key":"EntropicBrew"},{"floor":41,"key":"ElixirPotion"},{"floor":44,"key":"Strength Potion"},{"floor":45,"key":"GamblersBrew"},{"floor":46,"key":"SkillPotion"},{"floor":47,"key":"ColorlessPotion"}],"is_trial":false,"path_per_floor":["M","?","$","M","?","E","$","E","T","M","E","M","E","M","R","B",null,"M","M","T","?","?","E","R","M","T","T","E","T","R","M","R","B",null,"M","M","?","M","$","R","E","R","T","M","M","E","M","T","R","B",null],"character_chosen":"IRONCLAD","items_purchased":["Limit Break","Shrug It Off","Vajra","DollysMirror"],"campfire_rested":6,"item_purchase_floors":[3,7,39,39],"current_hp_per_floor":[74,67,67,73,73,75,75,65,65,70,45,51,42,56,56,50,70,54,63,63,63,42,33,59,39,39,39,27,27,59,66,98,74,102,80,60,60,40,40,76,78,114,114,104,89,73,64,64,103,23],"gold":284,"neow_bonus":"THREE_ENEMY_KILL","is_daily":false,"chose_seed":false,"campfire_upgraded":1,"win_rate":0.0,"timestamp":1612918256,"path_taken":["M","?","$","?","?","E","?","E","T","M","E","?","E","M","R","BOSS","M","?","?","?","?","E","R","M","T","?","E","?","R","?","R","BOSS","M","M","?","M","$","R","E","R","T","?","M","E","M","?","R","BOSS"],"items_purchased_type":["Card","Card","Relic","Relic"],"build_version":"2020-12-22","purchased_purges":2,"victory":true,"max_hp_per_floor":[75,75,75,75,75,75,75,75,75,75,77,77,77,77,77,77,77,82,85,85,85,85,87,87,92,92,92,107,107,107,109,109,111,111,113,118,118,123,123,123,123,123,123,123,128,128,133,133,133,133],"card_choices":[{"not_picked":["Seeing Red","Body Slam"],"picked":"Metallicize","floor":1.0},{"not_picked":["Perfected Strike","Body Slam","Bloodletting"],"picked":"SKIP","floor":4.0},{"not_picked":["True Grit","Feel No Pain"],"picked":"Rage","floor":6.0},{"not_picked":["Pommel Strike","Clothesline"],"picked":"Metallicize","floor":8.0},{"not_picked":["Thunderclap","Flex"],"picked":"Flame Barrier","floor":10.0},{"not_picked":["Carnage","Blood for Blood","True Grit"],"picked":"Singing Bowl","floor":11.0},{"not_picked":["Headbutt","Corruption"],"picked":"Sword Boomerang","floor":12.0},{"not_picked":["Combust","Body Slam"],"picked":"Spot Weakness","floor":13.0},{"not_picked":["Anger","Pommel Strike"],"picked":"Disarm","floor":14.0},{"not_picked":["Immolate","Fiend Fire"],"picked":"Feed","floor":16.0},{"not_picked":["Flex","Warcry","Sever Soul"],"picked":"Singing Bowl","floor":18.0},{"not_picked":["Intimidate","Rampage"],"picked":"Heavy Blade","floor":19.0},{"not_picked":["Hemokinesis","Immolate","Wild Strike"],"picked":"Singing Bowl","floor":23.0},{"not_picked":["Infernal Blade","Wild Strike","Power Through"],"picked":"Singing Bowl","floor":25.0},{"not_picked":["Combust","Body Slam","Ghostly Armor"],"picked":"Singing Bowl","floor":28.0},{"not_picked":["Clash","Perfected Strike","Anger"],"picked":"Singing Bowl","floor":31.0},{"not_picked":["Corruption","Impervious","Exhume"],"picked":"Singing Bowl","floor":33.0},{"not_picked":["Perfected Strike+1","Wild Strike+1","Bloodletting"],"picked":"Singing Bowl","floor":35},{"not_picked":["Feel No Pain","Anger","Spot Weakness+1"],"picked":"Singing Bowl","floor":36},{"not_picked":["True Grit","Perfected Strike","Blood for Blood+1"],"picked":"Singing Bowl","floor":38},{"not_picked":["Clash","Second Wind+1"],"picked":"Thunderclap+1","floor":41},{"not_picked":["Thunderclap","Perfected Strike+1","Pommel Strike+1"],"picked":"Rage+1","floor":44},{"not_picked":["Pommel Strike","Shrug It Off","Thunderclap","Armaments"],"picked":"Singing Bowl","floor":45},{"not_picked":["Dropkick","Second Wind","Brutality+1"],"picked":"Inflame+1","floor":46},{"not_picked":["Disarm","Bloodletting","Pommel Strike","Anger"],"picked":"Singing Bowl","floor":47}],"player_experience":690689,"relics_obtained":[{"floor":6.0,"key":"Tiny Chest"},{"floor":8.0,"key":"Singing Bowl"},{"floor":9.0,"key":"Blue Candle"},{"floor":11.0,"key":"Toy Ornithopter"},{"floor":13.0,"key":"Pen Nib"},{"floor":20.0,"key":"Paper Frog"},{"floor":22.0,"key":"Enchiridion"},{"floor":23.0,"key":"White Beast Statue"},{"floor":26.0,"key":"Shuriken"},{"floor":27.0,"key":"HornCleat"},{"floor":28.0,"key":"Pear"},{"floor":29.0,"key":"Lizard Tail"},{"floor":41,"key":"Frozen Egg 2"},{"floor":43,"key":"Question Card"},{"floor":46,"key":"Torii"},{"floor":48,"key":"Darkstone Periapt"}],"event_choices":[{"damage_healed":0.0,"max_hp_gain":0.0,"max_hp_loss":0.0,"gold_gain":50.0,"event_name":"FaceTrader","player_choice":"Touch","floor":2.0,"gold_loss":0.0,"damage_taken":7.0},{"damage_healed":0.0,"max_hp_gain":0.0,"max_hp_loss":0.0,"gold_gain":0.0,"event_name":"Upgrade Shrine","player_choice":"Upgraded","floor":5.0,"gold_loss":0.0,"damage_taken":0.0,"cards_upgraded":["Metallicize"]},{"damage_healed":0.0,"max_hp_gain":0.0,"max_hp_loss":0.0,"gold_gain":50.0,"event_name":"Nest","player_choice":"Stole From Cult","floor":21.0,"gold_loss":0.0,"damage_taken":0.0},{"damage_healed":0.0,"max_hp_gain":0.0,"max_hp_loss":0.0,"gold_gain":0.0,"event_name":"Cursed Tome","player_choice":"Obtained Book","floor":22.0,"gold_loss":0.0,"damage_taken":21.0},{"cards_removed":["Strike_R"],"damage_healed":0,"gold_gain":0,"player_choice":"Offered Basic","damage_taken":0,"max_hp_gain":0,"max_hp_loss":0,"event_name":"Bonfire Elementals","floor":37,"gold_loss":0}],"is_beta":false,"boss_relics":[{"not_picked":["Empty Cage","Cursed Key"],"picked":"Fusion Hammer"},{"not_picked":["Black Blood","Coffee Dripper"],"picked":"Velvet Choker"}],"items_purged_floors":[3,39],"is_endless":false,"potions_floor_spawned":[1,4,10,11,16,25,28,31,33,35,36,38,41,44,45,46,47],"ascension_level":15}}