{"host":"af4pzp5tm7cfibaw","time":1612924429,"event":{"mods":["AchievementEnabler","BaseMod","BetterRewards","Highlight Path","Minty Spire (QoL Compilation)","StSLib","SuperFastMode"],"gold_per_floor":[113,113,64,64,39,72,72,84,154,168,168,168,202,220,220,325,325,335,335,316,231,251,251,75,102,127,141,141,66,85,103,103,207,207,221,237,43,60,60,95,95,123,123,123,143,160,210,240,240,240,240,240,49,79,79,79],"floor_reached":55,"language":"ENG","playtime":3196,"items_purged":["Zap","Strike_B"],"score":876,"play_id":"b558f0e0-5c76-4625-9a39-518e74688a01","local_time":"20210210153349","is_ascension_mode":true,"campfire_choices":[{"floor":7.0,"key":"RECALL"},{"floor":15.0,"key":"REST"},{"data":"Gash","floor":23.0,"key":"SMITH"},{"floor":32.0,"key":"REST"},{"floor":41.0,"key":"REST"},{"data":"Creative AI","floor":49.0,"key":"SMITH"},{"data":"Scrape","floor":52.0,"key":"SMITH"}],"circlet_count":0,"master_deck":["Defend_B+1","Defend_B","Dualcast+1","FTL","Beam Cell","Hologram","Gash+1","Leap","Coolheaded","Gash","Scrape+1","Seek+1","Recycle+1","Genetic Algorithm+1","Steam+1","Double Energy+1","Coolheaded+1","Violence+1","Reprogram+1","Genetic Algorithm+1","Skim+1","Steam Power+1","Machine Learning","Beam Cell+1","Go for the Eyes+1","Seek+1","Beam Cell+1","FTL+1","Go for the Eyes+1","Creative AI+1","Reprogram+1","Gash+1","Good Instincts+1","Gash+1"],"relics":["Cracked Core","Shuriken","White Beast Statue","Question Card","Toxic Egg 2","Astrolabe","Molten Egg 2","Meat on the Bone","War Paint","SlaversCollar","Bronze Scales","Du-Vu Doll","Kunai","Gambling Chip","Frozen Egg 2","FossilizedHelix"],"acts_visited":["Exordium","TheCity","TheBeyond","TheEnding"],"potions_floor_usage":[55],"damage_taken":[{"damage":0.0,"enemies":"Small Slimes","floor":1.0,"turns":3.0},{"damage":19.0,"enemies":"3 Sentries","floor":6.0,"turns":5.0},{"damage":1.0,"enemies":"Jaw Worm","floor":8.0,"turns":2.0},{"damage":0.0,"enemies":"2 Louse","floor":10.0,"turns":1.0},{"damage":43.0,"enemies":"Gremlin Nob","floor":13.0,"turns":6.0},{"damage":0.0,"enemies":"Large Slime","floor":14.0,"turns":4.0},{"damage":26.0,"enemies":"Hexaghost","floor":16.0,"turns":6.0},{"damage":0.0,"enemies":"Chosen","floor":18.0,"turns":3.0},{"damage":8.0,"enemies":"2 Thieves","floor":20.0,"turns":4.0},{"damage":10.0,"enemies":"Snake Plant","floor":22.0,"turns":3.0},{"damage":1.0,"enemies":"Book of Stabbing","floor":25.0,"turns":5.0},{"damage":13.0,"enemies":"Sentry and Sphere","floor":27.0,"turns":5.0},{"damage":0.0,"enemies":"Shelled Parasite and Fungi","floor":28.0,"turns":3.0},{"damage":4.0,"enemies":"Snecko","floor":30.0,"turns":4.0},{"damage":7.0,"enemies":"Cultist and Chosen","floor":31.0,"turns":6.0},{"damage":31.0,"enemies":"Collector","floor":33.0,"turns":8.0},{"damage":12.0,"enemies":"3 Shapes","floor":35.0,"turns":4.0},{"damage":0.0,"enemies":"3 Darklings","floor":36.0,"turns":3.0},{"damage":14.0,"enemies":"4 Shapes","floor":38.0,"turns":5.0},{"damage":19.0,"enemies":"Nemesis","floor":40.0,"turns":7.0},{"damage":21.0,"enemies":"Reptomancer","floor":42.0,"turns":4.0},{"damage":0.0,"enemies":"Spire Growth","floor":45.0,"turns":2.0},{"damage":14.0,"enemies":"Transient","floor":46.0,"turns":5.0},{"damage":0.0,"enemies":"Mind Bloom Boss Battle","floor":47.0,"turns":4.0},{"damage":0.0,"enemies":"Giant Head","floor":48.0,"turns":4.0},{"damage":25.0,"enemies":"Awakened One","floor":50.0,"turns":7.0},{"damage":0,"enemies":"Shield and Spear","floor":54,"turns":5},{"damage":149,"enemies":"The Heart","floor":55,"turns":8}],"seed_played":"8101387472066380132","potions_obtained":[{"floor":1.0,"key":"Fire Potion"},{"floor":10.0,"key":"FairyPotion"},{"floor":13.0,"key":"Fruit Juice"},{"floor":14.0,"key":"FairyPotion"},{"floor":16.0,"key":"DuplicationPotion"},{"floor":18.0,"key":"Block Potion"},{"floor":19.0,"key":"CultistPotion"},{"floor":20.0,"key":"Fire Potion"},{"floor":22.0,"key":"Dexterity Potion"},{"floor":25.0,"key":"SkillPotion"},{"floor":27.0,"key":"SmokeBomb"},{"floor":30.0,"key":"GamblersBrew"},{"floor":31.0,"key":"Explosive Potion"},{"floor":33.0,"key":"Swift Potion"},{"floor":35.0,"key":"LiquidBronze"},{"floor":36.0,"key":"Regen Potion"},{"floor":38.0,"key":"SkillPotion"},{"floor":40.0,"key":"DistilledChaos"},{"floor":42.0,"key":"FocusPotion"},{"floor":45.0,"key":"Energy Potion"},{"floor":46.0,"key":"Regen Potion"},{"floor":47.0,"key":"AttackPotion"},{"floor":54,"key":"Energy Potion"}],"is_trial":false,"path_per_floor":["M","?","$","?","$","E","R","M","T","M","?","T","E","M","R","B",null,"M","?","M","?","M","R","$","E","T","M","M","$","M","M","R","B",null,"M","M","$","M","$","E","R","E","T","?","M","M","?","E","R","B",null,"R","$","E","B"],"character_chosen":"DEFECT","items_purchased":["Hologram","Gash","Violence+1","Go for the Eyes+1","Seek+1","Good Instincts+1"],"campfire_rested":3,"item_purchase_floors":[3,5,24,37,37,53],"current_hp_per_floor":[75,75,75,75,75,56,56,55,55,55,37,37,22,27,51,25,80,80,80,72,72,62,62,62,61,61,48,48,48,44,49,73,42,80,68,68,68,66,66,47,71,50,50,90,90,76,81,81,81,56,90,90,90,90,0,0],"gold":79,"neow_bonus":"REMOVE_CARD","is_daily":false,"chose_seed":false,"campfire_upgraded":3,"win_rate":0.0,"timestamp":1612924429,"path_taken":["M","?","$","?","$","E","R","M","T","M","?","?","E","M","R","BOSS","M","?","?","?","M","R","?","E","T","M","?","$","M","M","R","BOSS","M","M","$","M","$","E","R","E","T","?","M","?","?","E","R","BOSS","R","$","E","BOSS"],"items_purchased_type":["Card","Card","Card","Card","Card","Card"],"build_version":"2020-12-22","purchased_purges":2,"victory":false,"max_hp_per_floor":[75,75,75,75,75,75,75,75,75,75,75,75,75,80,80,80,80,80,80,80,80,80,80,80,80,80,80,80,80,80,80,80,80,80,80,80,80,80,80,80,80,80,80,90,90,90,90,90,90,90,90,90,90,90,90,90],"card_choices":[{"not_picked":["Hologram","Hello World"],"picked":"FTL","floor":1.0},{"not_picked":["Redo","Reinforced Body","Storm"],"picked":"SKIP","floor":6.0},{"not_picked":["Ball Lightning","Stack"],"picked":"Leap","floor":8.0},{"not_picked":["Sunder","Cold Snap"],"picked":"Coolheaded","floor":10.0},{"not_picked":["BootSequence+1","Fusion+1","Electrodynamics"],"picked":"Gash","floor":13.0},{"not_picked":["Cold Snap","Beam Cell","Rip and Tear"],"picked":"Scrape","floor":14.0},{"not_picked":["Amplify+1","Multi-Cast+1","Rainbow+1"],"picked":"Seek+1","floor":16.0},{"not_picked":["Ball Lightning+1","Recycle+1","Rebound"],"picked":"Steam+1","floor":18.0},{"not_picked":["Capacitor","Sunder+1","Steam+1"],"picked":"Double Energy+1","floor":20.0},{"not_picked":["Blizzard+1","Barrage+1","Capacitor+1"],"picked":"Coolheaded+1","floor":22.0},{"not_picked":["Genetic Algorithm+1","Loop+1","Leap+1"],"picked":"Reprogram+1","floor":25.0},{"not_picked":["Stack+1","Barrage+1","Chaos+1"],"picked":"Genetic Algorithm+1","floor":27.0},{"not_picked":["Glacier+1","Compile Driver+1","Steam Power+1"],"picked":"Skim+1","floor":30.0},{"not_picked":["Beam Cell+1","Aggregate+1","Redo+1"],"picked":"Steam Power+1","floor":31.0},{"not_picked":["Electrodynamics","Amplify+1","Multi-Cast+1"],"picked":"Machine Learning","floor":33.0},{"not_picked":["Undo+1","Redo+1","Coolheaded+1","Steam+1"],"picked":"SKIP","floor":35.0},{"not_picked":["Self Repair+1","Rip and Tear+1","Stack+1"],"picked":"Beam Cell+1","floor":36.0},{"not_picked":["Creative AI","Leap+1","Conserve Battery+1"],"picked":"Beam Cell+1","floor":38.0},{"not_picked":["Hello World+1","Coolheaded+1","Doom and Gloom+1"],"picked":"FTL+1","floor":40.0},{"not_picked":["Static Discharge+1","Capacitor+1","Double Energy+1"],"picked":"Go for the Eyes+1","floor":42.0},{"not_picked":["Streamline+1","Barrage+1","Stack+1","Cold Snap+1"],"picked":"SKIP","floor":45.0},{"not_picked":["Blizzard+1","Turbo+1","Stack+1"],"picked":"Creative AI","floor":46.0},{"not_picked":["Beam Cell+1","Rebound+1","Self Repair+1"],"picked":"Reprogram+1","floor":47.0},{"not_picked":["Ball Lightning+1","Conserve Battery+1","Coolheaded+1"],"picked":"Gash+1","floor":48.0},{"not_picked":["Leap+1","Go for the Eyes+1","Redo+1"],"picked":"Gash+1","floor":54}],"player_experience":296233,"relics_obtained":[{"floor":6.0,"key":"Shuriken"},{"floor":12.0,"key":"Question Card"},{"floor":13.0,"key":"Toxic Egg 2"},{"floor":25.0,"key":"Meat on the Bone"},{"floor":26.0,"key":"War Paint"},{"floor":40.0,"key":"Bronze Scales"},{"floor":42.0,"key":"Du-Vu Doll"},{"floor":43.0,"key":"Kunai"},{"floor":47.0,"key":"Gambling Chip"},{"floor":48.0,"key":"Frozen Egg 2"},{"floor":54,"key":"FossilizedHelix"}],"event_choices":[{"damage_healed":0.0,"max_hp_gain":0.0,"max_hp_loss":0.0,"gold_gain":0.0,"cards_transformed":["Defend_B"],"event_name":"Living Wall","player_choice":"Change","floor":2.0,"gold_loss":0.0,"damage_taken":0.0,"cards_obtained":["Beam Cell"]},{"damage_healed":0.0,"max_hp_gain":0.0,"max_hp_loss":0.0,"gold_gain":0.0,"event_name":"The Cleric","player_choice":"Leave","floor":4.0,"gold_loss":0.0,"damage_taken":0.0},{"damage_healed":0.0,"max_hp_gain":0.0,"max_hp_loss":0.0,"gold_gain":0.0,"event_name":"Scrap Ooze","player_choice":"Success","floor":11.0,"gold_loss":0.0,"damage_taken":18.0,"relics_obtained":["White Beast Statue"]},{"damage_healed":0.0,"max_hp_gain":0.0,"max_hp_loss":0.0,"gold_gain":0.0,"event_name":"Lab","player_choice":"Got Potions","floor":19.0,"gold_loss":0.0,"damage_taken":0.0},{"damage_healed":0.0,"max_hp_gain":0.0,"max_hp_loss":0.0,"gold_gain":0.0,"event_name":"Addict","player_choice":"Obtained Relic","floor":21.0,"gold_loss":85.0,"damage_taken":0.0,"relics_obtained":["Molten Egg 2"]},{"cards_removed":["Amplify"],"damage_healed":30.0,"max_hp_gain":10.0,"max_hp_loss":0.0,"gold_gain":0.0,"event_name":"Bonfire Elementals","player_choice":"Offered Rare","floor":44.0,"gold_loss":0.0,"damage_taken":0.0},{"damage_healed":0.0,"max_hp_gain":0.0,"max_hp_loss":0.0,"gold_gain":0.0,"event_name":"MindBloom","player_choice":"Fight","floor":47.0,"gold_loss":0.0,"damage_taken":0.0}],"is_beta":false,"boss_relics":[{"not_picked":["Calling Bell","Cursed Key"],"picked":"Astrolabe"},{"not_picked":["Fusion Hammer","Snecko Eye"],"picked":"SlaversCollar"}],"items_purged_floors":[29,53],"is_endless":false,"potions_floor_spawned":[1,10,13,14,16,18,20,22,25,27,28,30,31,33,35,36,38,40,42,45,46,47,48,54],"killed_by":"The Heart","ascension_level":1}}