{"host":"mal0jdk4f6ubgyb8","time":1612925737,"event":{"mods":["100% Spire Juice","Act Like it!","Aspiration","BaseMod","Gensokyo","KinomotoSakuraMod(木之本樱)","Luminous","Marisa（F雨　魔理沙）","Minty Spire (QoL Compilation)","Quick Restart","Relic Stats","Reliquary","Remilia（蕾米莉亚）","Replay The Spire","StSLib","WarShipGirlsR/战舰少女R mod","Yakumo Yukari mod"],"gold_per_floor":[117,131,143,143,172,212,234,282,306,306,306,340,340,383,383,383,383],"floor_reached":16,"language":"ZHS","playtime":1048,"items_purged":[],"score":146,"play_id":"b7548a8f-da51-415d-9773-89ded47c7314","local_time":"20210210105537","is_ascension_mode":true,"campfire_choices":[{"floor":10.0,"key":"REST"},{"floor":13.0,"key":"REST"},{"floor":15.0,"key":"REST"}],"circlet_count":0,"master_deck":["Strike_R","Strike_R","Strike_R","Strike_R","Defend_R","Defend_R","Defend_R","Defend_R","Bash","Dagger Throw","Dagger Spray","Sucker Punch","Limit Break","Slice","Shrug It Off","Pommel Strike","Cloak And Dagger","Cloak And Dagger"],"relics":["aspiration:SilentSkillbook","CeramicFish","ReplayTheSpireMod:TigerMarble","CeramicFish","Golden Egg"],"acts_visited":["Exordium"],"potions_floor_usage":[],"damage_taken":[{"damage":9.0,"enemies":"Jaw Worm","floor":1.0,"turns":3.0},{"damage":5.0,"enemies":"2 Louse","floor":2.0,"turns":3.0},{"damage":1.0,"enemies":"Cultist","floor":3.0,"turns":3.0},{"damage":12.0,"enemies":"Looter","floor":5.0,"turns":3.0},{"damage":25.0,"enemies":"Lagavulin","floor":6.0,"turns":6.0},{"damage":0.0,"enemies":"Large Slime","floor":7.0,"turns":2.0},{"damage":2.0,"enemies":"Replay:BlueRogue","floor":8.0,"turns":7.0},{"damage":4.0,"enemies":"2 Fungi Beasts","floor":12.0,"turns":2.0},{"damage":31.0,"enemies":"Lagavulin","floor":14.0,"turns":6.0},{"damage":60,"enemies":"Fading Forest","floor":16,"turns":10}],"seed_played":"1189042852827206565","potions_obtained":[{"floor":2.0,"key":"Strength Potion"},{"floor":5.0,"key":"SpeedPotion"},{"floor":6.0,"key":"Explosive Potion"}],"is_trial":false,"path_per_floor":["M","M","M","?","M","E","M","E","T","R","?","M","R","E","R","B"],"character_chosen":"IRONCLAD","items_purchased":[],"campfire_rested":3,"item_purchase_floors":[],"current_hp_per_floor":[71,66,65,40,28,3,3,1,1,25,18,14,38,7,31,0,0],"gold":383,"neow_bonus":"BOSS_RELIC","is_daily":false,"chose_seed":false,"campfire_upgraded":0,"win_rate":0.0,"timestamp":1612925737,"path_taken":["M","M","M","?","M","E","M","E","T","R","?","?","R","E","R","BOSS"],"items_purchased_type":[],"build_version":"2020-12-22","purchased_purges":0,"victory":false,"max_hp_per_floor":[80,80,80,80,80,80,80,80,80,80,80,80,80,80,80,80,80],"relic_stats":{"counters":[10,45],"CeramicFish":81,"obtain_stats":[{"Golden Egg":14,"CeramicFish":4,"aspiration:SilentSkillbook":0,"reliquary:SculptingSteel":8,"ReplayTheSpireMod:TigerMarble":6,"Burning Blood":0},{"Golden Egg":9,"CeramicFish":3,"aspiration:SilentSkillbook":0,"reliquary:SculptingSteel":7,"ReplayTheSpireMod:TigerMarble":5,"Burning Blood":0},{"Golden Egg":35,"CeramicFish":9,"aspiration:SilentSkillbook":0,"reliquary:SculptingSteel":27,"ReplayTheSpireMod:TigerMarble":18,"Burning Blood":0}]},"card_choices":[{"not_picked":["Iron Wave","Twin Strike","Hemokinesis"],"picked":"Dagger Throw","floor":1.0},{"not_picked":["Poisoned Stab","Body Slam","Pommel Strike"],"picked":"Dagger Spray","floor":2.0},{"not_picked":["Bane","Flame Barrier","Run Through"],"picked":"Sucker Punch","floor":3.0},{"not_picked":["Dark Embrace","Backflip","Wild Strike"],"picked":"Limit Break","floor":5.0},{"not_picked":["Crippling Poison","Calculated Gamble","Pommel Strike"],"picked":"Slice","floor":6.0},{"not_picked":["Warcry","True Grit","Headbutt"],"picked":"Shrug It Off","floor":7.0},{"not_picked":["True Grit","Twin Strike","ReplayTheSpireMod:The Works"],"picked":"Pommel Strike","floor":8.0},{"not_picked":["Well Laid Plans","Power Through","Footwork"],"picked":"Cloak And Dagger","floor":12.0},{"not_picked":["Hemokinesis","Armaments","Bouncing Flask"],"picked":"Cloak And Dagger","floor":14.0}],"player_experience":302755,"relics_obtained":[{"floor":6.0,"key":"ReplayTheSpireMod:TigerMarble"},{"floor":8.0,"key":"reliquary:SculptingSteel"},{"floor":14.0,"key":"Golden Egg"}],"event_choices":[{"damage_healed":0.0,"max_hp_gain":0.0,"max_hp_loss":0.0,"gold_gain":0.0,"event_name":"Scrap Ooze","player_choice":"Success","floor":4.0,"gold_loss":0.0,"damage_taken":25.0,"relics_obtained":["CeramicFish"]},{"cards_removed":["Strike_R"],"damage_healed":0.0,"max_hp_gain":0.0,"max_hp_loss":0.0,"gold_gain":0.0,"event_name":"Golden Wing","player_choice":"Card Removal","floor":11.0,"gold_loss":0.0,"damage_taken":7.0}],"is_beta":false,"boss_relics":[],"items_purged_floors":[],"is_endless":false,"potions_floor_spawned":[2,5,6],"killed_by":"Fading Forest","ascension_level":4}}