{"host":"t1puqh5lxz8sp6fn","time":1612998004,"event":{"mods":["AchievementEnabler","BaseMod","Colored Powertips","Minty Spire (QoL Compilation)","Rare Cards Sparkle","Relic Stats","StSLib"],"gold_per_floor":[114,134,47,47,47,47,81,101,101,111,111,146,163,183,183,262,262,278,294,313,9,28,28,63,63,88,88,100,117,127,127,127,127,127],"floor_reached":33,"playtime":1022,"items_purged":[],"score":536,"play_id":"018a79b1-326d-4752-a882-3dc3bd2ada93","local_time":"20210210200004","is_ascension_mode":true,"campfire_choices":[{"data":"Beam Cell","floor":6,"key":"SMITH"},{"data":"Defragment","floor":15,"key":"SMITH"},{"floor":23,"key":"REST"},{"floor":27,"key":"REST"},{"floor":32,"key":"REST"}],"circlet_count":0,"master_deck":["AscendersBane","Strike_B","Defend_B","Defend_B","Defend_B","Defend_B","Zap","Dualcast","Ball Lightning","Beam Cell+1","Dramatic Entrance","Rebound","Cold Snap","Melter","Hologram","Defragment+1","Doom and Gloom","Multi-Cast","Sunder+1","Sweeping Beam","Defragment","Self Repair+1"],"relics":["Cracked Core","NeowsBlessing","Orichalcum","Shuriken","Centennial Puzzle","Pocketwatch","Empty Cage","StoneCalendar","Boot","WingedGreaves"],"acts_visited":["Exordium","TheCity"],"potions_floor_usage":[22,28],"damage_taken":[{"damage":0,"enemies":"Cultist","floor":1,"turns":1},{"damage":0,"enemies":"Small Slimes","floor":2,"turns":1},{"damage":0,"enemies":"Lagavulin","floor":7,"turns":1},{"damage":0,"enemies":"2 Louse","floor":8,"turns":2},{"damage":6,"enemies":"Looter","floor":10,"turns":2},{"damage":11,"enemies":"3 Sentries","floor":12,"turns":5},{"damage":3,"enemies":"Blue Slaver","floor":13,"turns":2},{"damage":0,"enemies":"Exordium Thugs","floor":14,"turns":2},{"damage":11,"enemies":"Hexaghost","floor":16,"turns":7},{"damage":10,"enemies":"Shell Parasite","floor":18,"turns":3},{"damage":4,"enemies":"Chosen","floor":19,"turns":3},{"damage":18,"enemies":"Snake Plant","floor":20,"turns":3},{"damage":26,"enemies":"Shelled Parasite and Fungi","floor":22,"turns":3},{"damage":20,"enemies":"Gremlin Leader","floor":24,"turns":6},{"damage":22,"enemies":"Centurion and Healer","floor":28,"turns":5},{"damage":6,"enemies":"Chosen and Byrds","floor":29,"turns":3},{"damage":16,"enemies":"Snake Plant","floor":30,"turns":3},{"damage":41,"enemies":"Champ","floor":33,"turns":3}],"seed_played":"6734574020006642614","potions_obtained":[{"floor":1,"key":"Swift Potion"},{"floor":7,"key":"Ancient Potion"},{"floor":16,"key":"Regen Potion"},{"floor":22,"key":"DuplicationPotion"},{"floor":30,"key":"Dexterity Potion"}],"is_trial":false,"path_per_floor":["M","M","$","?","?","R","E","M","T","M","T","E","M","M","R","B",null,"M","M","M","$","M","R","E","?","T","R","M","M","M","T","R","B"],"character_chosen":"DEFECT","items_purchased":["Dramatic Entrance","StoneCalendar"],"campfire_rested":3,"item_purchase_floors":[3,21],"current_hp_per_floor":[64,64,64,57,62,62,62,62,62,56,56,45,42,42,42,31,65,55,51,33,33,16,38,18,18,18,40,38,32,16,16,38,0,0],"gold":127,"neow_bonus":"THREE_ENEMY_KILL","is_daily":false,"chose_seed":false,"campfire_upgraded":2,"win_rate":0.0,"timestamp":1612998004,"path_taken":["M","?","?","?","?","R","E","M","T","M","?","E","M","?","R","BOSS","M","M","M","$","M","R","E","?","T","R","M","M","M","?","R","BOSS"],"items_purchased_type":["Card","Relic"],"build_version":"2020-12-13","purchased_purges":0,"victory":false,"max_hp_per_floor":[71,71,71,71,76,76,76,76,76,76,76,76,76,76,76,76,76,76,76,76,76,76,76,76,76,76,76,76,76,76,76,76,76,76],"relic_stats":{"Centennial Puzzle":[36],"counters":[18,55],"Shuriken":[20],"StoneCalendar":[0],"Orichalcum":[198],"Boot":[9],"obtain_stats":[{"Centennial Puzzle":11,"NeowsBlessing":0,"Shuriken":9,"StoneCalendar":21,"WingedGreaves":31,"Orichalcum":7,"Cracked Core":0,"Empty Cage":17,"Boot":24,"Pocketwatch":12},{"Centennial Puzzle":5,"NeowsBlessing":0,"Shuriken":4,"StoneCalendar":12,"WingedGreaves":17,"Orichalcum":3,"Cracked Core":0,"Empty Cage":9,"Boot":14,"Pocketwatch":6},{"Centennial Puzzle":7,"NeowsBlessing":0,"Shuriken":5,"StoneCalendar":32,"WingedGreaves":52,"Orichalcum":3,"Cracked Core":0,"Empty Cage":23,"Boot":41,"Pocketwatch":12}],"Pocketwatch":[47]},"card_choices":[{"not_picked":["Cold Snap","Stack"],"picked":"Ball Lightning","floor":1},{"not_picked":["Conserve Battery","FTL"],"picked":"Beam Cell","floor":2},{"not_picked":["Steam Power","Creative AI"],"picked":"Rebound","floor":7},{"not_picked":["Stack","Recycle"],"picked":"Cold Snap","floor":8},{"not_picked":["Coolheaded","Go for the Eyes"],"picked":"Melter","floor":10},{"not_picked":["Cold Snap","Barrage"],"picked":"Hologram","floor":12},{"not_picked":["Recycle","Beam Cell"],"picked":"Defragment","floor":13},{"not_picked":["Compile Driver","Conserve Battery"],"picked":"Doom and Gloom","floor":14},{"not_picked":["Fission","Meteor Strike"],"picked":"Multi-Cast","floor":16},{"not_picked":["Barrage+1","Sweeping Beam"],"picked":"Sunder+1","floor":18},{"not_picked":["Coolheaded","Leap"],"picked":"Sweeping Beam","floor":19},{"not_picked":["Go for the Eyes","Cold Snap"],"picked":"Defragment","floor":20},{"not_picked":["Coolheaded","Redo","Hologram"],"picked":"SKIP","floor":22},{"not_picked":["BootSequence","Barrage+1"],"picked":"Self Repair+1","floor":24},{"not_picked":["Hyperbeam","Beam Cell","Streamline"],"picked":"SKIP","floor":28},{"not_picked":["Genetic Algorithm","Ball Lightning","Streamline"],"picked":"SKIP","floor":29},{"not_picked":["Force Field+1","Streamline","Auto Shields"],"picked":"SKIP","floor":30}],"player_experience":505667,"relics_obtained":[{"floor":7,"key":"Orichalcum"},{"floor":9,"key":"Shuriken"},{"floor":11,"key":"Centennial Puzzle"},{"floor":12,"key":"Pocketwatch"},{"floor":24,"key":"Boot"},{"floor":31,"key":"WingedGreaves"}],"event_choices":[{"cards_removed":["Strike_B"],"damage_healed":0,"gold_gain":0,"player_choice":"Card Removal","damage_taken":7,"max_hp_gain":0,"max_hp_loss":0,"event_name":"Golden Wing","floor":4,"gold_loss":0},{"damage_healed":0,"gold_gain":0,"player_choice":"Donut","damage_taken":0,"max_hp_gain":5,"max_hp_loss":0,"event_name":"Big Fish","floor":5,"gold_loss":0},{"damage_healed":0,"gold_gain":0,"player_choice":"Ignored","damage_taken":0,"max_hp_gain":0,"max_hp_loss":0,"event_name":"Ghosts","floor":25,"gold_loss":0}],"is_beta":false,"boss_relics":[{"not_picked":["Runic Dome","Velvet Choker"],"picked":"Empty Cage"}],"items_purged_floors":[],"is_endless":false,"potions_floor_spawned":[1,7,10,12,16,19,22,24,30],"killed_by":"Champ","ascension_level":15}}