{"host":"ohuqxemsk44kggmp","time":1612957160,"event":{"mods":["AchievementEnabler","Act Like it!","BaseMod","CapriCore","Colored Powertips","Minty Spire (QoL Compilation)","Reliquary","Somnambulant","StSLib","The Blue Laboratory","The Dragonkin","The Immortal","The Jungle","TheVacant","Waifu the Spire"],"gold_per_floor":[119,136,153,169,115,147,147,322,345,365,285,73,73,106,106,211,211,225,185,195,211,211,211,211,211,211,226,226,245,245,260,260,358,358,377,395,242,257,307,334,354,380,380,380,158,158,172,172,172,172,172],"floor_reached":50,"language":"ENG","playtime":2802,"items_purged":["theDragonkin:Strike"],"score":587,"play_id":"de25b26a-83d1-44d1-bd29-4151cddf2c2c","local_time":"20210210123920","is_ascension_mode":false,"campfire_choices":[{"data":"theDragonkin:EnduringAgony","floor":13.0,"key":"SMITH"},{"data":"theDragonkin:EnduringAgony","floor":15.0,"key":"SMITH"},{"floor":23.0,"key":"REST"},{"data":"theDragonkin:HolyFlask","floor":25.0,"key":"SMITH"},{"data":"theDragonkin:CorrosiveBelch","floor":28.0,"key":"SMITH"},{"data":"theDragonkin:HammerOfWrath","floor":30.0,"key":"SMITH"},{"floor":32.0,"key":"REST"},{"floor":44.0,"key":"RECALL"},{"floor":46.0,"key":"REST"},{"data":"theDragonkin:Subdue","floor":49.0,"key":"SMITH"}],"circlet_count":0,"master_deck":["theDragonkin:Strike","theDragonkin:Strike","theDragonkin:Strike","theDragonkin:Defend","theDragonkin:Defend","theDragonkin:Defend","theDragonkin:Defend","theDragonkin:BlazingBreath","theDragonkin:MiasmicBreath","theDragonkin:EmberSwipe","theDragonkin:Flashpoint","theDragonkin:BurningRage","theDragonkin:MiasmicBreath","theDragonkin:SlowBurn","Parasite","Doubt","theDragonkin:EnduringAgony+1","theDragonkin:EnduringAgony+1","theDragonkin:MagmaScales","theDragonkin:DivineStorm","theDragonkin:HolyFlask+1","theDragonkin:SlowBurn+1","theDragonkin:GooGrip","theDragonkin:Cauterize","theDragonkin:HolyWordBarrier","theDragonkin:CorrosiveBelch+1","theDragonkin:HammerOfWrath+1","theDragonkin:HolyFlask","theDragonkin:CrusaderForm","theDragonkin:MiasmicBreath+1","theDragonkin:EmberSwipe+1","theDragonkin:EnduringAgony","theDragonkin:Cauterize+1","theDragonkin:Ashfall","theDragonkin:Subdue+1","theDragonkin:GooGrip","theDragonkin:AcidArmor"],"relics":["theDragonkin:GarnetScale","Strawberry","Toy Ornithopter","Lee\u0027s Waffle","PreservedInsect","reliquary:RedCape","reliquary:PrincelyHelmet","Bird Faced Urn","Pen Nib","Nunchaku","Chemical X"],"acts_visited":["Exordium","Exordium","TheBeyond"],"potions_floor_usage":[50,50,50],"damage_taken":[{"damage":7.0,"enemies":"2 Louse","floor":1.0,"turns":2.0},{"damage":1.0,"enemies":"Jaw Worm","floor":2.0,"turns":4.0},{"damage":5.0,"enemies":"Small Slimes","floor":3.0,"turns":4.0},{"damage":8.0,"enemies":"2 Fungi Beasts","floor":4.0,"turns":3.0},{"damage":23.0,"enemies":"Gremlin Nob","floor":6.0,"turns":5.0},{"damage":30.0,"enemies":"Gremlin Gang","floor":10.0,"turns":4.0},{"damage":23.0,"enemies":"3 Sentries","floor":14.0,"turns":5.0},{"damage":67.0,"enemies":"Hexaghost","floor":16.0,"turns":7.0},{"damage":24.0,"enemies":"theJungle:5_Spyders","floor":18.0,"turns":6.0},{"damage":12.0,"enemies":"theJungle:GiantWrat","floor":20.0,"turns":3.0},{"damage":35.0,"enemies":"theJungle:2_Snecko_Cultists","floor":21.0,"turns":4.0},{"damage":7.0,"enemies":"theJungle:SlimyTreeVines","floor":27.0,"turns":4.0},{"damage":0.0,"enemies":"theJungle:Lyon","floor":29.0,"turns":2.0},{"damage":11.0,"enemies":"theJungle:2_Snecko_Cultists","floor":31.0,"turns":4.0},{"damage":8.0,"enemies":"theJungle:FunGuy","floor":33.0,"turns":5.0},{"damage":12.0,"enemies":"Orb Walker","floor":35.0,"turns":3.0},{"damage":8.0,"enemies":"3 Shapes","floor":36.0,"turns":5.0},{"damage":35.0,"enemies":"Transient","floor":38.0,"turns":5.0},{"damage":0.0,"enemies":"Mind Bloom Boss Battle","floor":39.0,"turns":3.0},{"damage":37.0,"enemies":"Nemesis","floor":40.0,"turns":7.0},{"damage":19.0,"enemies":"Sphere and 2 Shapes","floor":41.0,"turns":3.0},{"damage":70.0,"enemies":"Reptomancer","floor":42.0,"turns":6.0},{"damage":9.0,"enemies":"Maw","floor":47.0,"turns":7.0},{"damage":129,"enemies":"TheAcolyte","floor":50,"turns":5}],"seed_played":"-8162636469465747520","potions_obtained":[{"floor":3.0,"key":"Strength Potion"},{"floor":4.0,"key":"FearPotion"},{"floor":10.0,"key":"blueLaboratory:FruitPunch"},{"floor":16.0,"key":"blueLaboratory:TrueEctoplasm"},{"floor":19.0,"key":"CultistPotion"},{"floor":31.0,"key":"blueLaboratory:FruitPunch"},{"floor":35.0,"key":"blueLaboratory:NullPotion"},{"floor":41.0,"key":"blueLaboratory:StoneskinPotion"},{"floor":42.0,"key":"GamblersBrew"}],"is_trial":false,"path_per_floor":["M","M","M","M","$","E","?","?","T","M","$","$","R","E","R","B",null,"M","?","M","M","?","R","?","R","T","M","R","M","R","M","R","B",null,"M","M","$","M","?","E","M","E","T","R","$","R","M","?","R","B"],"character_chosen":"THE_DRAGONKIN","items_purchased":["theDragonkin:MiasmicBreath","theDragonkin:EnduringAgony","Lee\u0027s Waffle","theDragonkin:EnduringAgony","theDragonkin:EnduringAgony","theDragonkin:AcidArmor","Chemical X"],"campfire_rested":3,"item_purchase_floors":[5,11,12,12,37,45,45],"current_hp_per_floor":[86,85,80,72,72,56,81,81,81,51,51,107,107,86,86,19,109,85,85,73,38,33,67,67,67,67,80,80,80,80,84,114,116,116,116,108,108,81,81,68,68,32,32,32,32,66,95,95,95,0,0],"gold":172,"neow_bonus":"TEN_PERCENT_HP_BONUS","is_daily":false,"chose_seed":false,"campfire_upgraded":6,"win_rate":0.0,"timestamp":1612957160,"path_taken":["M","M","M","M","$","E","?","?","T","M","?","$","R","E","R","BOSS","M","?","?","M","?","R","?","R","T","M","R","M","R","?","R","BOSS","M","?","$","M","?","E","M","E","T","R","$","R","M","?","R","BOSS"],"items_purchased_type":["Card","Card","Relic","Card","Card","Card","Relic"],"build_version":"2020-12-22","purchased_purges":1,"victory":false,"max_hp_per_floor":[93,93,93,93,93,100,100,100,100,100,100,107,107,109,109,109,109,109,109,109,109,114,114,114,114,114,114,114,114,114,114,114,116,116,116,116,116,116,116,116,116,116,116,116,116,116,116,116,116,116,116],"card_choices":[{"not_picked":["theDragonkin:HallowedGround","theDragonkin:DivineJolt"],"picked":"theDragonkin:MiasmicBreath","floor":1.0},{"not_picked":["theDragonkin:DivinePrayer","theDragonkin:FlameBreath"],"picked":"theDragonkin:EmberSwipe","floor":2.0},{"not_picked":["theDragonkin:BurningRage","theDragonkin:HolyWordBarrier"],"picked":"theDragonkin:Flashpoint","floor":3.0},{"not_picked":["theDragonkin:Sizzle","theDragonkin:FlameClaw"],"picked":"theDragonkin:BurningRage","floor":4.0},{"not_picked":["theDragonkin:TwinBreath","theDragonkin:GooGrip"],"picked":"theDragonkin:SlowBurn","floor":6.0},{"not_picked":["theDragonkin:BurningRage","theDragonkin:DivinePrayer","theDragonkin:StormFront"],"picked":"SKIP","floor":10.0},{"not_picked":["theDragonkin:AncestralSeance","theDragonkin:SandBreath"],"picked":"theDragonkin:MagmaScales","floor":14.0},{"not_picked":["theDragonkin:BurnAfterReading","theDragonkin:MirrorBreath"],"picked":"theDragonkin:DivineStorm","floor":16.0},{"not_picked":["theDragonkin:MagnussCorona","theDragonkin:EmberSwipe"],"picked":"theDragonkin:HolyFlask","floor":18.0},{"not_picked":["theDragonkin:HeatShield+1","theDragonkin:FlameBreath"],"picked":"theDragonkin:SlowBurn+1","floor":20.0},{"not_picked":["theDragonkin:DivineFire","theDragonkin:DivineBreath"],"picked":"theDragonkin:GooGrip","floor":21.0},{"not_picked":["theDragonkin:HeatShield","theDragonkin:SandBreath"],"picked":"theDragonkin:CorrosiveBelch","floor":27.0},{"not_picked":["theDragonkin:AncestralSeance+1","theDragonkin:Sizzle"],"picked":"theDragonkin:HammerOfWrath","floor":29.0},{"not_picked":["theDragonkin:FlameWard","theDragonkin:DivineBreath"],"picked":"theDragonkin:HolyFlask","floor":31.0},{"not_picked":["theDragonkin:CinderStorm","theDragonkin:DivineStorm"],"picked":"theDragonkin:CrusaderForm","floor":33.0},{"not_picked":["theDragonkin:FlameClaw+1","theDragonkin:Ravage+1"],"picked":"theDragonkin:MiasmicBreath+1","floor":35.0},{"not_picked":["theDragonkin:DivineFire+1","theDragonkin:DivineJolt"],"picked":"theDragonkin:EmberSwipe+1","floor":36.0},{"not_picked":["theDragonkin:SandBreath","theDragonkin:BurningRage"],"picked":"theDragonkin:Cauterize+1","floor":38.0},{"not_picked":["theDragonkin:AcidRain","theDragonkin:DivineBreath+1"],"picked":"theDragonkin:Ashfall","floor":40.0},{"not_picked":["theDragonkin:EmberSwipe+1","theDragonkin:DivineJolt"],"picked":"theDragonkin:Subdue","floor":41.0},{"not_picked":["theDragonkin:FlameWard","theDragonkin:Sizzle"],"picked":"theDragonkin:GooGrip","floor":42.0},{"not_picked":["theDragonkin:BurningRage","theDragonkin:MagnussCorona","theDragonkin:RevelationBreath+1"],"picked":"SKIP","floor":47.0}],"player_experience":578319,"relics_obtained":[{"floor":6.0,"key":"Strawberry"},{"floor":9.0,"key":"Toy Ornithopter"},{"floor":14.0,"key":"PreservedInsect"},{"floor":26.0,"key":"reliquary:PrincelyHelmet"},{"floor":39.0,"key":"Bird Faced Urn"},{"floor":40.0,"key":"Pen Nib"},{"floor":42.0,"key":"Nunchaku"}],"event_choices":[{"damage_healed":25.0,"max_hp_gain":0.0,"max_hp_loss":0.0,"gold_gain":0.0,"event_name":"Mushrooms","player_choice":"Healed and dodged fight","floor":7.0,"gold_loss":0.0,"damage_taken":0.0,"cards_obtained":["Parasite"]},{"damage_healed":0.0,"max_hp_gain":0.0,"max_hp_loss":0.0,"gold_gain":175.0,"event_name":"Liars Game","player_choice":"AGREE","floor":8.0,"gold_loss":0.0,"damage_taken":0.0,"cards_obtained":["Doubt"]},{"damage_healed":0.0,"max_hp_gain":0.0,"max_hp_loss":0.0,"gold_gain":0.0,"event_name":"The Woman in Blue","player_choice":"Bought 3 Potions","floor":19.0,"gold_loss":0.0,"damage_taken":0.0},{"damage_healed":0.0,"max_hp_gain":0.0,"max_hp_loss":0.0,"gold_gain":0.0,"event_name":"Match and Keep!","player_choice":"2 cards matched","floor":24.0,"gold_loss":0.0,"damage_taken":0.0,"cards_obtained":["theDragonkin:Cauterize","theDragonkin:HolyWordBarrier"]},{"damage_healed":0.0,"max_hp_gain":0.0,"max_hp_loss":0.0,"gold_gain":0.0,"event_name":"MindBloom","player_choice":"Fight","floor":39.0,"gold_loss":0.0,"damage_taken":0.0},{"cards_removed":["theDragonkin:HolySmite"],"damage_healed":0.0,"max_hp_gain":0.0,"max_hp_loss":0.0,"gold_gain":0.0,"event_name":"Falling","player_choice":"Removed Attack","floor":48.0,"gold_loss":0.0,"damage_taken":0.0}],"is_beta":false,"boss_relics":[{"not_picked":["reliquary:Ember","Runic Dome"],"picked":"reliquary:RedCape"},{"not_picked":["Coffee Dripper","theDragonkin:Sulfurian","reliquary:Craggleroot"]}],"items_purged_floors":[37],"is_endless":false,"potions_floor_spawned":[3,4,10,16,21,27,31,35,41,42,47],"killed_by":"TheAcolyte","ascension_level":0}}