{"host":"x6yxbqobmk3v70g1","time":1612934995,"event":{"mods":["AchievementEnabler","Act Like it!","Aspiration","BaseMod","Downfall","Friendly Minions","Gensokyo","HololiveMod","KinomotoSakuraMod(????)","Kiyohime????","Koishi","Lobotomy","LobotomyExtend","Mari Mod (Legacy)","Mari\u0027s V1 Patch","Marisa????????","Minty Spire (QoL Compilation)","Prisma Mod","Rare Cards Sparkle","Reimu??????","Remilia??????","StSLib","The Animator","The Disciple","The Jungle","The Mystic","The Runesmith","The Senshi","The Servant 0.9.4","The Wild Card","WarShipGirlsR/????R mod"],"gold_per_floor":[84,94,112,37,55,80,180,180,180,199,199,209,233,247,247,353,353,353,372,224,224,252,252,252,252,252,296,296,296,328,355,355,463,463,480,304,333,373,390,390,423,423,423,471,500,5,42,67,67,79,79],"floor_reached":50,"language":"ENG","playtime":4408,"items_purged":["Hololive_CallOkamiMio","Hololive_CallRoboco+1"],"score":836,"play_id":"7b33ccfc-dac0-4847-ab71-76eea4f155e1","local_time":"20210209232955","is_ascension_mode":true,"campfire_choices":[{"data":"Hololive_CallManoAloe","floor":8,"key":"SMITH"},{"data":"Hololive_HighAtkLowDef","floor":11,"key":"SMITH"},{"data":"Hololive_RevenueBasedLive","floor":15,"key":"SMITH"},{"data":"Hololive_Spy","floor":23,"key":"SMITH"},{"data":"Hololive_CallOzoraSubaru","floor":25,"key":"SMITH"},{"data":"Hololive_Recruit","floor":32,"key":"SMITH"},{"floor":40,"key":"RECALL"},{"data":"Hololive_ASMR","floor":49,"key":"SMITH"}],"circlet_count":0,"master_deck":["Hololive_Strike","Hololive_Strike","Hololive_Defend","Hololive_Defend+1","Hololive_CocoNews","Hololive_CallOkamiMio","Hololive_CallTokinoSora+1","Hololive_CallTsunomakiWatame","Hololive_CallCivia","Hololive_Rebound","Hololive_HighAtkLowDef+1","Hololive_StrengthChampion+1","Hololive_CallFriendA","Hololive_CallOzoraSubaru+1","Hololive_CallManoAloe+1","Hololive_FlyingPonyTail","Hololive_RevenueBasedLive+1","Hololive_CallArtia","Hololive_ILoveYou","Hololive_DurableLive+1","Hololive_Psychosis+1","Hololive_SummonFox","Hololive_Spy+1","Hololive_Recruit+1","Hololive_CallRoboco+1","Hololive_ASMR+1","Hololive_CallKiryuuCoco+1","Hololive_StrengthChampion+1","Hololive_CallOmaruPolka+1","Hololive_CallShirakamiFubuki+1"],"relics":["Hololive_TheStar","aspiration:Nostalgia","ScarletHat","LetterFromLob","Thread and Needle","Runic Pyramid","Moonlight_r","downfall:ExtraCursedKey","War Paint","Frozen Egg 2","Philosopher\u0027s Stone","Ornamental Fan","Pear","Bottled Lightning","Molten Egg 2"],"acts_visited":["Exordium","Exordium","TheBeyond"],"potions_floor_usage":[33,41,50],"damage_taken":[{"damage":0,"enemies":"Cultist","floor":1,"turns":4},{"damage":0,"enemies":"Jaw Worm","floor":2,"turns":3},{"damage":0,"enemies":"Small Slimes","floor":3,"turns":3},{"damage":0,"enemies":"Looter","floor":5,"turns":3},{"damage":0,"enemies":"Lagavulin","floor":6,"turns":4},{"damage":0,"enemies":"2 Fungi Beasts","floor":10,"turns":3},{"damage":0,"enemies":"Blue Slaver","floor":12,"turns":3},{"damage":0,"enemies":"Exordium Thugs","floor":13,"turns":4},{"damage":0,"enemies":"Lots of Slimes","floor":14,"turns":4},{"damage":0,"enemies":"Slime Boss","floor":16,"turns":6},{"damage":0,"enemies":"theJungle:GiantWrat","floor":19,"turns":4},{"damage":0,"enemies":"theJungle:Flameango_and_Byrd","floor":22,"turns":5},{"damage":0,"enemies":"theJungle:MamaSnecko","floor":27,"turns":5},{"damage":0,"enemies":"theJungle:Cassacara","floor":30,"turns":4},{"damage":0,"enemies":"theJungle:JungleHuntersEncounter","floor":31,"turns":5},{"damage":0,"enemies":"theJungle:FunGuy","floor":33,"turns":7},{"damage":8,"enemies":"3 Shapes","floor":35,"turns":6},{"damage":0,"enemies":"3 Darklings","floor":37,"turns":4},{"damage":0,"enemies":"4 Shapes","floor":38,"turns":4},{"damage":0,"enemies":"Maw","floor":39,"turns":5},{"damage":0,"enemies":"Nemesis","floor":41,"turns":7},{"damage":0,"enemies":"Jaw Worm Horde","floor":44,"turns":4},{"damage":0,"enemies":"3 Darklings","floor":45,"turns":4},{"damage":0,"enemies":"Reptomancer","floor":47,"turns":5},{"damage":0,"enemies":"Transient","floor":48,"turns":5},{"damage":72,"enemies":"Awakened One","floor":50,"turns":6}],"seed_played":"6252480646578868967","potions_obtained":[{"floor":2,"key":"ZuzhouPotion:ReiMu"},{"floor":5,"key":"BlessingOfTheForge"},{"floor":6,"key":"GrandPatriotsElixir:ReiMu"},{"floor":14,"key":"Energy Potion"},{"floor":37,"key":"Block Potion"},{"floor":39,"key":"FairyPotion"},{"floor":45,"key":"ZuzhouPotion:ReiMu"}],"is_trial":false,"path_per_floor":["M","M","M","$","M","E","?","R","T","M","R","M","M","M","R","B",null,"M","M","$","?","M","R","?","R","T","E","?","$","E","M","R","B",null,"M","$","M","M","M","R","E","?","T","M","M","$","E","M","R","B"],"character_chosen":"Hololive_HololiveCharacter","items_purchased":["Hololive_CallFriendA","Hololive_SummonFox","Hololive_CallKiryuuCoco+1","Pear","Bottled Lightning"],"campfire_rested":0,"item_purchase_floors":[4,20,36,46,46],"current_hp_per_floor":[35,35,35,35,35,35,35,35,35,35,35,35,35,35,35,35,35,22,22,22,22,22,22,22,22,22,22,22,22,22,22,22,22,35,27,27,27,27,27,27,27,27,27,27,27,37,37,37,37,0,0],"gold":79,"neow_bonus":"NOSTALGIA","is_daily":false,"chose_seed":false,"campfire_upgraded":7,"win_rate":0.0,"timestamp":1612934995,"path_taken":["M","M","M","?","M","E","?","R","T","M","R","M","M","M","R","BOSS","M","M","$","?","M","R","?","R","T","E","?","$","E","M","R","BOSS","M","$","M","M","M","R","E","?","T","M","M","$","E","M","R","BOSS"],"items_purchased_type":["Card","Card","Card","Relic","Relic"],"build_version":"2020-12-22","purchased_purges":2,"victory":false,"max_hp_per_floor":[35,35,35,35,35,35,35,35,35,35,35,35,35,35,35,35,35,35,35,35,35,35,35,35,35,35,35,35,35,35,35,35,35,35,35,35,35,35,35,35,35,35,35,35,35,45,45,45,45,45,45],"card_choices":[{"not_picked":["Hololive_Breathe","Hololive_HuntDinosaur","Hololive_OvertimeWork"],"picked":"Hololive_Rebound","floor":1},{"not_picked":["Hololive_OvertimeWork","Hololive_Rebound","Hololive_CallAkaiHaato"],"picked":"Hololive_HighAtkLowDef","floor":2},{"not_picked":["Hololive_CallTokoyamiTowa","Hololive_Drill","Hololive_Sequa"],"picked":"Hololive_StrengthChampion","floor":3},{"not_picked":["Hololive_CallTsunomakiWatame","Hololive_Drill","Hololive_StrengthChampion"],"picked":"Hololive_CallOzoraSubaru","floor":5},{"not_picked":["Hololive_LuckPotion","Hololive_StrengthChampion","Hololive_CocoNews"],"picked":"Hololive_CallManoAloe","floor":6},{"not_picked":["Hololive_CallAmaneKanata","Hololive_CocoNews","Hololive_StrengthChampion"],"picked":"Hololive_FlyingPonyTail","floor":10},{"not_picked":["Hololive_Sequa","Hololive_FlyingPonyTail","Hololive_LuckPotion"],"picked":"Hololive_RevenueBasedLive","floor":12},{"not_picked":["Hololive_Drill","Hololive_Rebound","Hololive_LuckPotion"],"picked":"Hololive_CallArtia","floor":13},{"not_picked":["Hololive_Sequa","Hololive_CallUruhaRushia","Hololive_Trident"],"picked":"Hololive_ILoveYou","floor":14},{"not_picked":["Hololive_Nanodesu","Hololive_ScarfAndHalo","Hololive_WolfAndLamb"],"picked":"Hololive_DurableLive","floor":16},{"not_picked":["Hololive_CallSakuraMiko","Hololive_HuntDinosaur+1","Hololive_Rebound"],"picked":"Hololive_Psychosis+1","floor":19},{"not_picked":["Hololive_StrengthChampion","Hololive_CocoNews","Hololive_Rebound"],"picked":"Hololive_Spy","floor":22},{"not_picked":["Hololive_CallMoonaHoshinova+1","Hololive_Drill","Hololive_AWSL"],"picked":"Hololive_Recruit","floor":27},{"not_picked":["Hololive_CocoNews","Hololive_CallMinatoAqua+1","Hololive_RevenueBasedLive+1"],"picked":"Hololive_CallRoboco+1","floor":30},{"not_picked":["Hololive_CallTsunomakiWatame+1","Hololive_Rebound+1","Hololive_Breathe+1"],"picked":"Hololive_CallRoboco+1","floor":31},{"not_picked":["Hololive_FlareMind","Hololive_HighAtkLowDef","Hololive_Recruit"],"picked":"Hololive_ASMR","floor":33},{"not_picked":["Hololive_CallSakuraMiko+1","Hololive_Drill+1","Hololive_Psychosis+1","Hololive_LuckPotion"],"picked":"SKIP","floor":35},{"not_picked":["Hololive_RevenueBasedLive+1","Hololive_Psychosis+1","Hololive_HuntDinosaur"],"picked":"Hololive_StrengthChampion+1","floor":37},{"not_picked":["Hololive_Rebound+1","Hololive_HuntDinosaur","Hololive_LuckPotion+1","Hololive_FlyingPonyTail+1"],"picked":"SKIP","floor":38},{"not_picked":["Hololive_StrengthChampion","Hololive_CallInugamiKorone+1","Hololive_Psychosis+1"],"picked":"Hololive_CallOmaruPolka+1","floor":39},{"not_picked":["Hololive_CandyCastle","Hololive_WolfAndLamb","Hololive_StrengthChampion+1"],"picked":"Hololive_CallMoonaHoshinova+1","floor":41},{"not_picked":["Hololive_Rebound+1","Hololive_Trident","Hololive_CallOkamiMio+1","Hololive_Psychosis"],"picked":"SKIP","floor":44},{"not_picked":["Hololive_OvertimeWork+1","Hololive_Sequa","Hololive_Trident+1"],"picked":"Hololive_CallShirakamiFubuki+1","floor":45},{"not_picked":["Hololive_Psychosis+1","Hololive_Rebound+1","Hololive_CallHimemoriLuna+1","Hololive_HuntDinosaur"],"picked":"SKIP","floor":47},{"not_picked":["Hololive_BeCareful","Hololive_Breathe+1","Hololive_CallUruhaRushia+1","Hololive_CallAyundaRisu+1"],"picked":"SKIP","floor":48}],"player_experience":206761,"relics_obtained":[{"floor":1,"key":"LetterFromLob"},{"floor":6,"key":"Thread and Needle"},{"floor":27,"key":"War Paint"},{"floor":30,"key":"Frozen Egg 2"},{"floor":41,"key":"Ornamental Fan"},{"floor":47,"key":"Molten Egg 2"}],"event_choices":[{"damage_healed":0,"gold_gain":100,"player_choice":"Gold","damage_taken":0,"max_hp_gain":0,"max_hp_loss":0,"event_name":"Wheel of Change","floor":7,"gold_loss":0},{"cards_removed":["Hololive_CallMoonaHoshinova"],"damage_healed":0,"gold_gain":0,"player_choice":"Removed Power","damage_taken":0,"max_hp_gain":0,"max_hp_loss":0,"event_name":"Falling","floor":42,"gold_loss":0}],"is_beta":false,"boss_relics":[{"not_picked":["aspiration:MarisaSkillbook","Velvet Choker"],"picked":"Runic Pyramid"},{"not_picked":["MariMod:MariFestivalBadge","Tiny House"],"picked":"Philosopher\u0027s Stone"}],"items_purged_floors":[20,36],"is_endless":false,"potions_floor_spawned":[2,5,6,14,19,27,30,37,39,45,48],"killed_by":"Awakened One","ascension_level":1}}