{"host":"36t3qd3wjvajtu1z","time":1612986615,"event":{"mods":["2.2 Compatiblity","AchievementEnabler","BaseMod","Bestiary","Block Reminder","Colored Powertips","Curses Come First","Highlight Path","Minty Spire (QoL Compilation)","Permanent Neow","Quick Restart","Random Character Button","Rare Cards Sparkle","Relic Stats","Slay-I","StSLib","Unknown Chances"],"gold_per_floor":[116,116,129,143,158,205,36,36,36,115,115,140,182,216,225,225,225],"floor_reached":16,"language":"ENG","playtime":1062,"items_purged":["Strike_G"],"score":224,"play_id":"48d11566-7616-4210-a560-fad73bc76f4c","local_time":"20210210115015","is_ascension_mode":true,"campfire_choices":[{"data":"Setup","floor":8.0,"key":"SMITH"},{"floor":15,"key":"REST"}],"circlet_count":0,"master_deck":["AscendersBane","Strike_G","Strike_G","Strike_G","Strike_G","Defend_G","Defend_G","Defend_G","Defend_G","Defend_G","Survivor","Neutralize","Dramatic Entrance","Terror","Bane","Predator","Setup+1","Dagger Spray","Deadly Poison","Dash","Footwork","Dash","Catalyst","Slice"],"relics":["Ring of the Snake","Golden Idol","CeramicFish","Sundial","Blue Candle","White Beast Statue","Dream Catcher"],"acts_visited":["Exordium"],"potions_floor_usage":[16,16],"damage_taken":[{"damage":0.0,"enemies":"2 Louse","floor":1.0,"turns":4.0},{"damage":0.0,"enemies":"Jaw Worm","floor":3.0,"turns":3.0},{"damage":0.0,"enemies":"Small Slimes","floor":4.0,"turns":3.0},{"damage":0.0,"enemies":"2 Fungi Beasts","floor":5.0,"turns":3.0},{"damage":8.0,"enemies":"Gremlin Nob","floor":6.0,"turns":3.0},{"damage":30.0,"enemies":"Gremlin Nob","floor":10.0,"turns":4.0},{"damage":3.0,"enemies":"Looter","floor":12.0,"turns":2.0},{"damage":4.0,"enemies":"Lagavulin","floor":13.0,"turns":5.0},{"damage":0,"enemies":"Exordium Wildlife","floor":14,"turns":4},{"damage":24,"enemies":"Slime Boss","floor":16,"turns":7}],"seed_played":"5599117704538352380","potions_obtained":[{"floor":1.0,"key":"SteroidPotion"},{"floor":3.0,"key":"DistilledChaos"},{"floor":6.0,"key":"Strength Potion"},{"floor":12.0,"key":"GamblersBrew"},{"floor":13.0,"key":"EssenceOfSteel"},{"floor":14,"key":"BlessingOfTheForge"}],"is_trial":false,"path_per_floor":["M","?","M","M","M","E","$","R","T","?","?","M","E","M","R","B"],"character_chosen":"THE_SILENT","items_purchased":["Dagger Spray","Deadly Poison"],"campfire_rested":1,"item_purchase_floors":[7,7],"current_hp_per_floor":[59,59,59,59,59,51,51,51,51,21,16,13,9,9,27,3,3],"gold":225,"neow_bonus":"RANDOM_COLORLESS","is_daily":false,"chose_seed":false,"campfire_upgraded":1,"win_rate":0.0,"timestamp":1612986615,"path_taken":["M","?","M","M","M","E","$","R","T","?","?","M","E","M","R","BOSS"],"items_purchased_type":["Card","Card"],"build_version":"2020-12-22","purchased_purges":1,"victory":false,"max_hp_per_floor":[66,60,60,60,60,60,60,60,60,60,60,60,60,60,60,60,60],"relic_stats":{"Dream Catcher":1,"counters":[10,38],"Golden Idol":53,"Sundial":[2],"CeramicFish":72,"Blue Candle":[0],"obtain_stats":[{"Dream Catcher":13,"Golden Idol":2,"Sundial":9,"CeramicFish":6,"Blue Candle":10,"White Beast Statue":11,"Ring of the Snake":0},{"Dream Catcher":8,"Golden Idol":1,"Sundial":5,"CeramicFish":5,"Blue Candle":6,"White Beast Statue":6,"Ring of the Snake":0},{"Dream Catcher":27,"Golden Idol":4,"Sundial":16,"CeramicFish":16,"Blue Candle":20,"White Beast Statue":20,"Ring of the Snake":0}],"Ring of the Snake":[20]},"card_choices":[{"not_picked":["Blind","Impatience"],"picked":"Dramatic Entrance","floor":0.0},{"not_picked":["Tactician","PiercingWail"],"picked":"Terror","floor":1.0},{"not_picked":["Setup","Concentrate","Outmaneuver"],"picked":"SKIP","floor":3.0},{"not_picked":["Blur","Prepared"],"picked":"Bane","floor":4.0},{"not_picked":["Cloak And Dagger","Well Laid Plans"],"picked":"Predator","floor":5.0},{"not_picked":["Flying Knee","Backflip"],"picked":"Setup","floor":6.0},{"not_picked":["Endless Agony","Escape Plan"],"picked":"Dash","floor":10.0},{"not_picked":["Dagger Throw","Quick Slash"],"picked":"Footwork","floor":12.0},{"not_picked":["Terror","Underhanded Strike"],"picked":"Dash","floor":13.0},{"not_picked":["PiercingWail","Sucker Punch"],"picked":"Catalyst","floor":14},{"not_picked":["Dodge and Roll","PiercingWail"],"picked":"Slice","floor":15}],"player_experience":467299,"relics_obtained":[{"floor":6.0,"key":"CeramicFish"},{"floor":9.0,"key":"Sundial"},{"floor":10.0,"key":"Blue Candle"},{"floor":13.0,"key":"Dream Catcher"}],"event_choices":[{"damage_healed":0.0,"max_hp_gain":0.0,"max_hp_loss":6.0,"gold_gain":0.0,"event_name":"Golden Idol","player_choice":"Lose Max HP","floor":2.0,"gold_loss":0.0,"damage_taken":0.0,"relics_obtained":["Golden Idol"]},{"damage_healed":0.0,"max_hp_gain":0.0,"max_hp_loss":0.0,"gold_gain":0.0,"event_name":"Dead Adventurer","player_choice":"Searched \u00271\u0027 times","floor":10.0,"gold_loss":0.0,"damage_taken":0.0},{"damage_healed":0.0,"max_hp_gain":0.0,"max_hp_loss":0.0,"gold_gain":0.0,"event_name":"Scrap Ooze","player_choice":"Success","floor":11.0,"gold_loss":0.0,"damage_taken":5.0,"relics_obtained":["White Beast Statue"]}],"is_beta":false,"boss_relics":[],"items_purged_floors":[7],"is_endless":false,"potions_floor_spawned":[1,3,6,12,13,14],"killed_by":"Slime Boss","ascension_level":20}}