{"host":"2l3i55whvwk76mom","time":1612922932,"event":{"mods":["BaseMod","Googly Eyes","Hermit","Hubris","Minty Spire (QoL Compilation)","Replay The Spire","StSLib","The Cursed","The Disciple","The Hierophant","The Jungle"],"gold_per_floor":[112,112,112,127,77,77,110,110,186,198,222,70,101,112,112,208,258,277,277,290,290,42,42,67,83,153,183,198,198,24,24,24],"floor_reached":31,"language":"ENG","playtime":1001,"items_purged":["Strike_G","Decay"],"score":422,"play_id":"ffb2d4a3-0952-40b3-98d7-40d35e6718f5","local_time":"20210209180852","is_ascension_mode":true,"campfire_choices":[{"data":"Cloak And Dagger","floor":6,"key":"SMITH"},{"data":"Phantasmal Killer","floor":15,"key":"SMITH"},{"data":"Blade Dance","floor":23,"key":"SMITH"}],"circlet_count":0,"master_deck":["Strike_G+1","Strike_G+1","Strike_G+1","Defend_G+1","Defend_G+1","Defend_G+1","Defend_G+1","Defend_G+1","Survivor+1","Neutralize","Cloak And Dagger+1","Blade Dance+1","Phantasmal Killer+1","Dagger Spray","Footwork","Acrobatics","Quick Slash","After Image+1","Quick Slash","Cloak And Dagger","Flechettes","Blade Dance","Caltrops","Night Terror"],"relics":["Ring of the Snake","NeowsBlessing","Boot","hubris:TinFlute","Centennial Puzzle","Oddly Smooth Stone","Tiny House","Bronze Scales","Vajra","Pear","Toy Ornithopter"],"acts_visited":["Exordium","TheCity"],"potions_floor_usage":[13,13,18,24,24,27,28,28],"damage_taken":[{"damage":0,"enemies":"Jaw Worm","floor":1,"turns":1},{"damage":0,"enemies":"Cultist","floor":4,"turns":1},{"damage":0,"enemies":"Lagavulin","floor":7,"turns":1},{"damage":1,"enemies":"2 Louse","floor":10,"turns":2},{"damage":0,"enemies":"Gremlin Nob","floor":13,"turns":2},{"damage":0,"enemies":"Looter","floor":14,"turns":4},{"damage":6,"enemies":"Slime Boss","floor":16,"turns":11},{"damage":16,"enemies":"2 Thieves","floor":18,"turns":3},{"damage":2,"enemies":"3 Byrds","floor":20,"turns":4},{"damage":2,"enemies":"Book of Stabbing","floor":24,"turns":5},{"damage":6,"enemies":"Shelled Parasite and Fungi","floor":25,"turns":4},{"damage":34,"enemies":"Gremlin Leader","floor":27,"turns":6},{"damage":17,"enemies":"Snecko","floor":28,"turns":6},{"damage":18,"enemies":"Centurion and Healer","floor":31,"turns":2}],"seed_played":"4894577563950884139","potions_obtained":[{"floor":4,"key":"SteroidPotion"},{"floor":7,"key":"FearPotion"},{"floor":14,"key":"GamblersBrew"},{"floor":16,"key":"ColorlessPotion"},{"floor":17,"key":"Adrenaline Potion"},{"floor":20,"key":"Adrenaline Potion"},{"floor":25,"key":"AttackPotion"},{"floor":27,"key":"Swift Potion"}],"is_trial":false,"path_per_floor":["M","?","$","M","?","R","E","?","T","M","T","$","E","M","R","B",null,"M","?","M","?","$","R","E","M","T","E","M","?","$","M"],"character_chosen":"THE_SILENT","items_purchased":["Footwork","Bronze Scales","GhostInAJar","Reflective Coating"],"campfire_rested":0,"item_purchase_floors":[12,22,30,30],"current_hp_per_floor":[70,70,70,70,70,70,70,70,70,69,69,69,69,69,69,63,75,59,59,57,57,57,57,55,49,59,25,18,18,18,0,0],"gold":24,"neow_bonus":"THREE_ENEMY_KILL","is_daily":false,"chose_seed":false,"campfire_upgraded":3,"win_rate":0.0,"timestamp":1612922932,"path_taken":["M","?","$","?","?","R","E","?","T","M","?","?","E","M","R","BOSS","M","?","?","?","?","R","E","M","T","E","M","?","$","M"],"items_purchased_type":["Card","Relic","Potion","Potion"],"build_version":"2020-12-22","purchased_purges":2,"victory":false,"max_hp_per_floor":[70,70,70,70,70,70,70,70,70,70,70,70,70,70,70,70,75,75,75,75,75,75,75,75,75,85,85,85,85,85,85,85],"card_choices":[{"not_picked":["Blur","Endless Agony"],"picked":"Cloak And Dagger","floor":1},{"not_picked":["hubris:SlightOfHand","Riddle With Holes"],"picked":"Blade Dance","floor":4},{"not_picked":["Dagger Throw","ReplayTheSpireMod:Exploit Weakness"],"picked":"Phantasmal Killer","floor":7},{"not_picked":["Toxin Wave","Deadly Poison"],"picked":"Dagger Spray","floor":10},{"not_picked":["Bane","Quick Slash"],"picked":"Acrobatics","floor":13},{"not_picked":["Prepared","Eviscerate"],"picked":"Quick Slash","floor":14},{"not_picked":["Atom Bomb","Unload"],"picked":"After Image","floor":16},{"not_picked":["hubris:SlightOfHand","Catalyst"],"picked":"Quick Slash","floor":17},{"not_picked":["Backflip","Underhanded Strike"],"picked":"Cloak And Dagger","floor":18},{"not_picked":["Bane","Bouncing Flask+1"],"picked":"Flechettes","floor":20},{"not_picked":["hubris:SlightOfHand","Underhanded Strike","Flying Knee"],"picked":"SKIP","floor":24},{"not_picked":["Sneak Up","Dagger Throw+1"],"picked":"Blade Dance","floor":25},{"not_picked":["Poisoned Stab","Quick Slash"],"picked":"Caltrops","floor":27},{"not_picked":["Backflip","Sucker Punch"],"picked":"Night Terror","floor":28}],"player_experience":361127,"relics_obtained":[{"floor":7,"key":"Boot"},{"floor":9,"key":"hubris:TinFlute"},{"floor":11,"key":"Centennial Puzzle"},{"floor":13,"key":"Oddly Smooth Stone"},{"floor":24,"key":"Vajra"},{"floor":26,"key":"Pear"},{"floor":27,"key":"Toy Ornithopter"}],"event_choices":[{"damage_healed":0,"gold_gain":0,"player_choice":"Ignored","damage_taken":0,"max_hp_gain":0,"max_hp_loss":0,"event_name":"Transmorgrifier","floor":2,"gold_loss":0},{"cards_removed":["Strike_G"],"damage_healed":0,"gold_gain":0,"player_choice":"Card Removal","damage_taken":0,"max_hp_gain":0,"max_hp_loss":0,"event_name":"The Cleric","floor":5,"gold_loss":50},{"damage_healed":0,"gold_gain":0,"player_choice":"Forge","damage_taken":0,"max_hp_gain":0,"max_hp_loss":0,"event_name":"Accursed Blacksmith","floor":19,"gold_loss":0,"cards_upgraded":["After Image"]},{"damage_healed":0,"gold_gain":0,"player_choice":"Smashed Altar","damage_taken":0,"max_hp_gain":0,"max_hp_loss":0,"event_name":"Forgotten Altar","floor":21,"gold_loss":0,"cards_obtained":["Decay"]},{"damage_healed":0,"gold_gain":0,"player_choice":"Simplicity","damage_taken":0,"max_hp_gain":0,"max_hp_loss":0,"event_name":"Back to Basics","floor":29,"gold_loss":0,"cards_upgraded":["Strike_G","Strike_G","Strike_G","Defend_G","Defend_G","Defend_G","Defend_G"]}],"is_beta":false,"boss_relics":[{"not_picked":["Astrolabe","hubris:GrandSneckoEye"],"picked":"Tiny House"}],"items_purged_floors":[12,22],"is_endless":false,"potions_floor_spawned":[4,7,14,16,20,25,27],"killed_by":"Centurion and Healer","ascension_level":4}}