{"host":"jbmvtpvel2a8rbg6","time":1612925473,"event":{"mods":["Aspiration","BaseMod","Better Match","Better Sensory Stone","Better Skull","Conspire","Downfall","Energized Spire","GungeonMod","Hubris","Infinite Spire","Minty Spire (QoL Compilation)","RRrroohrrRGHHhhh!!","Reliquary","Replay The Spire","StSLib","Wandering Minibosses"],"gold_per_floor":[112,127,137,137,147,147,180,180,206,216,141,141,176,212,212,321,321,337,337],"floor_reached":18,"language":"ENG","playtime":5086,"items_purged":["Body Slam"],"score":172,"play_id":"bcf7605f-340d-484e-883b-0389677d1ba5","local_time":"20210209185113","is_ascension_mode":false,"campfire_choices":[{"data":"Consecrate","floor":6,"key":"SMITH"},{"data":"Guardian:RefractedBeam","floor":12,"key":"SMITH"}],"circlet_count":0,"master_deck":["Strike_P","Strike_P","Strike_P","Strike_P","Defend_P","Defend_P","Defend_P","Defend_P","Eruption","Vigilance","Consecrate+1","Guardian:Gem_Red","infinitespire:Starlight","Prostrate","Guardian:RefractedBeam+1","Voices","BowlingBash"],"relics":["PureWater","aspiration:Nostalgia","m_GuardianBlood","Question Card","Ring of Hypnosis","ReplayTheSpireMod:Ring of Addiction","Toy Ornithopter","Chameleon Ring","MealTicket","Replay:Bandana","rorgmod:Black Star"],"acts_visited":["Exordium","TheCity"],"potions_floor_usage":[5,5,10,13,13,16,16,18],"damage_taken":[{"damage":0,"enemies":"Cultist","floor":1,"turns":2},{"damage":0,"enemies":"2 Louse","floor":2,"turns":1},{"damage":0,"enemies":"Small Slimes","floor":3,"turns":2},{"damage":13,"enemies":"Exordium Wildlife","floor":5,"turns":5},{"damage":14,"enemies":"3 Sentries","floor":7,"turns":8},{"damage":16,"enemies":"Gremlin Gang","floor":10,"turns":4},{"damage":14,"enemies":"Lagavulin","floor":13,"turns":6},{"damage":0,"enemies":"Large Slime","floor":14,"turns":3},{"damage":50,"enemies":"Fading Forest","floor":16,"turns":11},{"damage":89,"enemies":"Shell Parasite","floor":18,"turns":7}],"seed_played":"-8546980626329054260","potions_obtained":[{"floor":1,"key":"Adrenaline Potion"},{"floor":3,"key":"SkillPotion"},{"floor":7,"key":"Elixir"},{"floor":8,"key":"Regen Potion"},{"floor":8,"key":"BlessingOfTheForge"},{"floor":13,"key":"Dexterity Potion"},{"floor":14,"key":"Explosive Potion"},{"floor":15,"key":"SmokeBomb"},{"floor":15,"key":"SpeedPotion"}],"is_trial":false,"path_per_floor":["M","M","M","?","M","R","E","?","T","M","$","R","E","M","R","B",null,"M"],"character_chosen":"WATCHER","items_purchased":[],"campfire_rested":0,"item_purchase_floors":[],"current_hp_per_floor":[72,72,72,53,56,56,48,48,48,55,70,70,69,72,72,53,72,0,0],"gold":337,"neow_bonus":"NOSTALGIA","is_daily":false,"chose_seed":false,"campfire_upgraded":2,"win_rate":0.0,"timestamp":1612925473,"path_taken":["M","?","M","?","M","R","E","?","T","?","$","R","E","M","R","BOSS","M"],"items_purchased_type":[],"build_version":"2020-12-22","purchased_purges":1,"victory":false,"max_hp_per_floor":[72,72,72,72,72,72,72,72,72,72,72,72,72,72,72,72,72,72,72],"card_choices":[{"not_picked":["Nirvana","FearNoEvil"],"picked":"Consecrate","floor":1},{"not_picked":["ThirdEye","JustLucky"],"picked":"Body Slam","floor":2},{"not_picked":["Consecrate","FearNoEvil"],"picked":"Guardian:Gem_Red","floor":3},{"not_picked":["ReplayTheSpireMod:Book of Names","hubris:Rewind"],"picked":"infinitespire:Starlight","floor":4},{"not_picked":["Demon Form","LikeWater"],"picked":"Prostrate","floor":5},{"not_picked":["FearNoEvil","JustLucky"],"picked":"Guardian:RefractedBeam","floor":7},{"not_picked":["EmptyBody","Flex","Thunderclap"],"picked":"BowlingBash","floor":10},{"not_picked":["Tantrum","Twin Strike","ClearTheMind","Reaper"],"picked":"SKIP","floor":13},{"not_picked":["EmptyBody","Body Slam","CutThroughFate","EmptyMind"],"picked":"SKIP","floor":14}],"player_experience":857496,"relics_obtained":[{"floor":7,"key":"Question Card"},{"floor":8,"key":"Ring of Hypnosis"},{"floor":8,"key":"ReplayTheSpireMod:Ring of Addiction"},{"floor":8,"key":"Toy Ornithopter"},{"floor":8,"key":"Chameleon Ring"},{"floor":9,"key":"MealTicket"},{"floor":13,"key":"Replay:Bandana"}],"event_choices":[],"is_beta":false,"boss_relics":[{"not_picked":["energizedSpire:StickyHand","energizedSpire:EnergizedDie"],"picked":"rorgmod:Black Star"}],"items_purged_floors":[11],"is_endless":false,"potions_floor_spawned":[1,3,7,13,14],"killed_by":"Shell Parasite","ascension_level":0}}