{"host":"Nexxot","time":1612972872,"event":{"mods":["AchievementEnabler","BaseMod","Bestiary","Colored Map","Curses Come First","Highlight Path","Minty Spire (QoL Compilation)","Relic Stats","StSLib"],"gold_per_floor":[109,109,3,13,13,13,44,54,54,4,14,26,57,19,19,120,120,139,139,167,104,116,116],"floor_reached":22,"language":"ENG","playtime":618,"items_purged":[],"score":329,"play_id":"8832ed3e-a9df-4b71-bc24-f0fd12e9e03a","local_time":"20210210170112","is_ascension_mode":true,"campfire_choices":[{"data":"ReachHeaven","floor":6,"key":"SMITH"},{"floor":15,"key":"REST"}],"circlet_count":0,"master_deck":["AscendersBane","Defend_P","Defend_P","Eruption","Vigilance","FlyingSleeves","ReachHeaven+1","Crescendo","FearNoEvil","EmptyBody","ThirdEye","CutThroughFate","WheelKick","CutThroughFate","Adaptation","Blasphemy","SandsOfTime+1","TalkToTheHand+1","TalkToTheHand+1","Protect","Consecrate"],"relics":["Philosopher\u0027s Stone","TungstenRod","Ornamental Fan","Oddly Smooth Stone","Astrolabe","MawBank"],"acts_visited":["Exordium","TheCity"],"potions_floor_usage":[18,22],"damage_taken":[{"damage":0,"enemies":"Small Slimes","floor":1,"turns":2},{"damage":2,"enemies":"Cultist","floor":4,"turns":3},{"damage":9,"enemies":"3 Sentries","floor":7,"turns":6},{"damage":17,"enemies":"2 Louse","floor":8,"turns":3},{"damage":1,"enemies":"Blue Slaver","floor":11,"turns":2},{"damage":0,"enemies":"2 Fungi Beasts","floor":12,"turns":2},{"damage":0,"enemies":"Gremlin Nob","floor":13,"turns":2},{"damage":27,"enemies":"The Guardian","floor":16,"turns":10},{"damage":99999,"enemies":"2 Thieves","floor":18,"turns":2},{"damage":0,"enemies":"Spheric Guardian","floor":20,"turns":3},{"damage":31,"enemies":"3 Cultists","floor":22,"turns":4}],"seed_played":"-4342150491900775547","potions_obtained":[{"floor":4,"key":"FairyPotion"},{"floor":8,"key":"BottledMiracle"},{"floor":16,"key":"Strength Potion"},{"floor":20,"key":"Weak Potion"}],"is_trial":false,"path_per_floor":["M","?","$","M","?","R","E","M","T","?","M","M","E","$","R","B",null,"M","?","M","?","M"],"character_chosen":"WATCHER","items_purchased":["ReachHeaven","Crescendo","Adaptation"],"campfire_rested":1,"item_purchase_floors":[3,3,14],"current_hp_per_floor":[65,65,65,63,56,56,47,30,30,30,29,29,29,29,50,23,60,21,21,21,21,0,0],"gold":116,"neow_bonus":"BOSS_RELIC","is_daily":false,"chose_seed":false,"campfire_upgraded":1,"win_rate":0.0,"timestamp":1612972872,"path_taken":["M","?","$","?","?","R","E","M","T","?","M","M","E","$","R","BOSS","M","?","M","?","M"],"items_purchased_type":["Card","Card","Card"],"build_version":"2020-12-18","purchased_purges":0,"victory":false,"max_hp_per_floor":[72,72,72,72,72,72,72,72,72,72,72,72,72,72,72,72,72,72,72,72,72,72,72],"relic_stats":{"counters":[11,39],"Ornamental Fan":[28],"Astrolabe":["SandsOfTime","TalkToTheHand","TalkToTheHand"],"MawBank":36,"obtain_stats":[{"Ornamental Fan":9,"Astrolabe":17,"Oddly Smooth Stone":13,"Philosopher\u0027s Stone":0,"PureWater":0,"MawBank":19,"TungstenRod":7},{"Ornamental Fan":4,"Astrolabe":8,"Oddly Smooth Stone":7,"Philosopher\u0027s Stone":0,"PureWater":0,"MawBank":9,"TungstenRod":3},{"Ornamental Fan":14,"Astrolabe":30,"Oddly Smooth Stone":20,"Philosopher\u0027s Stone":0,"PureWater":0,"MawBank":32,"TungstenRod":11}],"TungstenRod":15},"card_choices":[{"not_picked":["Indignation","Vengeance"],"picked":"FlyingSleeves","floor":1},{"not_picked":["Pray","ThirdEye"],"picked":"FearNoEvil","floor":4},{"not_picked":["Evaluate","Collect"],"picked":"EmptyBody","floor":7},{"not_picked":["SashWhip","FollowUp"],"picked":"ThirdEye","floor":8},{"not_picked":["BowlingBash","ThirdEye"],"picked":"CutThroughFate","floor":11},{"not_picked":["ThirdEye","Sanctity"],"picked":"WheelKick","floor":12},{"not_picked":["Crescendo","CarveReality"],"picked":"CutThroughFate","floor":13},{"not_picked":["Brilliance","MasterReality"],"picked":"Blasphemy","floor":16},{"not_picked":["EmptyFist","Adaptation"],"picked":"Protect","floor":18},{"not_picked":["Protect+1","InnerPeace"],"picked":"Consecrate","floor":20}],"player_experience":354144,"relics_obtained":[{"floor":7,"key":"TungstenRod"},{"floor":9,"key":"Ornamental Fan"},{"floor":13,"key":"Oddly Smooth Stone"}],"event_choices":[{"cards_removed":["Strike_P"],"damage_healed":0,"gold_gain":0,"player_choice":"Offered Basic","damage_taken":0,"max_hp_gain":0,"max_hp_loss":0,"event_name":"Bonfire Elementals","floor":2,"gold_loss":0},{"cards_removed":["Strike_P"],"damage_healed":0,"gold_gain":0,"player_choice":"Card Removal","damage_taken":7,"max_hp_gain":0,"max_hp_loss":0,"event_name":"Golden Wing","floor":5,"gold_loss":0},{"cards_removed":["Defend_P"],"damage_healed":0,"gold_gain":0,"player_choice":"Card Removal","damage_taken":0,"max_hp_gain":0,"max_hp_loss":0,"event_name":"The Cleric","floor":10,"gold_loss":50},{"damage_healed":0,"gold_gain":0,"player_choice":"Opened","damage_taken":0,"relics_obtained":["MawBank"],"max_hp_gain":0,"max_hp_loss":0,"event_name":"The Mausoleum","floor":19,"gold_loss":0,"cards_obtained":["Writhe"]},{"cards_removed":["Writhe"],"damage_healed":0,"gold_gain":0,"player_choice":"Gave Gold","damage_taken":0,"max_hp_gain":0,"max_hp_loss":0,"event_name":"Beggar","floor":21,"gold_loss":75}],"is_beta":true,"boss_relics":[{"not_picked":["Runic Dome","Fusion Hammer"],"picked":"Astrolabe"}],"items_purged_floors":[],"is_endless":false,"potions_floor_spawned":[4,8,16,20],"killed_by":"3 Cultists","ascension_level":10}}