{"host":"ujyomg7d1f18u2we","time":1612924903,"event":{"mods":["AchievementEnabler","AlwaysNeverKeys","Aspiration","BaseMod","Colored Map","DeckTracker","Gremlin Skip","Highlight Path","Hubris","Minty Spire (QoL Compilation)","Quick Restart","Random Character Button","StSLib"],"gold_per_floor":[116,116,142,155,155,155,181,181,262,262,262,296,315,333,333,429,429,446,458,148,148,148,148,161,161,161,76,76,76,76],"floor_reached":29,"language":"ENG","playtime":470,"items_purged":[],"score":254,"play_id":"db104153-7665-441c-be08-890f2ea404b4","local_time":"20210209234143","is_ascension_mode":false,"campfire_choices":[{"data":"Bash","floor":6,"key":"SMITH"},{"data":"Berserk","floor":8,"key":"SMITH"},{"data":"Shrug It Off","floor":10,"key":"SMITH"},{"data":"Perfected Strike","floor":15,"key":"SMITH"},{"data":"Barricade","floor":23,"key":"SMITH"},{"data":"Dropkick","floor":25,"key":"SMITH"},{"data":"Strike_R","floor":28,"key":"SMITH"}],"circlet_count":0,"master_deck":["Strike_R+1","Strike_R","Strike_R","Strike_R","Strike_R","Defend_R","Defend_R","Defend_R","Bash+1","Shrug It Off+1","Berserk+1","Perfected Strike+1","Dropkick+1","Barricade+1","Flame Barrier+1"],"relics":["Black Blood","NeowsBlessing","Tiny Chest","hubris:Towel","Mercury Hourglass","Letter Opener","hubris:SphereOfDissonance","ClockworkSouvenir","aspiration:RitualStick","The Courier","hubris:BottledRain","Blood Vial"],"acts_visited":["Exordium","TheCity"],"potions_floor_usage":[12,18,23],"damage_taken":[{"damage":0,"enemies":"Cultist","floor":1,"turns":1},{"damage":0,"enemies":"Jaw Worm","floor":4,"turns":1},{"damage":0,"enemies":"3 Sentries","floor":7,"turns":2},{"damage":23,"enemies":"Lagavulin","floor":12,"turns":6},{"damage":8,"enemies":"Small Slimes","floor":13,"turns":2},{"damage":12,"enemies":"Blue Slaver","floor":14,"turns":3},{"damage":38,"enemies":"The Guardian","floor":16,"turns":8},{"damage":9,"enemies":"3 Byrds","floor":18,"turns":5},{"damage":0,"enemies":"Chosen","floor":19,"turns":4},{"damage":22,"enemies":"Centurion and Healer","floor":24,"turns":6},{"damage":75,"enemies":"Slavers","floor":29,"turns":4}],"seed_played":"-2095938598161844502","potions_obtained":[{"floor":7,"key":"DistilledChaos"},{"floor":13,"key":"SpeedPotion"},{"floor":19,"key":"BloodPotion"}],"is_trial":false,"path_per_floor":["M","$","T","M","?","R","E","R","T","R","?","E","M","M","R","B",null,"M","M","$","?","T","R","M","R","T","?","R","E"],"character_chosen":"IRONCLAD","items_purchased":["ClockworkSouvenir","Barricade"],"campfire_rested":0,"item_purchase_floors":[20,20],"current_hp_per_floor":[80,80,80,80,80,80,80,80,80,80,80,63,61,55,55,23,80,80,80,80,64,64,80,70,70,70,70,70,0,0],"gold":76,"neow_bonus":"THREE_ENEMY_KILL","is_daily":false,"chose_seed":false,"campfire_upgraded":7,"win_rate":0.0,"timestamp":1612924903,"path_taken":["M","$","?","M","?","R","E","R","T","R","?","E","M","M","R","BOSS","M","M","$","?","?","R","M","R","T","?","R","E"],"items_purchased_type":["Relic","Card"],"build_version":"2020-12-22","purchased_purges":0,"victory":false,"max_hp_per_floor":[80,80,80,80,80,80,80,80,80,80,80,80,80,80,80,80,80,80,80,80,80,80,80,80,80,80,80,80,80,80],"card_choices":[{"not_picked":["hubris:ReadiedAction","Dual Wield","Thunderclap"],"picked":"SKIP","floor":1},{"not_picked":["Wild Strike","Sentinel"],"picked":"Shrug It Off","floor":4},{"not_picked":["Second Wind","Warcry"],"picked":"Berserk","floor":7},{"not_picked":["Impervious","Flex","hubris:CleavingFinish"],"picked":"SKIP","floor":12},{"not_picked":["True Grit","Shrug It Off"],"picked":"Perfected Strike","floor":13},{"not_picked":["Sever Soul","Heavy Blade"],"picked":"Dropkick","floor":14},{"not_picked":["Inflame","Thunderclap","Wild Strike"],"picked":"SKIP","floor":18},{"not_picked":["Warcry","Heavy Blade","Entrench"],"picked":"SKIP","floor":19},{"not_picked":["Perfected Strike+1","Fire Breathing+1"],"picked":"Flame Barrier+1","floor":24}],"player_experience":1577009,"relics_obtained":[{"floor":3,"key":"Tiny Chest"},{"floor":7,"key":"Mercury Hourglass"},{"floor":9,"key":"Letter Opener"},{"floor":12,"key":"hubris:SphereOfDissonance"},{"floor":22,"key":"The Courier"},{"floor":26,"key":"hubris:BottledRain"}],"event_choices":[{"cards_removed":["Defend_R"],"damage_healed":0,"gold_gain":0,"player_choice":"Forget","damage_taken":0,"max_hp_gain":0,"max_hp_loss":0,"event_name":"Living Wall","floor":11,"gold_loss":0},{"damage_healed":0,"gold_gain":0,"player_choice":"Obtained Relic","damage_taken":0,"relics_obtained":["Blood Vial"],"max_hp_gain":0,"max_hp_loss":0,"event_name":"Addict","floor":27,"gold_loss":85}],"is_beta":false,"boss_relics":[{"not_picked":["Empty Cage","aspiration:FutureDiary"],"picked":"Black Blood"}],"items_purged_floors":[],"is_endless":false,"potions_floor_spawned":[7,13,19],"killed_by":"Slavers","ascension_level":0}}