{"host":"0qevis500jgmlc2v","time":1612943450,"event":{"mods":["100% Spire Juice","Act Like it!","Aspiration","BaseMod","Conspire","Energized Spire","Friendly Minions","GifTheSpireLib","KinomotoSakuraMod(木之本樱)","KomeijiMod","Marisa（F雨　魔理沙）","Minty Spire (QoL Compilation)","Pale of the Ancients","Quick Restart","Reliquary","Replay The Spire","Shop Mod","Spicy Shops","StSLib","Yakumo Yukari mod","【功能Mod】聪明的最终Boss"],"gold_per_floor":[137,172,37,37,62,77,77,77],"floor_reached":7,"language":"ZHS","playtime":1043,"items_purged":["AT_purpleEX"],"score":41,"play_id":"8892683d-b6aa-4531-b5fe-74763b0cefef","local_time":"20210210155050","is_ascension_mode":false,"campfire_choices":[],"circlet_count":0,"master_deck":["AT_purpleEX","AT_purpleEX","AT_purpleEX","Defend_purpleEX","Defend_purpleEX","Defend_purpleEX","Defend_purpleEX","Observe_purple_1","Observe_purple_2","Mirror_FormAndEmptin_purple","Bait_HighSpeedFlying_purple","RuptureOfTimeAndSpace_purple","RuptureOfTimeAndSpace_purple","SfantasyHide_purple"],"relics":["Boundary_crack","Memoryfragments_purpleEX","NeowsBlessing","reliquary:ExpiredCoupon","Golden Idol"],"acts_visited":["Exordium"],"potions_floor_usage":[],"damage_taken":[{"damage":0.0,"enemies":"Cultist","floor":1.0,"turns":1.0},{"damage":0.0,"enemies":"conspire:MimicChest","floor":2.0,"turns":1.0},{"damage":0.0,"enemies":"2 Louse","floor":5.0,"turns":1.0},{"damage":0.0,"enemies":"Small Slimes","floor":6.0,"turns":4.0},{"damage":59,"enemies":"Gremlin Nob","floor":7,"turns":5}],"seed_played":"-3170360958204162756","potions_obtained":[{"floor":5.0,"key":"SpeedPotion"}],"is_trial":false,"path_per_floor":["M","?","$","?","M","M","E"],"character_chosen":"Youkari","items_purchased":["RuptureOfTimeAndSpace_purple"],"campfire_rested":0,"item_purchase_floors":[3],"current_hp_per_floor":[70,70,70,53,53,57,0,0],"gold":77,"neow_bonus":"THREE_ENEMY_KILL","is_daily":false,"chose_seed":false,"campfire_upgraded":0,"win_rate":0.0,"timestamp":1612943450,"path_taken":["M","?","$","?","M","M","E"],"items_purchased_type":["Card"],"build_version":"2020-12-22","purchased_purges":1,"victory":false,"max_hp_per_floor":[70,70,70,70,70,70,70,70],"card_choices":[{"not_picked":["MeetDecomposer_purple","SharpContractionReality_purple"],"picked":"Mirror_FormAndEmptin_purple","floor":1.0},{"not_picked":["RuleDissolution_purple","UniverseChoice_purple"],"picked":"Bait_HighSpeedFlying_purple","floor":2.0},{"not_picked":["OmniscientAndOmnipotent_Monster_purple","WingOfChimera_purple","Umbrella_purple"],"picked":"SKIP","floor":5.0},{"not_picked":["Shallow_ocean_purpleEX","MeetDecomposer_purple"],"picked":"SfantasyHide_purple","floor":6.0}],"player_experience":928670,"relics_obtained":[{"floor":2.0,"key":"reliquary:ExpiredCoupon"}],"event_choices":[{"damage_healed":0.0,"max_hp_gain":0.0,"max_hp_loss":0.0,"gold_gain":0.0,"event_name":"Golden Idol","player_choice":"Take Damage","floor":4.0,"gold_loss":0.0,"damage_taken":17.0,"relics_obtained":["Golden Idol"]}],"is_beta":false,"boss_relics":[],"items_purged_floors":[3],"is_endless":false,"potions_floor_spawned":[5],"killed_by":"Gremlin Nob","ascension_level":0}}