{"host":"gobyjzz6xbwq9f9i","time":1612924956,"event":{"mods":["AchievementEnabler","BaseMod","Bestiary","Colored Map","Minty Spire (QoL Compilation)","Relic Stats"],"gold_per_floor":[117,132,148,168,187,187,219,219,219,219,219,219],"floor_reached":11,"language":"ENG","playtime":377,"items_purged":[],"score":113,"play_id":"f4e3a9b0-1a1a-44b9-8d9b-3f671d874e33","local_time":"20210209184236","is_ascension_mode":true,"campfire_choices":[{"data":"Predator","floor":6,"key":"SMITH"},{"data":"Terror","floor":10,"key":"SMITH"}],"circlet_count":0,"master_deck":["AscendersBane","Strike_G","Strike_G","Strike_G","Strike_G","Strike_G","Defend_G","Defend_G","Defend_G","Defend_G","Defend_G","Survivor","Neutralize","Predator+1","Slice","Terror+1","Noxious Fumes","Backflip","WreathOfFlame"],"relics":["Ring of the Snake","Lantern","WingedGreaves"],"acts_visited":["Exordium"],"potions_floor_usage":[],"damage_taken":[{"damage":0,"enemies":"Cultist","floor":1,"turns":4},{"damage":0,"enemies":"Small Slimes","floor":2,"turns":4},{"damage":2,"enemies":"Jaw Worm","floor":3,"turns":3},{"damage":18,"enemies":"Lots of Slimes","floor":4,"turns":5},{"damage":6,"enemies":"Looter","floor":5,"turns":3},{"damage":29,"enemies":"3 Sentries","floor":7,"turns":9},{"damage":19,"enemies":"Gremlin Nob","floor":11,"turns":3}],"seed_played":"-5903786593869133087","potions_obtained":[{"floor":3,"key":"Ancient Potion"}],"is_trial":false,"path_per_floor":["M","M","M","M","M","R","E","?","T","R","E"],"character_chosen":"THE_SILENT","items_purchased":[],"campfire_rested":0,"item_purchase_floors":[],"current_hp_per_floor":[70,70,68,50,44,44,15,15,15,15,0,0],"gold":219,"neow_bonus":"TEN_PERCENT_HP_BONUS","is_daily":false,"chose_seed":false,"campfire_upgraded":2,"win_rate":0.0,"timestamp":1612924956,"path_taken":["M","?","M","M","M","R","E","?","T","R","E"],"items_purchased_type":[],"build_version":"2020-12-22","purchased_purges":0,"victory":false,"max_hp_per_floor":[77,77,77,77,77,77,77,77,77,77,77,77],"relic_stats":{"counters":[7,31],"obtain_stats":[{"Lantern":7,"WingedGreaves":9,"Ring of the Snake":0},{"Lantern":6,"WingedGreaves":6,"Ring of the Snake":0},{"Lantern":28,"WingedGreaves":28,"Ring of the Snake":0}],"Ring of the Snake":[14]},"card_choices":[{"not_picked":["Deflect","Backflip"],"picked":"Predator","floor":1},{"not_picked":["Flying Knee","PiercingWail"],"picked":"Slice","floor":2},{"not_picked":["Malaise","Catalyst"],"picked":"Deadly Poison","floor":3},{"not_picked":["Dodge and Roll","Flying Knee"],"picked":"Terror","floor":4},{"not_picked":["Cloak And Dagger","Reflex"],"picked":"Noxious Fumes","floor":5},{"not_picked":["Expertise","Riddle With Holes"],"picked":"Backflip","floor":7}],"player_experience":1321249,"relics_obtained":[{"floor":7,"key":"Lantern"},{"floor":9,"key":"WingedGreaves"}],"event_choices":[{"cards_removed":["Deadly Poison"],"damage_healed":0,"gold_gain":0,"player_choice":"Took Card","damage_taken":0,"max_hp_gain":0,"max_hp_loss":0,"event_name":"NoteForYourself","floor":8,"gold_loss":0,"cards_obtained":["WreathOfFlame"]}],"is_beta":false,"boss_relics":[],"items_purged_floors":[],"is_endless":false,"potions_floor_spawned":[3],"killed_by":"Gremlin Nob","ascension_level":10}}