{"host":"5h6e4l6hpn0p5lap","time":1612971902,"event":{"mods":["AchievementEnabler","BaseMod","Better Altar","Better Match","Better Sensory Stone","Better Skull","Better Third Choice","Colored Map","Filter the Spire","Minty Spire (QoL Compilation)","StSLib"],"gold_per_floor":[113,113,113,67,83,83,115,127,127,127,142,112,142,160,160,160,160],"floor_reached":16,"language":"ENG","playtime":412,"items_purged":[],"score":176,"play_id":"de23f517-f418-4c23-8caf-f6208ff60775","local_time":"20210210104502","is_ascension_mode":true,"campfire_choices":[{"data":"Searing Blow","floor":6,"key":"SMITH"},{"data":"Searing Blow+1","floor":10,"key":"SMITH"},{"floor":15,"key":"REST"}],"circlet_count":0,"master_deck":["Strike_R","Strike_R","Strike_R","Strike_R","Strike_R","Defend_R","Defend_R","Defend_R","Defend_R","Bash","Dropkick","Pommel Strike","Searing Blow+2","Combust","Armaments","Shockwave"],"relics":["Burning Blood","NeowsBlessing","Mercury Hourglass","Anchor","Ice Cream"],"acts_visited":["Exordium"],"potions_floor_usage":[16],"damage_taken":[{"damage":0,"enemies":"Cultist","floor":1,"turns":1},{"damage":0,"enemies":"Small Slimes","floor":5,"turns":1},{"damage":0,"enemies":"3 Sentries","floor":7,"turns":1},{"damage":13,"enemies":"Jaw Worm","floor":8,"turns":4},{"damage":24,"enemies":"Large Slime","floor":11,"turns":5},{"damage":30,"enemies":"Lagavulin","floor":13,"turns":4},{"damage":15,"enemies":"Exordium Thugs","floor":14,"turns":4},{"damage":46,"enemies":"Slime Boss","floor":16,"turns":7}],"seed_played":"25007329264615128","potions_obtained":[{"floor":5,"key":"EssenceOfSteel"},{"floor":12,"key":"SmokeBomb"},{"floor":12,"key":"Ancient Potion"},{"floor":13,"key":"BlessingOfTheForge"}],"is_trial":false,"path_per_floor":["M","?","?","$","M","R","E","M","T","R","M","?","E","M","R","B"],"character_chosen":"IRONCLAD","items_purchased":["Pommel Strike"],"campfire_rested":1,"item_purchase_floors":[4],"current_hp_per_floor":[78,78,78,78,80,80,80,73,73,73,55,55,31,22,46,0,0],"gold":160,"neow_bonus":"THREE_ENEMY_KILL","is_daily":false,"chose_seed":false,"campfire_upgraded":2,"win_rate":0.0,"timestamp":1612971902,"path_taken":["M","?","?","$","M","R","E","M","T","R","M","?","E","M","R","BOSS"],"items_purchased_type":["Card"],"build_version":"2020-12-22","purchased_purges":0,"victory":false,"max_hp_per_floor":[80,80,80,80,80,80,80,80,80,80,80,80,80,80,80,80,80],"card_choices":[{"not_picked":["Armaments","Dual Wield"],"picked":"Dropkick","floor":1},{"not_picked":["Body Slam","Uppercut"],"picked":"Searing Blow","floor":5},{"not_picked":["Rupture","Rampage"],"picked":"Combust","floor":7},{"not_picked":["Heavy Blade","Havoc","Sentinel"],"picked":"SKIP","floor":8},{"not_picked":["Twin Strike","Pommel Strike"],"picked":"Armaments","floor":11},{"not_picked":["Heavy Blade","Flex"],"picked":"Shockwave","floor":13},{"not_picked":["Pummel","Metallicize","Dropkick"],"picked":"SKIP","floor":14}],"player_experience":1099529,"relics_obtained":[{"floor":7,"key":"Mercury Hourglass"},{"floor":9,"key":"Anchor"},{"floor":13,"key":"Ice Cream"}],"event_choices":[{"damage_healed":78,"gold_gain":0,"player_choice":"Leave","damage_taken":0,"max_hp_gain":0,"max_hp_loss":80,"event_name":"betterThird:BetterShining","floor":2,"gold_loss":0},{"damage_healed":0,"gold_gain":0,"player_choice":"Ignored","damage_taken":0,"max_hp_gain":0,"max_hp_loss":0,"event_name":"Golden Wing","floor":3,"gold_loss":0},{"damage_healed":0,"gold_gain":0,"player_choice":"Bought 2 Potions","damage_taken":0,"max_hp_gain":0,"max_hp_loss":0,"event_name":"The Woman in Blue","floor":12,"gold_loss":0}],"is_beta":false,"boss_relics":[],"items_purged_floors":[],"is_endless":false,"potions_floor_spawned":[5,13,14],"killed_by":"Slime Boss","ascension_level":6}}