{"host":"7v9t59ze4jbx2rzq","time":1612999721,"event":{"mods":["Act Like it!","Ascension Unlocker","Aya Shameimaru","BaseMod","Colored Powertips","Dark Map","Fox Events","Highlight Path","Minty Spire (QoL Compilation)","Optimize The Spire","Ruina","StSLib","The Hydrologist","The Widow","Wide Potions"],"gold_per_floor":[110,3,13,13,28,61,61,61,61],"floor_reached":8,"language":"ENG","playtime":430,"items_purged":[],"score":112,"play_id":"e90e7c3f-38a1-488f-90d5-43e30bc3410e","local_time":"20210210182841","is_ascension_mode":true,"campfire_choices":[],"circlet_count":0,"master_deck":["AscendersBane","theWidow:StrikeWidow","theWidow:StrikeWidow","theWidow:StrikeWidow","theWidow:StrikeWidow","theWidow:StrikeWidow","theWidow:DefendWidow","theWidow:DefendWidow","theWidow:DefendWidow","theWidow:DefendWidow","theWidow:Steelweave","theWidow:StringShot","theWidow:Spiderbite","theWidow:UnstableCell","theWidow:Iterate","theWidow:Lace"],"relics":["theWidow:CyberheartRelic","Omamori","The Courier","Mummified Hand"],"acts_visited":["Exordium"],"potions_floor_usage":[8],"damage_taken":[{"damage":4,"enemies":"Small Slimes","floor":1,"turns":4},{"damage":6,"enemies":"Cultist","floor":3,"turns":4},{"damage":0,"enemies":"2 Louse","floor":5,"turns":3},{"damage":39,"enemies":"3 Sentries","floor":6,"turns":11},{"damage":14,"enemies":"Lagavulin","floor":8,"turns":4}],"seed_played":"-1258667397650626562","potions_obtained":[{"floor":6,"key":"SkillPotion"}],"is_trial":false,"path_per_floor":["M","?","M","?","M","E","?","E"],"character_chosen":"THE_WIDOW","items_purchased":[],"campfire_rested":0,"item_purchase_floors":[],"current_hp_per_floor":[67,67,61,50,50,11,11,0,0],"gold":61,"neow_bonus":"TEN_PERCENT_HP_BONUS","is_daily":false,"chose_seed":false,"campfire_upgraded":0,"win_rate":0.0,"timestamp":1612999721,"path_taken":["M","?","?","?","M","E","?","E"],"items_purchased_type":[],"build_version":"2020-12-22","purchased_purges":0,"victory":false,"max_hp_per_floor":[78,78,78,78,78,78,78,78,78],"card_choices":[{"not_picked":["theWidow:ScrapHeap","theWidow:Underfoot"],"picked":"theWidow:Spiderbite","floor":1},{"not_picked":["theWidow:ScrapHeap","theWidow:Scrapskin"],"picked":"theWidow:UnstableCell","floor":3},{"not_picked":["theWidow:ExtraCompartment","theWidow:Vengeful"],"picked":"theWidow:Iterate","floor":5},{"not_picked":["theWidow:Spiderbite","theWidow:Underfoot"],"picked":"theWidow:Lace","floor":6}],"player_experience":2197574,"relics_obtained":[{"floor":6,"key":"Mummified Hand"}],"event_choices":[{"damage_healed":0,"gold_gain":0,"player_choice":"Paid Gold","damage_taken":0,"relics_obtained":["Omamori"],"max_hp_gain":0,"max_hp_loss":0,"event_name":"WeMeetAgain","floor":2,"gold_loss":107},{"damage_healed":0,"gold_gain":0,"player_choice":"Success","damage_taken":11,"relics_obtained":["The Courier"],"max_hp_gain":0,"max_hp_loss":0,"event_name":"Scrap Ooze","floor":4,"gold_loss":0}],"is_beta":false,"boss_relics":[],"items_purged_floors":[],"is_endless":false,"potions_floor_spawned":[6],"killed_by":"Lagavulin","ascension_level":20}}