{"host":"dm3der2z84gf27js","time":1612916821,"event":{"mods":["AchievementEnabler","BaseMod","Bestiary","Better Note","Better Third Choice","Colored Map","Colored Powertips","Marisa????????","Minty Spire (QoL Compilation)","Onozuka Komachi Mod","StSLib","The Marked","The Servant 0.9.4"],"gold_per_floor":[116,130,57,67,32,32,57,76,76,96,106,150,167,167,167,314,314,346,346,273,318,346,374,374,435,435,395,425,445,503,514,514,532,532],"floor_reached":33,"language":"ENG","playtime":2214,"items_purged":[],"score":344,"play_id":"4bedcdd6-99eb-4ea1-9556-6c75628cb100","local_time":"20210209192701","is_ascension_mode":true,"campfire_choices":[{"floor":6,"key":"RECALL"},{"floor":15,"key":"REST"},{"floor":24,"key":"REST"},{"floor":32,"key":"REST"}],"circlet_count":0,"master_deck":["Strike_MRS","Strike_MRS","Defend_MRS","Defend_MRS","Defend_MRS","MasterSpark","UpSweep","GravityBeat","AbsoluteMagnitude","DeepEcoloBomb","WitchLeyline","PowerUp","WitchLeyline+1","GrandCross","BinaryStars","WitchOfGreed","MilkyWay","IllusionStar","Robbery","Acceleration","OrrerysSun+1","BlazingStar","ShootingEcho","IllusionStar","WitchOfGreed","WitchLeyline+1","Acceleration+1","SuperPerseids","EarthLightRay+1","PowerUp","Singularity","MaximisePower","ChargeUpSpray"],"relics":["MiniHakkero","Ice Cream","Mercury Hourglass","Pantograph","ExperimentalFamiliar","Question Card","Kunai","Oddly Smooth Stone"],"acts_visited":["Exordium","TheCity"],"potions_floor_usage":[12,12,13,16,21,23,25,25,28,29,31,31,33],"damage_taken":[{"damage":3.0,"enemies":"Jaw Worm","floor":1.0,"turns":3.0},{"damage":1.0,"enemies":"2 Louse","floor":2.0,"turns":2.0},{"damage":2,"enemies":"Cultist","floor":4,"turns":2},{"damage":35,"enemies":"Lagavulin","floor":7,"turns":4},{"damage":5,"enemies":"Large Slime","floor":8,"turns":4},{"damage":1,"enemies":"Exordium Wildlife","floor":10,"turns":2},{"damage":12,"enemies":"Gremlin Gang","floor":11,"turns":2},{"damage":2,"enemies":"Gremlin Nob","floor":12,"turns":2},{"damage":0,"enemies":"2 Fungi Beasts","floor":13,"turns":1},{"damage":29,"enemies":"Slime Boss","floor":16,"turns":7},{"damage":14,"enemies":"Chosen","floor":18,"turns":3},{"damage":20,"enemies":"2 Thieves","floor":21,"turns":2},{"damage":4,"enemies":"Snecko","floor":22,"turns":2},{"damage":0,"enemies":"Slavers","floor":23,"turns":2},{"damage":23,"enemies":"Centurion and Healer","floor":25,"turns":3},{"damage":20,"enemies":"Book of Stabbing","floor":28,"turns":3},{"damage":14,"enemies":"Shelled Parasite and Fungi","floor":29,"turns":3},{"damage":8,"enemies":"Chosen and Byrds","floor":30,"turns":3},{"damage":2,"enemies":"Centurion and Healer","floor":31,"turns":2},{"damage":65,"enemies":"Automaton","floor":33,"turns":6}],"seed_played":"-1096964331905976079","potions_obtained":[{"floor":4,"key":"LiquidMemories"},{"floor":8,"key":"PowerPotion"},{"floor":10,"key":"Ancient Potion"},{"floor":12,"key":"Fire Potion"},{"floor":13,"key":"Energy Potion"},{"floor":16,"key":"Explosive Potion"},{"floor":18,"key":"DistilledChaos"},{"floor":19,"key":"PowerPotion"},{"floor":21,"key":"Swift Potion"},{"floor":23,"key":"AttackPotion"},{"floor":25,"key":"SneckoOil"},{"floor":25,"key":"Weak Potion"},{"floor":30,"key":"Strength Potion"},{"floor":31,"key":"PowerPotion"}],"is_trial":false,"path_per_floor":["M","M","$","M","?","R","E","M","T","M","M","E","M","?","R","B",null,"M","?","$","M","M","E","R","M","T","?","E","M","M","M","R","B"],"character_chosen":"MARISA","items_purchased":["PowerUp","WitchLeyline","IllusionStar","WitchOfGreed"],"campfire_rested":3,"item_purchase_floors":[3,3,20,20],"current_hp_per_floor":[51,50,50,48,66,66,31,26,26,25,13,11,11,11,33,29,75,61,61,61,41,37,37,59,36,36,36,22,14,6,4,26,0,0],"gold":532,"neow_bonus":"TRANSFORM_TWO_CARDS","is_daily":false,"chose_seed":false,"campfire_upgraded":0,"win_rate":0.0,"timestamp":1612916821,"path_taken":["M","M","$","M","?","R","E","M","T","M","M","E","M","?","R","BOSS","M","?","$","M","?","E","R","M","T","?","E","M","?","M","R","BOSS"],"items_purchased_type":["Card","Card","Card","Card"],"build_version":"2020-12-22","purchased_purges":0,"victory":false,"max_hp_per_floor":[75,75,75,75,75,75,75,75,75,75,75,75,75,75,75,75,75,75,75,75,75,75,75,75,75,75,75,75,75,75,75,75,75,75],"card_choices":[{"not_picked":["ShootingEcho","GravityBeat"],"picked":"DeepEcoloBomb","floor":1.0},{"not_picked":["GrandCross","MagicAbsorber"],"picked":"WitchLeyline","floor":2.0},{"not_picked":["SporeBomb","OneTimeOff"],"picked":"GrandCross","floor":4},{"not_picked":["LuminesStrike","AlicesGift"],"picked":"BinaryStars","floor":7},{"not_picked":["DarkSpark","NonDirectionalLaser"],"picked":"WitchOfGreed","floor":8},{"not_picked":["MysteriousBeam","StarDustReverie"],"picked":"MilkyWay","floor":10},{"not_picked":["PowerUp","StarlightTyphoon"],"picked":"IllusionStar","floor":11},{"not_picked":["AsteroidBelt","AbsoluteMagnitude"],"picked":"Robbery","floor":12},{"not_picked":["UnstableBomb","LuminesStrike"],"picked":"Acceleration","floor":13},{"not_picked":["CasketOfStar","SuperNova"],"picked":"BlazingStar","floor":16},{"not_picked":["DoubleSpark","GrandCross"],"picked":"ShootingEcho","floor":18},{"not_picked":["LuminesStrike","AlicesGift"],"picked":"WitchLeyline+1","floor":21},{"not_picked":["6A+1","ShootTheMoon"],"picked":"Acceleration+1","floor":22},{"not_picked":["EnergyRecoil+1","OneTimeOff+1"],"picked":"SuperPerseids","floor":23},{"not_picked":["RefractionSpark","NonDirectionalLaser","WitchLeyline"],"picked":"EarthLightRay+1","floor":25},{"not_picked":["Acceleration","OortCloud","DragonMeteor+1"],"picked":"PowerUp","floor":28},{"not_picked":["GravityBeat","ChargingUp","Occultation"],"picked":"Singularity","floor":29},{"not_picked":["GasGiant","DC","AsteroidBelt"],"picked":"MaximisePower","floor":30},{"not_picked":["6A+1","DoubleSpark","GravityBeat"],"picked":"ChargeUpSpray","floor":31}],"player_experience":202697,"relics_obtained":[{"floor":7,"key":"Ice Cream"},{"floor":9,"key":"Mercury Hourglass"},{"floor":12,"key":"Pantograph"},{"floor":23,"key":"Question Card"},{"floor":26,"key":"Kunai"},{"floor":28,"key":"Oddly Smooth Stone"}],"event_choices":[{"damage_healed":18,"gold_gain":0,"player_choice":"Healed","damage_taken":0,"max_hp_gain":0,"max_hp_loss":0,"event_name":"The Cleric","floor":5,"gold_loss":35},{"damage_healed":0,"gold_gain":0,"cards_transformed":["Strike_MRS"],"player_choice":"Change","damage_taken":0,"max_hp_gain":0,"max_hp_loss":0,"event_name":"Living Wall","floor":14,"gold_loss":0,"cards_obtained":["OrrerysSun"]},{"damage_healed":0,"gold_gain":0,"player_choice":"Got Potions","damage_taken":0,"max_hp_gain":0,"max_hp_loss":0,"event_name":"Lab","floor":19,"gold_loss":0},{"damage_healed":0,"gold_gain":0,"player_choice":"Upgraded Two","damage_taken":0,"max_hp_gain":0,"max_hp_loss":0,"event_name":"Designer","floor":27,"gold_loss":40,"cards_upgraded":["WitchLeyline","OrrerysSun"]}],"is_beta":false,"boss_relics":[{"not_picked":["Astrolabe","Busted Crown"],"picked":"ExperimentalFamiliar"}],"items_purged_floors":[],"is_endless":false,"potions_floor_spawned":[4,8,10,13,18,23,25,31],"killed_by":"Automaton","ascension_level":1}}