{"host":"85rg8sallz0lemh6","time":1612940986,"event":{"mods":["BaseMod","Bestiary","Colored Powertips","Highlight Path","Minty Spire (QoL Compilation)","Quick Restart"],"gold_per_floor":[114,114,64,64,239,239,267,267,267,267,290,316,331,361,361,465,465,479,491,511,225,157,157,157,157],"floor_reached":24,"language":"ENG","playtime":731,"items_purged":[],"score":286,"play_id":"6eb0ceb1-ac42-479c-ab83-77a6abaf0ee7","local_time":"20210210010946","is_ascension_mode":true,"campfire_choices":[{"data":"Eruption","floor":6.0,"key":"SMITH"},{"data":"Strike_P","floor":8.0,"key":"SMITH"},{"data":"Strike_P","floor":10.0,"key":"SMITH"},{"data":"FlyingSleeves","floor":15.0,"key":"SMITH"},{"data":"1","floor":23.0,"key":"LIFT"}],"circlet_count":0,"master_deck":["Strike_P","Strike_P+1","Strike_P+1","Defend_P+1","Defend_P","Defend_P","Defend_P","Eruption+1","Vigilance+1","Doubt","EmptyBody","FlyingSleeves+1","EmptyFist","Adaptation"],"relics":["PureWater","NeowsBlessing","Vajra","MealTicket","Centennial Puzzle","Darkstone Periapt","Smiling Mask","Fusion Hammer","Girya"],"acts_visited":["Exordium","TheCity"],"potions_floor_usage":[],"damage_taken":[{"damage":0.0,"enemies":"Small Slimes","floor":1.0,"turns":1.0},{"damage":0.0,"enemies":"Gremlin Nob","floor":7.0,"turns":1.0},{"damage":0.0,"enemies":"Lagavulin","floor":12.0,"turns":1.0},{"damage":0.0,"enemies":"Jaw Worm","floor":13.0,"turns":4.0},{"damage":5.0,"enemies":"3 Sentries","floor":14.0,"turns":12.0},{"damage":26.0,"enemies":"Slime Boss","floor":16.0,"turns":7.0},{"damage":10.0,"enemies":"Spheric Guardian","floor":18.0,"turns":4.0},{"damage":27.0,"enemies":"Shell Parasite","floor":19.0,"turns":7.0},{"damage":15.0,"enemies":"Centurion and Healer","floor":20.0,"turns":6.0},{"damage":59,"enemies":"Gremlin Leader","floor":24,"turns":7}],"seed_played":"6988327983183213585","potions_obtained":[{"floor":7.0,"key":"FearPotion"},{"floor":12.0,"key":"BlessingOfTheForge"},{"floor":13.0,"key":"DuplicationPotion"}],"is_trial":false,"path_per_floor":["M","?","?","?","?","R","E","R","T","R","T","E","M","E","R","B",null,"M","M","M","$","$","R","E"],"character_chosen":"WATCHER","items_purchased":["Girya","Adaptation"],"campfire_rested":0,"item_purchase_floors":[21,22],"current_hp_per_floor":[72,77,77,62,62,62,62,62,62,62,62,62,62,57,57,31,77,67,40,25,40,55,55,0,0],"gold":157,"neow_bonus":"THREE_ENEMY_KILL","is_daily":false,"chose_seed":false,"campfire_upgraded":4,"win_rate":0.0,"timestamp":1612940986,"path_taken":["M","?","?","?","?","R","E","R","T","R","?","E","M","E","R","BOSS","M","?","M","?","$","R","E"],"items_purchased_type":["Relic","Card"],"build_version":"2020-12-22","purchased_purges":0,"victory":false,"max_hp_per_floor":[72,77,77,77,77,77,77,77,77,77,77,77,77,77,77,77,77,77,77,77,77,77,77,77,77],"card_choices":[{"not_picked":["Protect","Crescendo","Wallop"],"picked":"SKIP","floor":1.0},{"not_picked":["DeusExMachina","WreathOfFlame","ClearTheMind"],"picked":"SKIP","floor":7.0},{"not_picked":["LikeWater","WreathOfFlame","SignatureMove"],"picked":"SKIP","floor":12.0},{"not_picked":["Indignation","TalkToTheHand"],"picked":"EmptyBody","floor":13.0},{"not_picked":["Swivel","WaveOfTheHand"],"picked":"FlyingSleeves","floor":14.0},{"not_picked":["ThirdEye+1","Evaluate"],"picked":"EmptyFist","floor":18.0},{"not_picked":["Prostrate","Worship","Perseverance+1"],"picked":"SKIP","floor":19.0},{"not_picked":["Crescendo+1","Pray+1","CrushJoints"],"picked":"SKIP","floor":20.0}],"player_experience":89227,"relics_obtained":[{"floor":7.0,"key":"Vajra"},{"floor":9.0,"key":"MealTicket"},{"floor":11.0,"key":"Centennial Puzzle"},{"floor":12.0,"key":"Darkstone Periapt"},{"floor":14.0,"key":"Smiling Mask"}],"event_choices":[{"damage_healed":0.0,"max_hp_gain":5.0,"max_hp_loss":0.0,"gold_gain":0.0,"event_name":"Big Fish","player_choice":"Donut","floor":2.0,"gold_loss":0.0,"damage_taken":0.0},{"cards_removed":["Strike_P"],"damage_healed":0.0,"max_hp_gain":0.0,"max_hp_loss":0.0,"gold_gain":0.0,"event_name":"The Cleric","player_choice":"Card Removal","floor":3.0,"gold_loss":50.0,"damage_taken":0.0},{"damage_healed":0.0,"max_hp_gain":0.0,"max_hp_loss":0.0,"gold_gain":0.0,"event_name":"Shining Light","player_choice":"Entered Light","floor":4.0,"gold_loss":0.0,"damage_taken":15.0,"cards_upgraded":["Vigilance","Defend_P"]},{"damage_healed":0.0,"max_hp_gain":0.0,"max_hp_loss":0.0,"gold_gain":175.0,"event_name":"Liars Game","player_choice":"AGREE","floor":5.0,"gold_loss":0.0,"damage_taken":0.0,"cards_obtained":["Doubt"]}],"is_beta":false,"boss_relics":[{"not_picked":["SacredBark","Runic Pyramid"],"picked":"Fusion Hammer"}],"items_purged_floors":[],"is_endless":false,"potions_floor_spawned":[7,12,13],"killed_by":"Gremlin Leader","ascension_level":2}}