{"host":"soyfmymeou4emntr","time":1612921475,"event":{"mods":["BaseMod","Minty Spire (QoL Compilation)","Permanent Neow","Relic Sorter","Relic Stats","StSLib"],"gold_per_floor":[115,190,207,227,58,58,68,103,103,130,130,148,18,38,38,111,111,123,123,165,27,40,40,84,117,117,117,149,149,149,149,149,223,223,243,255,17,17,17,17,37,37,37,56,76,0,0,0],"floor_reached":47,"language":"ENG","playtime":3987,"items_purged":["Normality","Defend_P"],"score":1050,"play_id":"7e6a5694-3f37-48ee-b657-1362b2fe80cf","local_time":"20210209184435","is_ascension_mode":true,"campfire_choices":[{"data":"Ragnarok","floor":6.0,"key":"SMITH"},{"data":"TalkToTheHand","floor":15.0,"key":"SMITH"},{"data":"Wish","floor":23.0,"key":"SMITH"},{"floor":27.0,"key":"REST"},{"floor":32.0,"key":"REST"},{"floor":40,"key":"REST"},{"floor":42,"key":"REST"}],"circlet_count":0,"master_deck":["AscendersBane","Eruption","Vigilance","Consecrate","Swivel","Indignation","Ragnarok+1","FlurryOfBlows","Tantrum","Blasphemy","InnerPeace","Fasting2","TalkToTheHand+1","Wish+1","Blasphemy+1","ConjureBlade+1","WaveOfTheHand+1","ThirdEye","Establishment","LikeWater","Tantrum","SpiritShield","TalkToTheHand","RitualDagger","DevaForm","TalkToTheHand","DevaForm","Protect","JustLucky","TalkToTheHand","ThirdEye","Scrawl","Weave","Master of Strategy","Parasite","SandsOfTime+1","FlurryOfBlows","Meditate"],"relics":["Cursed Key","Smiling Mask","Question Card","Kunai","Astrolabe","Akabeko","Bottled Tornado","Pandora\u0027s Box"],"acts_visited":["Exordium","TheCity","TheBeyond"],"potions_floor_usage":[33,45],"damage_taken":[{"damage":0.0,"enemies":"2 Louse","floor":1.0,"turns":3.0},{"damage":0.0,"enemies":"Small Slimes","floor":3.0,"turns":2.0},{"damage":0.0,"enemies":"Cultist","floor":4.0,"turns":2.0},{"damage":6.0,"enemies":"3 Louse","floor":7.0,"turns":2.0},{"damage":0.0,"enemies":"Lagavulin","floor":8.0,"turns":2.0},{"damage":2.0,"enemies":"3 Sentries","floor":10.0,"turns":4.0},{"damage":0.0,"enemies":"2 Fungi Beasts","floor":12.0,"turns":1.0},{"damage":0.0,"enemies":"Exordium Thugs","floor":14.0,"turns":1.0},{"damage":11.0,"enemies":"The Guardian","floor":16.0,"turns":10.0},{"damage":0.0,"enemies":"Chosen","floor":18.0,"turns":2.0},{"damage":0.0,"enemies":"2 Thieves","floor":20.0,"turns":3.0},{"damage":15.0,"enemies":"3 Cultists","floor":22.0,"turns":5.0},{"damage":0.0,"enemies":"Centurion and Healer","floor":24.0,"turns":4.0},{"damage":13.0,"enemies":"Book of Stabbing","floor":25.0,"turns":4.0},{"damage":40.0,"enemies":"Slavers","floor":28.0,"turns":2.0},{"damage":17,"enemies":"Automaton","floor":33,"turns":6},{"damage":42,"enemies":"3 Darklings","floor":35,"turns":6},{"damage":12,"enemies":"Orb Walker","floor":36,"turns":4},{"damage":3,"enemies":"Maw","floor":41,"turns":5},{"damage":30,"enemies":"Spire Growth","floor":44,"turns":6},{"damage":0,"enemies":"Jaw Worm Horde","floor":45,"turns":2},{"damage":28,"enemies":"Nemesis","floor":47,"turns":5}],"seed_played":"-4051223143175716157","potions_obtained":[{"floor":3.0,"key":"GamblersBrew"},{"floor":8.0,"key":"SkillPotion"},{"floor":22.0,"key":"Strength Potion"},{"floor":25.0,"key":"Strength Potion"},{"floor":44,"key":"FearPotion"},{"floor":45,"key":"Dexterity Potion"}],"is_trial":false,"path_per_floor":["M","?","M","M","$","R","M","E","T","E","?","M","$","M","R","B",null,"M","?","M","$","M","R","M","E","T","R","E","?","?","?","R","B",null,"M","M","$","?","?","R","M","R","T","M","M","$","E"],"character_chosen":"WATCHER","items_purchased":["Ragnarok","Fasting2","LikeWater","Scrawl","Weave","Meditate"],"campfire_rested":4,"item_purchase_floors":[5,13,21,37,37,46],"current_hp_per_floor":[61,50,50,50,50,50,44,44,44,42,47,47,47,47,47,36,64,64,64,64,64,49,49,49,36,36,57,17,11,11,26,47,30,62,20,8,8,8,8,29,26,47,47,17,17,17,0,0],"gold":0,"neow_bonus":"BOSS_RELIC","is_daily":false,"chose_seed":false,"campfire_upgraded":3,"win_rate":0.0,"timestamp":1612921475,"path_taken":["M","?","M","M","$","R","M","E","T","E","?","M","$","M","R","BOSS","M","?","M","$","M","R","?","E","T","R","E","?","?","?","R","BOSS","M","M","$","?","?","R","?","R","T","M","?","$","E"],"items_purchased_type":["Card","Card","Card","Card","Card","Card"],"build_version":"2020-12-22","purchased_purges":2,"victory":false,"max_hp_per_floor":[68,68,68,68,68,68,68,68,68,68,73,73,73,73,73,73,73,73,73,73,73,73,73,73,73,73,73,73,73,73,73,73,73,73,73,73,73,73,73,73,73,73,73,73,73,73,73,73],"relic_stats":{"counters":[22,81],"Astrolabe":["Blasphemy","ConjureBlade","WaveOfTheHand"],"Pandora\u0027s Box":["TalkToTheHand","DevaForm","Protect","JustLucky"],"Kunai":[22],"Cursed Key":2,"Smiling Mask":75,"Question Card":17,"obtain_stats":[{"Astrolabe":17,"Pandora\u0027s Box":34,"Kunai":10,"PureWater":0,"Bottled Tornado":28,"Cursed Key":0,"Smiling Mask":8,"Question Card":9,"Akabeko":25},{"Astrolabe":9,"Pandora\u0027s Box":16,"Kunai":6,"PureWater":0,"Bottled Tornado":15,"Cursed Key":0,"Smiling Mask":5,"Question Card":5,"Akabeko":14},{"Astrolabe":27,"Pandora\u0027s Box":53,"Kunai":15,"PureWater":0,"Bottled Tornado":47,"Cursed Key":0,"Smiling Mask":11,"Question Card":11,"Akabeko":45}]},"card_choices":[{"not_picked":["FlyingSleeves","ClearTheMind"],"picked":"Consecrate","floor":1.0},{"not_picked":["Sanctity","FlyingSleeves"],"picked":"Swivel","floor":3.0},{"not_picked":["Halt","ThirdEye"],"picked":"Indignation","floor":4.0},{"not_picked":["JustLucky","SashWhip"],"picked":"FlurryOfBlows","floor":7.0},{"not_picked":["Wireheading","Perseverance"],"picked":"Tantrum","floor":8.0},{"not_picked":["InnerPeace","SashWhip","ForeignInfluence"],"picked":"Blasphemy","floor":10.0},{"not_picked":["Evaluate","FlurryOfBlows","ClearTheMind"],"picked":"InnerPeace","floor":12.0},{"not_picked":["CrushJoints","JustLucky","Consecrate"],"picked":"TalkToTheHand","floor":14.0},{"not_picked":["Vault","MasterReality","Establishment"],"picked":"Wish","floor":16.0},{"not_picked":["EmptyFist","BattleHymn","SandsOfTime","Study"],"picked":"SKIP","floor":18.0},{"not_picked":["PathToVictory+1","ClearTheMind","FlyingSleeves","SashWhip"],"picked":"SKIP","floor":20.0},{"not_picked":["Nirvana","Crescendo","JustLucky"],"picked":"Tantrum","floor":22.0},{"not_picked":["Crescendo","FlurryOfBlows","BowlingBash+1","CutThroughFate"],"picked":"SKIP","floor":24.0},{"not_picked":["EmptyFist","CutThroughFate","FlurryOfBlows"],"picked":"SpiritShield","floor":25.0},{"not_picked":["ClearTheMind","FlurryOfBlows","InnerPeace+1"],"picked":"TalkToTheHand","floor":28.0},{"not_picked":["SpiritShield","Establishment","Brilliance"],"picked":"DevaForm","floor":33},{"not_picked":["Conclude","Vengeance","FlyingSleeves"],"picked":"TalkToTheHand","floor":35},{"not_picked":["WaveOfTheHand+1","WheelKick","Evaluate"],"picked":"ThirdEye","floor":36},{"not_picked":["Finesse","Deep Breath","Bandage Up"],"picked":"Master of Strategy","floor":38},{"not_picked":["WaveOfTheHand","WheelKick","FlyingSleeves","Evaluate"],"picked":"SKIP","floor":41},{"not_picked":["Indignation","ThirdEye","Evaluate"],"picked":"SandsOfTime+1","floor":44},{"not_picked":["FlyingSleeves","Prostrate+1","EmptyFist"],"picked":"FlurryOfBlows","floor":45}],"player_experience":3170918,"relics_obtained":[{"floor":8.0,"key":"Smiling Mask"},{"floor":9.0,"key":"Question Card"},{"floor":10.0,"key":"Kunai"},{"floor":25.0,"key":"Akabeko"},{"floor":28.0,"key":"Bottled Tornado"}],"event_choices":[{"damage_healed":0.0,"max_hp_gain":0.0,"max_hp_loss":0.0,"gold_gain":75.0,"event_name":"World of Goop","player_choice":"Gather Gold","floor":2.0,"gold_loss":0.0,"damage_taken":11.0},{"damage_healed":0.0,"max_hp_gain":5.0,"max_hp_loss":0.0,"gold_gain":0.0,"event_name":"Big Fish","player_choice":"Donut","floor":11.0,"gold_loss":0.0,"damage_taken":0.0},{"damage_healed":0.0,"max_hp_gain":0.0,"max_hp_loss":0.0,"gold_gain":0.0,"event_name":"Match and Keep!","player_choice":"2 cards matched","floor":19.0,"gold_loss":0.0,"damage_taken":0.0,"cards_obtained":["ThirdEye","Establishment"]},{"damage_healed":0.0,"max_hp_gain":0.0,"max_hp_loss":0.0,"gold_gain":0.0,"event_name":"Match and Keep!","player_choice":"2 cards matched","floor":19.0,"gold_loss":0.0,"damage_taken":0.0,"cards_obtained":["ThirdEye","Establishment"]},{"damage_healed":0.0,"max_hp_gain":0.0,"max_hp_loss":0.0,"gold_gain":0.0,"event_name":"Nest","player_choice":"Joined the Cult","floor":29.0,"gold_loss":0.0,"damage_taken":6.0,"cards_obtained":["RitualDagger"]},{"damage_healed":0.0,"max_hp_gain":0.0,"max_hp_loss":0.0,"gold_gain":0.0,"event_name":"Cursed Tome","player_choice":"Ignored","floor":30.0,"gold_loss":0.0,"damage_taken":0.0},{"damage_healed":15.0,"max_hp_gain":0.0,"max_hp_loss":0.0,"gold_gain":0.0,"event_name":"The Library","player_choice":"Heal","floor":31.0,"gold_loss":0.0,"damage_taken":0.0},{"damage_healed":0,"gold_gain":0,"player_choice":"Memory 1","damage_taken":0,"max_hp_gain":0,"max_hp_loss":0,"event_name":"SensoryStone","floor":38,"gold_loss":0},{"damage_healed":0,"gold_gain":0,"player_choice":"Ignored","damage_taken":0,"max_hp_gain":0,"max_hp_loss":0,"event_name":"SecretPortal","floor":39,"gold_loss":0}],"is_beta":false,"boss_relics":[{"not_picked":["Sozu","Empty Cage"],"picked":"Astrolabe"},{"not_picked":["Philosopher\u0027s Stone","SlaversCollar"],"picked":"Pandora\u0027s Box"}],"items_purged_floors":[13,21],"is_endless":false,"potions_floor_spawned":[3,8,12,20,22,25,44,45],"killed_by":"Nemesis","ascension_level":20}}