{"host":"izuk9e9wv4u4y8b4","time":1612964740,"event":{"mods":["A Penny For Your Troubles","BaseMod","Better Debug","Better Third Choice","Curses Come First","Custom Start","Highlight Path","Minty Spire (QoL Compilation)","Permanent Neow","Quick Restart","Relic Sorter","Relic Stats","Reorder Act Four","Shop Mod","Smile Girya","StSLib"],"gold_per_floor":[109,21,36,36,47,79,79,105,128,147,147,163,198,215,215,289,289,269,23,23,23,23,23,23],"floor_reached":23,"language":"ENG","playtime":1060,"items_purged":["Shame"],"score":426,"play_id":"c4c61d51-e606-434f-b337-164d8b0640d5","local_time":"20210210134540","is_ascension_mode":true,"campfire_choices":[{"data":"Metallicize","floor":7,"key":"SMITH"},{"floor":11,"key":"REST"},{"data":"Dual Wield","floor":15,"key":"SMITH"}],"circlet_count":0,"master_deck":["AscendersBane","Strike_R+1","Strike_R+1","Strike_R+1","Strike_R+1","Strike_R+1","Defend_R+1","Defend_R+1","Defend_R+1","Defend_R+1","Bash","Anger","Metallicize+1","Pommel Strike","Rampage","Juggernaut","Ghostly Armor","Perfected Strike","Dual Wield+1","Cleave","Headbutt","Offering","Thunderclap+1","Spot Weakness","Twin Strike","Demon Form","Flame Barrier+1"],"relics":["Burning Blood","Bird Faced Urn","Potion Belt","Akabeko","Anchor","Centennial Puzzle","Ectoplasm","Orrery"],"acts_visited":["Exordium","TheCity"],"potions_floor_usage":[6,8,8,8,13,16,22,22,23],"damage_taken":[{"damage":4,"enemies":"Cultist","floor":1,"turns":4},{"damage":7,"enemies":"2 Louse","floor":3,"turns":4},{"damage":4,"enemies":"Small Slimes","floor":5,"turns":4},{"damage":50,"enemies":"Gremlin Nob","floor":6,"turns":5},{"damage":20,"enemies":"3 Sentries","floor":8,"turns":7},{"damage":7,"enemies":"Looter","floor":10,"turns":3},{"damage":9,"enemies":"Exordium Wildlife","floor":12,"turns":3},{"damage":4,"enemies":"Gremlin Nob","floor":13,"turns":3},{"damage":2,"enemies":"Lots of Slimes","floor":14,"turns":4},{"damage":79,"enemies":"Hexaghost","floor":16,"turns":10},{"damage":7,"enemies":"2 Thieves","floor":18,"turns":2},{"damage":6,"enemies":"3 Byrds","floor":21,"turns":4},{"damage":10,"enemies":"Snecko","floor":22,"turns":3},{"damage":67,"enemies":"Gremlin Leader","floor":23,"turns":5}],"seed_played":"1128104610422598758","potions_obtained":[{"floor":5,"key":"SteroidPotion"},{"floor":6,"key":"EntropicBrew"},{"floor":10,"key":"FearPotion"},{"floor":12,"key":"ColorlessPotion"},{"floor":13,"key":"FairyPotion"},{"floor":16,"key":"Dexterity Potion"},{"floor":18,"key":"SteroidPotion"}],"is_trial":false,"path_per_floor":["M","$","M","$","M","E","R","E","T","M","R","M","E","M","R","B",null,"M","$","?","M","M","E"],"character_chosen":"IRONCLAD","items_purchased":["Metallicize","Orrery"],"campfire_rested":1,"item_purchase_floors":[2,19],"current_hp_per_floor":[70,70,71,71,75,33,33,23,23,26,48,47,51,59,59,16,60,59,59,59,61,61,0,0],"gold":23,"neow_bonus":"ONE_RARE_RELIC","is_daily":false,"chose_seed":false,"campfire_upgraded":2,"win_rate":0.0,"timestamp":1612964740,"path_taken":["M","$","M","$","M","E","R","E","T","M","R","M","E","M","R","BOSS","M","$","?","M","M","E"],"items_purchased_type":["Card","Relic"],"build_version":"2020-12-22","purchased_purges":1,"victory":false,"max_hp_per_floor":[75,75,75,75,75,75,75,75,75,75,75,75,75,75,75,75,75,75,75,75,75,75,75,75],"relic_stats":{"Centennial Puzzle":[18],"counters":[14,61],"Bird Faced Urn":[40],"Ectoplasm":81,"obtain_stats":[{"Potion Belt":6,"Anchor":9,"Centennial Puzzle":13,"Bird Faced Urn":0,"Orrery":19,"Ectoplasm":17,"Burning Blood":0,"Akabeko":8},{"Potion Belt":4,"Anchor":5,"Centennial Puzzle":8,"Bird Faced Urn":0,"Orrery":11,"Ectoplasm":10,"Burning Blood":0,"Akabeko":5},{"Potion Belt":17,"Anchor":24,"Centennial Puzzle":33,"Bird Faced Urn":0,"Orrery":49,"Ectoplasm":47,"Burning Blood":0,"Akabeko":24}],"Burning Blood":78},"card_choices":[{"not_picked":["Searing Blow","True Grit"],"picked":"Anger","floor":1},{"not_picked":["Flex","Twin Strike"],"picked":"Pommel Strike","floor":3},{"not_picked":["Iron Wave","Disarm"],"picked":"Rampage","floor":5},{"not_picked":["Headbutt","Flex"],"picked":"Juggernaut","floor":6},{"not_picked":["Armaments","Warcry"],"picked":"Ghostly Armor","floor":8},{"not_picked":["True Grit","Twin Strike"],"picked":"Perfected Strike","floor":10},{"not_picked":["Warcry","Anger"],"picked":"Dual Wield","floor":12},{"not_picked":["Entrench","Heavy Blade"],"picked":"Cleave","floor":13},{"not_picked":["Body Slam","Heavy Blade"],"picked":"Headbutt","floor":14},{"not_picked":["Exhume","Immolate"],"picked":"Offering","floor":16},{"not_picked":["Warcry","Headbutt","Pommel Strike"],"picked":"SKIP","floor":18},{"not_picked":["Havoc+1","Twin Strike"],"picked":"Thunderclap+1","floor":19},{"not_picked":["Perfected Strike","Pummel+1"],"picked":"Spot Weakness","floor":19},{"not_picked":["Headbutt+1","Armaments"],"picked":"Twin Strike","floor":19},{"not_picked":["Twin Strike","Anger"],"picked":"Demon Form","floor":19},{"not_picked":["Warcry","Flex","Twin Strike"],"picked":"SKIP","floor":21},{"not_picked":["Shrug It Off","True Grit"],"picked":"Flame Barrier+1","floor":22}],"player_experience":855044,"relics_obtained":[{"floor":6,"key":"Potion Belt"},{"floor":8,"key":"Akabeko"},{"floor":9,"key":"Anchor"},{"floor":13,"key":"Centennial Puzzle"}],"event_choices":[{"damage_healed":0,"gold_gain":0,"player_choice":"Simplicity","damage_taken":0,"max_hp_gain":0,"max_hp_loss":9,"event_name":"betterThird:BetterWriting","floor":20,"gold_loss":0}],"is_beta":false,"boss_relics":[{"not_picked":["SacredBark","Busted Crown"],"picked":"Ectoplasm"}],"items_purged_floors":[19],"is_endless":false,"potions_floor_spawned":[5,6,10,12,13,16,18,21],"killed_by":"Gremlin Leader","ascension_level":20}}