{"host":"92ge7uk92o4z80va","time":1612924825,"event":{"mods":["AchievementEnabler","Act Like it!","Aspiration","BaseMod","Beaked The Cultist","Better Third Choice","BetterRewards","Conspire","Curses Come First","Evolution","Hermit","Hubris","Infinite Spire","Koishi","Lobotomy","LobotomyExtend","Marisa????????","Minty Spire (QoL Compilation)","Quick Restart","Reliquary","Replay The Spire","Robot Space Explorer","Spire Arcade","StSLib","The Blue Laboratory","The Bug Knight","The Runesmith","The Saiyan"],"gold_per_floor":[119,136,148,103,116,116,116,116,116,116,134,134,154,171,171,276,276,276,276,286,286,286,286,306,306,387,402,413,413,413],"floor_reached":29,"language":"ENG","playtime":1938,"items_purged":[],"score":267,"play_id":"8991a2a7-4451-443f-8063-f400837b5073","local_time":"20210209214025","is_ascension_mode":false,"campfire_choices":[{"data":"Runesmith:CraftMagma","floor":6,"key":"SMITH"},{"data":"Runesmith:CraftProtectio","floor":8,"key":"SMITH"},{"data":"Runesmith:Empowerment","floor":10,"key":"SMITH"},{"data":"Runesmith:UnlimitedPower","floor":15,"key":"SMITH"},{"data":"ReplayTheSpireMod:Black Plague","floor":23,"key":"SMITH"},{"data":"Runesmith:Permafrost","floor":25,"key":"SMITH"}],"circlet_count":0,"master_deck":["Runesmith:HammerThrow","Runesmith:HammerThrow","Runesmith:Strike_RS+1","Runesmith:Strike_RS","Runesmith:Defend_RS","Runesmith:Defend_RS","Runesmith:Defend_RS","Runesmith:Defend_RS","Runesmith:CraftFirestone","Runesmith:Fortify","Runesmith:Empowerment+1","Runesmith:CraftMagma+1","Runesmith:EarthShield","Runesmith:ShiftingStrike","Runesmith:UnlimitedPower+1","Runesmith:CraftMagma+1","Runesmith:Firewall+1","Runesmith:GrandSlam+1","Runesmith:DuctTape+1","ReplayTheSpireMod:Black Plague+1","Runesmith:RuneHurl","Runesmith:Permafrost+1","Runesmith:GrandSlam","Runesmith:Terraform"],"relics":["Runesmith:BrokenRuby","EVO:Axolotl","Torii","Replay:Towering Pillar of Hats","HollowMod:PaleOreRelic","LetterFromLob","hubris:Towel","hubris:CuriousFeather","SacredBark","Moonlight_r","OrangePellets","Astrolabe","Snack Pack"],"acts_visited":["Exordium","TheCity"],"potions_floor_usage":[29,29,29],"damage_taken":[{"damage":0,"enemies":"Cultist","floor":1,"turns":3},{"damage":0,"enemies":"2 Louse","floor":2,"turns":3},{"damage":8,"enemies":"Small Slimes","floor":3,"turns":3},{"damage":1,"enemies":"Exordium Wildlife","floor":5,"turns":7},{"damage":1,"enemies":"3 Louse","floor":11,"turns":3},{"damage":9,"enemies":"Red Slaver","floor":13,"turns":4},{"damage":6,"enemies":"2 Fungi Beasts","floor":14,"turns":3},{"damage":0,"enemies":"Hexaghost","floor":16,"turns":8},{"damage":2,"enemies":"conspire:FuzzyDice","floor":20,"turns":5},{"damage":7,"enemies":"Chosen and Byrds","floor":24,"turns":5},{"damage":0,"enemies":"Snecko","floor":27,"turns":4},{"damage":7,"enemies":"conspire:HollyBat","floor":28,"turns":8},{"damage":18,"enemies":"conspire:SneckoGhost","floor":29,"turns":3}],"seed_played":"-7268180336077550648","potions_obtained":[{"floor":11,"key":"blueLaboratory:PolymorphPotion"},{"floor":12,"key":"blueLaboratory:NullPotion"},{"floor":12,"key":"blueLaboratory:SavagePotion"}],"is_trial":false,"path_per_floor":["M","M","M","$","M","R","?","R","T","R","M","?","M","M","R","B",null,"M","AVR","M","?","?","R","M","R","T","M","M","E"],"character_chosen":"RUNESMITH_CLASS","items_purchased":["HollowMod:PaleOreRelic","Runesmith:CraftMagma"],"campfire_rested":0,"item_purchase_floors":[0,4],"current_hp_per_floor":[38,38,30,30,29,29,29,29,29,29,28,28,19,13,13,13,70,29,29,27,27,27,27,20,20,20,20,13,0,0],"gold":413,"neow_bonus":"","is_daily":false,"chose_seed":false,"campfire_upgraded":6,"win_rate":0.0,"timestamp":1612924825,"path_taken":["M","M","?","$","M","R","?","R","T","R","M","?","M","?","R","BOSS","M","AVR","M","?","?","R","M","R","T","?","M","E"],"items_purchased_type":["Relic","Card"],"build_version":"2020-12-22","purchased_purges":0,"victory":false,"max_hp_per_floor":[70,70,70,70,70,70,70,70,70,70,70,70,70,70,70,70,70,70,70,70,70,70,70,70,70,70,70,70,70,70],"card_choices":[{"not_picked":["Runesmith:EarthShield","Runesmith:MakeshiftArmor"],"picked":"Runesmith:CraftProtectio","floor":1},{"not_picked":["Runesmith:EnergizedChisel","Runesmith:BackupBattery"],"picked":"Runesmith:Empowerment","floor":2},{"not_picked":["Runesmith:UnstableHammer","Runesmith:OneForEveryone"],"picked":"Runesmith:GoWithTheFlow","floor":3},{"not_picked":["Runesmith:HammerAndChisel","Runesmith:Accelerate"],"picked":"Runesmith:EarthShield","floor":5},{"not_picked":["Runesmith:HeatedChisel","Runesmith:HeatExchange"],"picked":"Runesmith:ShiftingStrike","floor":11},{"not_picked":["Runesmith:ChiselStab","Runesmith:Discharge"],"picked":"Runesmith:UnlimitedPower","floor":13},{"not_picked":["Runesmith:Retool","Runesmith:BackupBattery"],"picked":"Runesmith:CraftMagma","floor":14},{"not_picked":["Runesmith:GrandSlam","Runesmith:MetallurgicalResearch"],"picked":"Runesmith:FissionHammer","floor":16},{"not_picked":["Runesmith:HeatExchange","Runesmith:MakeshiftArmor+1"],"picked":"Runesmith:RuneHurl","floor":20},{"not_picked":["Runesmith:ElementalConversion","Runesmith:Discharge"],"picked":"Runesmith:Permafrost","floor":24},{"not_picked":["Runesmith:Grindstone","Runesmith:CraftMagma"],"picked":"Runesmith:GrandSlam","floor":27},{"not_picked":["Runesmith:ShiftingStrike+1","Runesmith:Prism"],"picked":"Runesmith:Terraform","floor":28}],"player_experience":53555,"relics_obtained":[{"floor":1,"key":"LetterFromLob"},{"floor":9,"key":"hubris:CuriousFeather"},{"floor":26,"key":"Snack Pack"}],"event_choices":[{"damage_healed":0,"gold_gain":0,"player_choice":"Got Potions","damage_taken":0,"max_hp_gain":0,"max_hp_loss":0,"event_name":"Lab","floor":12,"gold_loss":0},{"damage_healed":0,"gold_gain":0,"player_choice":"Ignored","damage_taken":0,"max_hp_gain":0,"max_hp_loss":0,"event_name":"Ghosts","floor":21,"gold_loss":0},{"damage_healed":0,"gold_gain":0,"player_choice":"Bought 0 Potions","damage_taken":0,"max_hp_gain":0,"max_hp_loss":0,"event_name":"The Woman in Blue","floor":22,"gold_loss":0}],"is_beta":false,"boss_relics":[{"not_picked":["reliquary:Ember","hubris:BlackHole"],"picked":"SacredBark"}],"items_purged_floors":[],"is_endless":false,"potions_floor_spawned":[11,13,28],"killed_by":"conspire:SneckoGhost","ascension_level":0}}