{"host":"344lv32hnei0mdhu","time":1612920866,"event":{"mods":["Act Like it!","BaseMod","Better Match","Better Sensory Stone","Better Skull","Better Third Choice","Better Vampires","Colored Powertips","Highlight Path","Minty Spire (QoL Compilation)","Quick Restart","Random Character Button","Rare Cards Sparkle","StSLib"],"gold_per_floor":[117,44,56,56,19,19,47,47,72,101,119,119,119,133,133,229,229,244,44,44,44,44,69,69,104,104,104,121,136,136,136,136,236,236,267,294,306,318,349,361,373,373],"floor_reached":41,"language":"ENG","playtime":1288,"items_purged":[],"score":713,"play_id":"a43ffe45-07fb-4e44-bbe7-fe74783a8021","local_time":"20210209193426","is_ascension_mode":true,"campfire_choices":[{"data":"Static Discharge","floor":6.0,"key":"SMITH"},{"data":"Sunder","floor":12.0,"key":"SMITH"},{"data":"Consume","floor":15.0,"key":"SMITH"},{"floor":24.0,"key":"REST"},{"floor":27,"key":"REST"},{"floor":32,"key":"REST"},{"floor":40,"key":"REST"}],"circlet_count":0,"master_deck":["AscendersBane","Strike_B","Strike_B","Strike_B+1","Strike_B+1","Defend_B","Defend_B","Defend_B","Defend_B","Zap","Dualcast+1","Capacitor","Sunder+1","Static Discharge+1","Core Surge","Glacier+1","Beam Cell","Consume+1","Reboot","Doom and Gloom","Ball Lightning","Defragment","Steam+1","Chill+1","Amplify","CurseOfTheBell","White Noise+1","Genetic Algorithm+1"],"relics":["Cracked Core","NeowsBlessing","Happy Flower","Whetstone","Question Card","Runic Pyramid","Lee\u0027s Waffle","War Paint","Tiny Chest","Boot","Calling Bell","MawBank","Toxic Egg 2","WingedGreaves","White Beast Statue"],"acts_visited":["Exordium","TheCity","TheBeyond"],"potions_floor_usage":[29,33],"damage_taken":[{"damage":0.0,"enemies":"Small Slimes","floor":1.0,"turns":1.0},{"damage":0.0,"enemies":"Cultist","floor":3.0,"turns":1.0},{"damage":0.0,"enemies":"Lagavulin","floor":7.0,"turns":1.0},{"damage":9.0,"enemies":"3 Sentries","floor":10.0,"turns":5.0},{"damage":0.0,"enemies":"2 Louse","floor":11.0,"turns":1.0},{"damage":5.0,"enemies":"Blue Slaver","floor":14.0,"turns":3.0},{"damage":2.0,"enemies":"The Guardian","floor":16.0,"turns":10.0},{"damage":0.0,"enemies":"Chosen","floor":18.0,"turns":3.0},{"damage":58.0,"enemies":"Slavers","floor":23.0,"turns":4.0},{"damage":32.0,"enemies":"Book of Stabbing","floor":25.0,"turns":3.0},{"damage":11,"enemies":"Spheric Guardian","floor":28,"turns":3},{"damage":10,"enemies":"Snecko","floor":29,"turns":5},{"damage":38,"enemies":"Collector","floor":33,"turns":13},{"damage":3,"enemies":"3 Darklings","floor":35,"turns":7},{"damage":11,"enemies":"Orb Walker","floor":36,"turns":4},{"damage":24,"enemies":"3 Darklings","floor":39,"turns":6},{"damage":122,"enemies":"Giant Head","floor":41,"turns":8}],"seed_played":"-9155286889452009390","potions_obtained":[{"floor":1.0,"key":"Block Potion"},{"floor":4.0,"key":"Weak Potion"},{"floor":4.0,"key":"SkillPotion"},{"floor":10.0,"key":"SkillPotion"},{"floor":16.0,"key":"Block Potion"},{"floor":25.0,"key":"Ancient Potion"},{"floor":28,"key":"Energy Potion"},{"floor":33,"key":"PotionOfCapacity"},{"floor":35,"key":"FairyPotion"}],"is_trial":false,"path_per_floor":["M","$","M","?","$","R","E","$","T","E","M","R","$","M","R","B",null,"M","$","?","?","?","E","R","E","T","R","M","M","T","?","R","B",null,"M","M","T","$","M","R","E"],"character_chosen":"DEFECT","items_purchased":["Capacitor","Static Discharge","Lee\u0027s Waffle","Ball Lightning"],"campfire_rested":4,"item_purchase_floors":[2,5,19,19],"current_hp_per_floor":[68,68,68,68,68,68,68,68,68,59,59,59,59,54,54,52,69,69,82,82,82,82,24,48,16,16,40,29,19,19,19,43,5,63,60,49,49,49,25,49,0,0],"gold":373,"neow_bonus":"THREE_ENEMY_KILL","is_daily":false,"chose_seed":false,"campfire_upgraded":3,"win_rate":0.0,"timestamp":1612920866,"path_taken":["M","$","M","?","?","R","E","$","T","E","M","R","$","?","R","BOSS","M","$","?","?","?","E","R","E","T","R","?","M","?","?","R","BOSS","M","M","?","$","?","R","E"],"items_purchased_type":["Card","Card","Relic","Card"],"build_version":"2020-12-22","purchased_purges":0,"victory":false,"max_hp_per_floor":[75,75,75,75,75,75,75,75,75,75,75,75,75,75,75,75,75,75,82,82,82,82,82,82,82,82,82,82,82,82,82,82,82,82,82,82,82,82,82,82,82,82],"card_choices":[{"not_picked":["Fusion","Skim","Gash"],"picked":"SKIP","floor":1.0},{"not_picked":["Coolheaded","Reprogram"],"picked":"Sunder","floor":3.0},{"not_picked":["Rebound","Cold Snap"],"picked":"Core Surge","floor":7.0},{"not_picked":["Leap","Turbo"],"picked":"Glacier","floor":10.0},{"not_picked":["Hello World","Cold Snap","Go for the Eyes"],"picked":"Beam Cell","floor":11.0},{"not_picked":["Auto Shields","Gash","Sunder"],"picked":"Consume","floor":14.0},{"not_picked":["Fission","Seek","Hyperbeam"],"picked":"Reboot","floor":16.0},{"not_picked":["Lockon","Rip and Tear","Recycle+1"],"picked":"Doom and Gloom","floor":18.0},{"not_picked":["Turbo","Conserve Battery","Auto Shields","Redo"],"picked":"SKIP","floor":23.0},{"not_picked":["Doom and Gloom","Turbo","Reprogram"],"picked":"Steam+1","floor":25.0},{"not_picked":["White Noise","Recycle","Reinforced Body"],"picked":"Chill+1","floor":28},{"not_picked":["Darkness","Storm","Go for the Eyes","Streamline+1"],"picked":"SKIP","floor":29},{"not_picked":["Fission","Rainbow","Multi-Cast"],"picked":"Amplify","floor":33},{"not_picked":["Hologram+1","Rebound+1","Stack+1"],"picked":"White Noise+1","floor":35},{"not_picked":["Compile Driver","Tempest+1","Streamline"],"picked":"Genetic Algorithm+1","floor":36},{"not_picked":["Sunder+1","Heatsinks","Streamline+1","Stack+1"],"picked":"SKIP","floor":39}],"player_experience":424535,"relics_obtained":[{"floor":7.0,"key":"Happy Flower"},{"floor":9.0,"key":"Whetstone"},{"floor":10.0,"key":"Question Card"},{"floor":23.0,"key":"War Paint"},{"floor":25.0,"key":"Tiny Chest"},{"floor":30,"key":"Boot"},{"floor":34,"key":"MawBank"},{"floor":34,"key":"Toxic Egg 2"},{"floor":34,"key":"WingedGreaves"},{"floor":37,"key":"White Beast Statue"}],"event_choices":[{"damage_healed":0.0,"max_hp_gain":0.0,"max_hp_loss":0.0,"gold_gain":0.0,"event_name":"Lab","player_choice":"Got Potions","floor":4.0,"gold_loss":0.0,"damage_taken":0.0},{"damage_healed":0.0,"max_hp_gain":0.0,"max_hp_loss":0.0,"gold_gain":0.0,"event_name":"The Library","player_choice":"Read","floor":20.0,"gold_loss":0.0,"damage_taken":0.0,"cards_obtained":["Defragment"]},{"damage_healed":0.0,"max_hp_gain":0.0,"max_hp_loss":0.0,"gold_gain":0.0,"event_name":"Forgotten Altar","player_choice":"Smashed Altar","floor":21.0,"gold_loss":0.0,"damage_taken":0.0,"cards_obtained":["Decay"]},{"cards_removed":["Decay"],"damage_healed":0.0,"max_hp_gain":0.0,"max_hp_loss":0.0,"gold_gain":0.0,"event_name":"Purifier","player_choice":"Purged","floor":22.0,"gold_loss":0.0,"damage_taken":0.0},{"damage_healed":0,"gold_gain":0,"player_choice":"Ignored","damage_taken":0,"max_hp_gain":0,"max_hp_loss":0,"event_name":"Ghosts","floor":31,"gold_loss":0}],"is_beta":false,"boss_relics":[{"not_picked":["Sozu","Tiny House"],"picked":"Runic Pyramid"},{"not_picked":["Busted Crown","Philosopher\u0027s Stone"],"picked":"Calling Bell"}],"items_purged_floors":[],"is_endless":false,"potions_floor_spawned":[1,10,16,25,28,33,35,36,39],"killed_by":"Giant Head","ascension_level":11}}