{"host":"q4axc00jr2bozlh9","time":1612957229,"event":{"mods":["AchievementEnabler","BaseMod","Bestiary","Colored Map","Colored Powertips","Curses Come First","Minty Spire (QoL Compilation)","Relic Stats","StSLib","SuperFastMode","UnlockEverythingMod"],"gold_per_floor":[369,369,369,383,64,64,83,112,139,166,166,179,179,200,200,326,326,350,328,328,60,60,60,60,96,96,121,121,121,121],"floor_reached":29,"language":"ENG","playtime":1453,"items_purged":["Regret","Strike_R"],"score":251,"play_id":"66d299e0-de02-4980-9a10-9fa62f1d827d","local_time":"20210210124029","is_ascension_mode":false,"campfire_choices":[{"floor":13,"key":"REST"},{"data":"Armaments","floor":15,"key":"SMITH"},{"data":"Transmutation","floor":23,"key":"SMITH"}],"circlet_count":0,"master_deck":["Strike_R","Strike_R","Strike_R","Defend_R","Defend_R","Defend_R","Defend_R","Bash","Thunderclap","Inflame","Metallicize","Shrug It Off","Armaments+1","Exhume","Dropkick","Transmutation+1","Battle Trance"],"relics":["Burning Blood","Anchor","Regal Pillow","HornCleat","StoneCalendar","Art of War","InkBottle","Golden Idol","Sozu","MutagenicStrength","Blood Vial"],"acts_visited":["Exordium","TheCity"],"potions_floor_usage":[10,10,12,16,25],"damage_taken":[{"damage":1,"enemies":"Cultist","floor":1,"turns":3},{"damage":2,"enemies":"2 Louse","floor":4,"turns":3},{"damage":1,"enemies":"Jaw Worm","floor":7,"turns":3},{"damage":42,"enemies":"Gremlin Nob","floor":8,"turns":5},{"damage":15,"enemies":"Lagavulin","floor":10,"turns":7},{"damage":0,"enemies":"3 Louse","floor":12,"turns":3},{"damage":0,"enemies":"Exordium Thugs","floor":14,"turns":6},{"damage":15,"enemies":"Slime Boss","floor":16,"turns":8},{"damage":5,"enemies":"Shell Parasite","floor":18,"turns":7},{"damage":8,"enemies":"2 Thieves","floor":19,"turns":5},{"damage":22,"enemies":"Gremlin Leader","floor":25,"turns":8},{"damage":21,"enemies":"Snecko","floor":27,"turns":7},{"damage":1,"enemies":"Colosseum Slavers","floor":29,"turns":7},{"damage":60,"enemies":"Colosseum Nobs","floor":29,"turns":4}],"seed_played":"3633468708387202919","potions_obtained":[{"floor":4,"key":"LiquidMemories"},{"floor":8,"key":"BloodPotion"},{"floor":10,"key":"SkillPotion"},{"floor":12,"key":"Explosive Potion"},{"floor":16,"key":"PowerPotion"}],"is_trial":false,"path_per_floor":["M","?","?","M","$","?","M","E","T","E","?","M","R","M","R","B",null,"M","M","?","$","?","R","?","E","T","M","$","?"],"character_chosen":"IRONCLAD","items_purchased":["HornCleat","Transmutation"],"campfire_rested":1,"item_purchase_floors":[5,21],"current_hp_per_floor":[72,72,65,69,69,62,67,31,31,36,18,24,60,66,66,57,72,72,70,70,70,70,70,70,54,54,41,41,0,0],"gold":121,"neow_bonus":"TWO_FIFTY_GOLD","is_daily":false,"chose_seed":false,"campfire_upgraded":2,"win_rate":0.0,"timestamp":1612957229,"path_taken":["M","?","?","M","$","?","M","E","T","E","?","?","R","M","R","BOSS","M","M","?","$","?","R","?","E","T","M","$","?"],"items_purchased_type":["Relic","Card"],"build_version":"2020-12-22","purchased_purges":2,"victory":false,"max_hp_per_floor":[72,72,72,72,72,72,72,72,72,72,72,72,72,72,72,72,72,72,72,72,72,72,72,72,72,72,72,72,72,72],"relic_stats":{"Sozu":1,"Blood Vial":6,"Regal Pillow":15,"counters":[14,76],"Golden Idol":79,"StoneCalendar":[191],"Art of War":[7],"obtain_stats":[{"Sozu":17,"Blood Vial":25,"Anchor":2,"Regal Pillow":3,"HornCleat":5,"Golden Idol":11,"MutagenicStrength":20,"StoneCalendar":8,"Art of War":9,"Burning Blood":0,"InkBottle":10},{"Sozu":8,"Blood Vial":11,"Anchor":1,"Regal Pillow":1,"HornCleat":2,"Golden Idol":5,"MutagenicStrength":10,"StoneCalendar":4,"Art of War":4,"Burning Blood":0,"InkBottle":5},{"Sozu":38,"Blood Vial":58,"Anchor":3,"Regal Pillow":3,"HornCleat":6,"Golden Idol":21,"MutagenicStrength":50,"StoneCalendar":14,"Art of War":14,"Burning Blood":0,"InkBottle":21}],"Burning Blood":72,"InkBottle":[19]},"card_choices":[{"not_picked":["True Grit","Searing Blow"],"picked":"Thunderclap","floor":1},{"not_picked":["Bloodletting","Perfected Strike"],"picked":"Inflame","floor":4},{"not_picked":["Evolve","Bludgeon","Sentinel"],"picked":"SKIP","floor":7},{"not_picked":["Warcry","Iron Wave"],"picked":"Metallicize","floor":8},{"not_picked":["Body Slam","Rage"],"picked":"Shrug It Off","floor":10},{"not_picked":["Perfected Strike","Body Slam"],"picked":"Armaments","floor":12},{"not_picked":["Wild Strike","Dark Embrace","Perfected Strike"],"picked":"SKIP","floor":14},{"not_picked":["Bludgeon","Brutality"],"picked":"Exhume","floor":16},{"not_picked":["Sword Boomerang","Bloodletting","Armaments"],"picked":"SKIP","floor":18},{"not_picked":["Hemokinesis+1","Sentinel+1"],"picked":"Dropkick","floor":19},{"not_picked":["Cleave","Twin Strike+1","Feel No Pain+1"],"picked":"SKIP","floor":25},{"not_picked":["Twin Strike","Pommel Strike"],"picked":"Battle Trance","floor":27}],"player_experience":241088,"relics_obtained":[{"floor":8,"key":"StoneCalendar"},{"floor":9,"key":"Art of War"},{"floor":10,"key":"InkBottle"},{"floor":25,"key":"Blood Vial"}],"event_choices":[{"damage_healed":0,"gold_gain":0,"player_choice":"Box","damage_taken":0,"relics_obtained":["Anchor"],"max_hp_gain":0,"max_hp_loss":0,"event_name":"Big Fish","floor":2,"gold_loss":0,"cards_obtained":["Regret"]},{"damage_healed":0,"gold_gain":0,"player_choice":"Success","damage_taken":7,"relics_obtained":["Regal Pillow"],"max_hp_gain":0,"max_hp_loss":0,"event_name":"Scrap Ooze","floor":3,"gold_loss":0},{"cards_removed":["Strike_R"],"damage_healed":0,"gold_gain":0,"player_choice":"Card Removal","damage_taken":7,"max_hp_gain":0,"max_hp_loss":0,"event_name":"Golden Wing","floor":6,"gold_loss":0},{"damage_healed":0,"gold_gain":0,"player_choice":"Take Damage","damage_taken":18,"relics_obtained":["Golden Idol"],"max_hp_gain":0,"max_hp_loss":0,"event_name":"Golden Idol","floor":11,"gold_loss":0},{"damage_healed":0,"gold_gain":0,"player_choice":"Inject Mutagens","damage_taken":0,"relics_obtained":["MutagenicStrength"],"max_hp_gain":0,"max_hp_loss":0,"event_name":"Drug Dealer","floor":20,"gold_loss":0},{"damage_healed":0,"gold_gain":0,"player_choice":"Ignored","damage_taken":0,"max_hp_gain":0,"max_hp_loss":0,"event_name":"Ghosts","floor":22,"gold_loss":0},{"damage_healed":0,"gold_gain":0,"player_choice":"Ignored","damage_taken":0,"max_hp_gain":0,"max_hp_loss":0,"event_name":"Vampires","floor":24,"gold_loss":0},{"damage_healed":0,"gold_gain":0,"player_choice":"Fight","damage_taken":0,"max_hp_gain":0,"max_hp_loss":0,"event_name":"Colosseum","floor":29,"gold_loss":0},{"damage_healed":0,"gold_gain":0,"player_choice":"Fought Nobs","damage_taken":0,"max_hp_gain":0,"max_hp_loss":0,"event_name":"Colosseum","floor":29,"gold_loss":0}],"is_beta":false,"boss_relics":[{"not_picked":["Runic Pyramid","Mark of Pain"],"picked":"Sozu"}],"items_purged_floors":[5,21],"is_endless":false,"potions_floor_spawned":[4,8,10,12,16,18,29],"killed_by":"Colosseum Nobs","ascension_level":0}}