{"host":"5f8yr5jxnqok2jdo","time":1612962809,"event":{"mods":["AchievementEnabler","BaseMod","Better Altar","Better Match","Better Note","Better Skull","Better Third Choice","Block Reminder","Colored Map","Colored Powertips","DeckTracker","Displayed Cursed Tome","Filter the Spire","Googly Eyes","Highlight Path","Key Reminder","Minty Spire (QoL Compilation)","Quick Restart","Rare Cards Sparkle","Relic Sorter","Relic Stats","ShortenTheSpire","Spire Arcade","Spire Birthday Party","StSLib","Steal the Spire","SuperFastMode","Uncapped","Unceasing Turn Reminder","everything is the same but u backflip on backflip","slay the spire mod where everything is the same but ironclad has a cowboy hat"],"gold_per_floor":[119,194,211,161,14,43,61,96,96,96,123,123,191,226,226,333,333,361,361,374,383,36,80,92,138,175,187,199,240,252,293,305,421,460,489,529,568,603,615,653,683,510,533,533,88,108,108,120,120,120,120,120,81,81,81],"floor_reached":54,"language":"ENG","playtime":2045,"items_purged":["Strike_B","Strike_B","Defend_B","Defend_B"],"score":1114,"play_id":"82246ba1-7a06-47aa-b3c4-a4e7d20d6103","local_time":"20210210141329","is_ascension_mode":true,"campfire_choices":[{"floor":12,"key":"REST"},{"data":"Hologram","floor":15,"key":"SMITH"},{"data":"RitualDagger","floor":24,"key":"SMITH"},{"floor":27,"key":"REST"},{"data":"Biased Cognition","floor":32,"key":"SMITH"},{"floor":44,"key":"REST"},{"floor":47,"key":"RECALL"},{"data":"Capacitor","floor":49,"key":"SMITH"},{"floor":52,"key":"REST"}],"circlet_count":0,"master_deck":["AscendersBane","Strike_B","Zap","Dualcast","Cold Snap","Electrodynamics","Streamline","Hologram+1","Glacier","Turbo","Reboot","Biased Cognition+1","Conserve Battery","RitualDagger+1","Core Surge","Rainbow+1","Echo Form+1","Meteor Strike+1","Capacitor+1","Rebound+1","Skim+1","Undo+1","Apotheosis+1","Reboot+1","Compile Driver"],"relics":["Cracked Core","Ice Cream","Pantograph","Thread and Needle","Bird Faced Urn","CeramicFish","Symbiotic Virus","Prayer Wheel","Philosopher\u0027s Stone","Toxic Egg 2","MawBank","Bronze Scales","DataDisk","Regal Pillow","Vajra","Astrolabe","DollysMirror","Bottled Lightning"],"acts_visited":["Exordium","TheCity","TheBeyond","TheEnding"],"potions_floor_usage":[50],"damage_taken":[{"damage":1,"enemies":"Cultist","floor":1,"turns":3},{"damage":5,"enemies":"Jaw Worm","floor":3,"turns":3},{"damage":11,"enemies":"3 Sentries","floor":6,"turns":4},{"damage":1,"enemies":"2 Louse","floor":7,"turns":2},{"damage":30,"enemies":"Gremlin Nob","floor":8,"turns":4},{"damage":6,"enemies":"Lagavulin","floor":11,"turns":7},{"damage":12,"enemies":"Gremlin Nob","floor":14,"turns":4},{"damage":25,"enemies":"Hexaghost","floor":16,"turns":15},{"damage":0,"enemies":"3 Byrds","floor":18,"turns":2},{"damage":0,"enemies":"Spheric Guardian","floor":20,"turns":3},{"damage":22,"enemies":"Gremlin Leader","floor":23,"turns":9},{"damage":30,"enemies":"Book of Stabbing","floor":25,"turns":6},{"damage":0,"enemies":"Cultist and Chosen","floor":29,"turns":3},{"damage":11,"enemies":"Slavers","floor":31,"turns":3},{"damage":9,"enemies":"Automaton","floor":33,"turns":12},{"damage":29,"enemies":"3 Darklings","floor":35,"turns":5},{"damage":0,"enemies":"Orb Walker","floor":36,"turns":3},{"damage":4,"enemies":"Jaw Worm Horde","floor":37,"turns":4},{"damage":19,"enemies":"Maw","floor":38,"turns":7},{"damage":52,"enemies":"Nemesis","floor":40,"turns":7},{"damage":18,"enemies":"Spire Growth","floor":41,"turns":4},{"damage":6,"enemies":"Transient","floor":46,"turns":5},{"damage":0,"enemies":"4 Shapes","floor":48,"turns":1},{"damage":62,"enemies":"Time Eater","floor":50,"turns":8},{"damage":82,"enemies":"Shield and Spear","floor":54,"turns":4}],"seed_played":"3637321660886602421","potions_obtained":[{"floor":6,"key":"Ancient Potion"},{"floor":11,"key":"LiquidMemories"},{"floor":18,"key":"FearPotion"},{"floor":29,"key":"Energy Potion"},{"floor":31,"key":"Regen Potion"}],"is_trial":false,"path_per_floor":["M","?","M","?","$","E","M","E","T","?","E","R","T","E","R","B",null,"M","?","M","?","$","E","R","E","T","R","?","M","?","E","R","B",null,"M","M","M","M","?","E","M","$","T","R","$","M","R","M","R","B",null,"R","$","E"],"character_chosen":"DEFECT","items_purchased":["Streamline","Hologram","Toxic Egg 2","Undo+1","Apotheosis+1","DollysMirror","Compile Driver"],"campfire_rested":4,"item_purchase_floors":[5,5,22,42,45,45,53],"current_hp_per_floor":[67,56,51,51,51,40,39,9,9,9,5,27,27,17,17,19,61,63,63,65,59,59,41,41,15,15,37,62,66,66,57,57,66,73,52,56,56,43,75,33,23,23,23,60,60,62,62,64,64,19,61,75,75,0,0],"gold":81,"neow_bonus":"ONE_RARE_RELIC","is_daily":false,"chose_seed":false,"campfire_upgraded":4,"win_rate":0.0,"timestamp":1612962809,"path_taken":["M","?","M","?","?","E","?","E","T","?","E","R","?","E","R","BOSS","M","?","M","?","$","E","R","E","T","R","?","M","?","E","R","BOSS","M","M","M","?","?","E","M","$","T","R","$","M","R","?","R","BOSS","R","$","E"],"items_purchased_type":["Card","Card","Relic","Card","Card","Relic","Card"],"build_version":"2020-12-22","purchased_purges":4,"victory":false,"max_hp_per_floor":[75,75,75,75,75,75,75,75,75,75,75,75,75,75,75,75,75,75,75,75,75,75,75,75,75,75,75,75,75,75,75,75,75,75,75,75,75,75,75,75,75,75,75,75,75,75,75,75,75,75,75,75,75,75,75],"relic_stats":{"Regal Pillow":15,"counters":[25,128],"Pantograph":54,"Bird Faced Urn":[82],"CeramicFish":153,"Bronze Scales":[201],"Astrolabe":["Echo Form","Meteor Strike","Consume"],"Prayer Wheel":10,"MawBank":228,"obtain_stats":[{"Ice Cream":0,"Regal Pillow":30,"CeramicFish":11,"Astrolabe":34,"Vajra":31,"Thread and Needle":8,"MawBank":23,"keyreminder:keyreminder":40,"DataDisk":26,"DollysMirror":45,"Pantograph":6,"Bird Faced Urn":9,"Bronze Scales":25,"Prayer Wheel":14,"Philosopher\u0027s Stone":17,"Bottled Lightning":40,"Toxic Egg 2":22,"Cracked Core":0,"Symbiotic Virus":13},{"Ice Cream":0,"Regal Pillow":13,"CeramicFish":6,"Astrolabe":15,"Vajra":14,"Thread and Needle":5,"MawBank":11,"keyreminder:keyreminder":20,"DataDisk":12,"DollysMirror":21,"Pantograph":3,"Bird Faced Urn":5,"Bronze Scales":12,"Prayer Wheel":7,"Philosopher\u0027s Stone":8,"Bottled Lightning":20,"Toxic Egg 2":10,"Cracked Core":0,"Symbiotic Virus":6},{"Ice Cream":0,"Regal Pillow":65,"CeramicFish":23,"Astrolabe":80,"Vajra":68,"Thread and Needle":16,"MawBank":56,"keyreminder:keyreminder":106,"DataDisk":62,"DollysMirror":110,"Pantograph":10,"Bird Faced Urn":16,"Bronze Scales":62,"Prayer Wheel":27,"Philosopher\u0027s Stone":42,"Bottled Lightning":106,"Toxic Egg 2":47,"Cracked Core":0,"Symbiotic Virus":23}]},"card_choices":[{"not_picked":["Compile Driver","Steam"],"picked":"Cold Snap","floor":1},{"not_picked":["Sweeping Beam","Chill"],"picked":"Electrodynamics","floor":3},{"not_picked":["Steam Power","Redo"],"picked":"Glacier","floor":6},{"not_picked":["Stack","Coolheaded"],"picked":"Turbo","floor":7},{"not_picked":["Skim","Barrage","Compile Driver"],"picked":"SKIP","floor":8},{"not_picked":["Skim","Barrage","Compile Driver"],"picked":"SKIP","floor":8},{"not_picked":["FTL","Cold Snap","Lockon"],"picked":"SKIP","floor":11},{"not_picked":["Beam Cell","Barrage"],"picked":"Reboot","floor":14},{"not_picked":["Buffer","Core Surge"],"picked":"Biased Cognition","floor":16},{"not_picked":["Doom and Gloom","Sweeping Beam+1"],"picked":"Conserve Battery","floor":18},{"not_picked":["Tempest","Steam","Blizzard"],"picked":"SKIP","floor":18},{"not_picked":["Leap","Rip and Tear","Steam"],"picked":"SKIP","floor":20},{"not_picked":["Reprogram","Reinforced Body","Turbo"],"picked":"SKIP","floor":20},{"not_picked":["Self Repair","Stack+1"],"picked":"Core Surge","floor":23},{"not_picked":["Stack+1","Hologram+1","Gash"],"picked":"SKIP","floor":25},{"not_picked":["Leap+1","Compile Driver","Reprogram+1"],"picked":"SKIP","floor":29},{"not_picked":["Storm","FTL","Gash"],"picked":"SKIP","floor":29},{"not_picked":["Compile Driver","Reprogram+1"],"picked":"Leap+1","floor":29},{"not_picked":["Storm","FTL","Gash"],"picked":"SKIP","floor":29},{"not_picked":["Stack+1","Reprogram+1","Streamline+1"],"picked":"SKIP","floor":31},{"not_picked":["Creative AI","Buffer"],"picked":"Rainbow+1","floor":33},{"not_picked":["Barrage","Coolheaded+1","Redo+1"],"picked":"SKIP","floor":35},{"not_picked":["Barrage","Beam Cell","Skim+1"],"picked":"SKIP","floor":35},{"not_picked":["Force Field+1","Turbo+1"],"picked":"Capacitor","floor":36},{"not_picked":["Redo+1","Hyperbeam","Beam Cell+1"],"picked":"SKIP","floor":36},{"not_picked":["Sweeping Beam","Doom and Gloom+1"],"picked":"Rebound+1","floor":37},{"not_picked":["Streamline+1","Coolheaded+1","Steam+1"],"picked":"SKIP","floor":37},{"not_picked":["White Noise+1","Ball Lightning+1"],"picked":"Skim+1","floor":38},{"not_picked":["Gash+1","Stack+1","Self Repair"],"picked":"SKIP","floor":38},{"not_picked":["Compile Driver+1","Coolheaded+1","Self Repair+1"],"picked":"SKIP","floor":40},{"not_picked":["Melter+1","Chaos+1","Compile Driver+1"],"picked":"SKIP","floor":41},{"not_picked":["Barrage+1","Buffer","Streamline+1"],"picked":"SKIP","floor":41},{"not_picked":["Recycle+1","BootSequence+1","Beam Cell+1"],"picked":"SKIP","floor":46},{"not_picked":["Steam+1","Streamline+1","Rebound+1"],"picked":"SKIP","floor":46},{"not_picked":["Recycle+1","BootSequence+1","Beam Cell+1"],"picked":"SKIP","floor":46},{"not_picked":["Steam+1","Streamline+1","Rebound+1"],"picked":"SKIP","floor":46},{"not_picked":["Leap+1","Sweeping Beam+1","Lockon+1"],"picked":"SKIP","floor":48},{"not_picked":["Glacier+1","Go for the Eyes","Leap+1"],"picked":"SKIP","floor":48}],"player_experience":365320,"relics_obtained":[{"floor":6,"key":"Pantograph"},{"floor":8,"key":"Thread and Needle"},{"floor":9,"key":"Bird Faced Urn"},{"floor":11,"key":"CeramicFish"},{"floor":13,"key":"Symbiotic Virus"},{"floor":14,"key":"Prayer Wheel"},{"floor":23,"key":"MawBank"},{"floor":25,"key":"Bronze Scales"},{"floor":26,"key":"DataDisk"},{"floor":31,"key":"Vajra"},{"floor":40,"key":"Bottled Lightning"}],"event_choices":[{"damage_healed":0,"gold_gain":75,"player_choice":"Gold","damage_taken":11,"max_hp_gain":0,"max_hp_loss":0,"event_name":"betterThird:BetterGoop","floor":2,"gold_loss":0},{"cards_removed":["Doubt"],"damage_healed":0,"gold_gain":0,"player_choice":"Card Removal","damage_taken":0,"max_hp_gain":0,"max_hp_loss":0,"event_name":"The Cleric","floor":4,"gold_loss":50},{"damage_healed":9,"gold_gain":0,"player_choice":"Leave","damage_taken":0,"max_hp_gain":0,"max_hp_loss":75,"event_name":"betterThird:BetterShining","floor":10,"gold_loss":0},{"damage_healed":0,"gold_gain":0,"player_choice":"Ignored","damage_taken":0,"max_hp_gain":0,"max_hp_loss":0,"event_name":"Vampires","floor":19,"gold_loss":0},{"damage_healed":0,"gold_gain":0,"player_choice":"Dagger","damage_taken":6,"max_hp_gain":0,"max_hp_loss":0,"event_name":"betterThird:BetterNest","floor":21,"gold_loss":0,"cards_obtained":["RitualDagger"]},{"damage_healed":25,"gold_gain":0,"player_choice":"Heal","damage_taken":0,"max_hp_gain":0,"max_hp_loss":0,"event_name":"The Library","floor":28,"gold_loss":0},{"cards_removed":["Leap"],"damage_healed":0,"gold_gain":0,"player_choice":"Gave Card","damage_taken":0,"relics_obtained":["Regal Pillow"],"max_hp_gain":0,"max_hp_loss":0,"event_name":"WeMeetAgain","floor":30,"gold_loss":0},{"cards_removed":["Consume"],"damage_healed":32,"gold_gain":0,"player_choice":"Offered Uncommon","damage_taken":0,"max_hp_gain":0,"max_hp_loss":0,"event_name":"Bonfire Elementals","floor":39,"gold_loss":0}],"is_beta":false,"boss_relics":[{"not_picked":["Calling Bell","Sozu"],"picked":"Philosopher\u0027s Stone"},{"not_picked":["Black Star","Velvet Choker"],"picked":"Astrolabe"}],"items_purged_floors":[5,22,42,45],"is_endless":false,"potions_floor_spawned":[6,11,18,23,29,31,36,37,40,46,48],"killed_by":"Shield and Spear","ascension_level":10}}