{"host":"ac6e1xz8pi3qqstb","time":1612934350,"event":{"mods":["BaseMod","Downfall","Minty Spire (QoL Compilation)","MostiFishMod","StSLib"],"gold_per_floor":[99,116,135,153,253,265,291,291,291,441,441,90,119,57,73,175,175,175,193,31,31,31,31,31,31,31,31],"floor_reached":25,"language":"ZHS","playtime":1184,"items_purged":["Decay"],"score":247,"play_id":"3e5de04b-28d8-4e9d-aac3-57615dbddb54","local_time":"20210210131910","is_ascension_mode":false,"campfire_choices":[{"data":"champ:Taunt","floor":1.0,"key":"SMITH"},{"data":"champ:Execute","floor":8.0,"key":"SMITH"},{"data":"expansioncontent:StudyTheSpire","floor":18.0,"key":"SMITH"},{"data":"champ:RapidStrikes","floor":23,"key":"SMITH"}],"circlet_count":0,"master_deck":["champ:Strike","champ:Strike","champ:Strike","champ:Strike","champ:Defend","champ:Defend","champ:Defend","champ:Defend","champ:Execute+1","champ:Taunt+1","champ:CrownThrow","champ:ArenaPreparation","CurseOfTheBell","CurseOfTheBell","champ:IgnorePain+1","champ:IronFortress","downfall:Icky","champ:AdrenalArmor","expansioncontent:StudyTheSpire+1","champ:BringItOn","champ:BerserkersShout","champ:FanOfKnives","champ:RapidStrikes+1","champ:CheapShot","champ:HeartStrike","champ:StanceDance","champ:Duel"],"relics":["champ:ChampionCrown","DaveBox","HereWithMe","downfall:ExtraCursedBell","Happy Flower","Mercury Hourglass","Shovel","ClockworkSouvenir","Potion Belt","RhineCircuit","downfall:RedIOU","Blood Vial"],"acts_visited":["Exordium","TheCity"],"potions_floor_usage":[],"damage_taken":[{"damage":12.0,"enemies":"Small Slimes","floor":2.0,"turns":3.0},{"damage":13.0,"enemies":"Jaw Worm","floor":3.0,"turns":2.0},{"damage":2.0,"enemies":"2 Louse","floor":4.0,"turns":2.0},{"damage":30.0,"enemies":"2 Fungi Beasts","floor":6.0,"turns":4.0},{"damage":32.0,"enemies":"downfall:FleeingMerchant","floor":12.0,"turns":4.0},{"damage":31.0,"enemies":"3 Sentries","floor":13.0,"turns":7.0},{"damage":20.0,"enemies":"downfall:FleeingMerchant","floor":14.0,"turns":4.0},{"damage":35.0,"enemies":"Large Slime","floor":15.0,"turns":4.0},{"damage":0.0,"enemies":"SI_SHIV_ARCHETYPE","floor":16.0,"turns":5.0},{"damage":67.0,"enemies":"3 Byrds","floor":19.0,"turns":5.0},{"damage":28.0,"enemies":"downfall:FleeingMerchant","floor":20.0,"turns":5.0},{"damage":26,"enemies":"Chosen","floor":25,"turns":4}],"seed_played":"8488135187743813334","potions_obtained":[{"floor":6.0,"key":"Explosive Potion"},{"floor":13.0,"key":"Swift Potion"},{"floor":16.0,"key":"champ:CounterPotion"},{"floor":19.0,"key":"PowerPotion"}],"is_trial":false,"path_per_floor":["R","M","M","M","?","M","T","R","?","?","?","$","E","$","M","B",null,"R","M","$","?","?","R","T","M"],"character_chosen":"THE_CHAMP","items_purchased":["expansioncontent:StudyTheSpire","ClockworkSouvenir","champ:FanOfKnives","champ:Duel"],"campfire_rested":0,"item_purchase_floors":[12,12,14,20],"current_hp_per_floor":[99,97,94,92,92,87,87,87,87,87,87,85,69,59,59,59,99,99,92,89,89,89,89,89,70,70,70],"gold":31,"neow_bonus":"TEN_PERCENT_HP_BONUS","is_daily":false,"chose_seed":false,"campfire_upgraded":4,"win_rate":0.0,"timestamp":1612934350,"path_taken":["R","M","M","M","?","M","T","R","?","?","?","$","E","$","M","BOSS","R","M","$","?","?","R","T","M"],"items_purchased_type":["Card","Relic","Card","Card"],"build_version":"2020-12-22","purchased_purges":1,"victory":false,"max_hp_per_floor":[99,99,99,99,99,99,99,99,99,99,99,99,99,99,99,99,99,99,99,99,99,99,99,99,99,99,99],"card_choices":[{"not_picked":["champ:ShieldSlam","champ:FlashCut"],"picked":"champ:CrownThrow","floor":2.0},{"not_picked":["champ:CrownThrow","champ:Circumvent","champ:SkillfulDodge"],"picked":"SKIP","floor":3.0},{"not_picked":["champ:FocusedBerserking","champ:BerserkersShout"],"picked":"champ:ArenaPreparation","floor":4.0},{"not_picked":["champ:CrookedStrike","champ:AdrenalArmor"],"picked":"champ:IronFortress","floor":6.0},{"not_picked":["champ:Improvising","champ:FlashCut"],"picked":"champ:AdrenalArmor","floor":12.0},{"not_picked":["champ:VampiricStrike","champ:EnGarde"],"picked":"champ:BringItOn","floor":13.0},{"not_picked":["champ:Circumvent","champ:ArenaPreparation"],"picked":"champ:BerserkersShout","floor":14.0},{"not_picked":["champ:EnGarde","champ:DefensiveShout"],"picked":"champ:RapidStrikes","floor":15.0},{"not_picked":["champ:ShieldThrow","champ:SwordThrow"],"picked":"champ:CheapShot","floor":16.0},{"not_picked":["champ:Parry","champ:FanOfKnives"],"picked":"champ:HeartStrike","floor":19.0},{"not_picked":["champ:FaceSlap","champ:Circumvent+1"],"picked":"champ:StanceDance","floor":20.0}],"player_experience":475875,"relics_obtained":[{"floor":5.0,"key":"Happy Flower"},{"floor":5.0,"key":"Mercury Hourglass"},{"floor":5.0,"key":"Shovel"},{"floor":7.0,"key":"Orichalcum"},{"floor":13.0,"key":"Potion Belt"},{"floor":24,"key":"Blood Vial"}],"event_choices":[{"cards_removed":["Regret"],"damage_healed":0.0,"max_hp_gain":0.0,"max_hp_loss":0.0,"gold_gain":0.0,"event_name":"The Cleric","player_choice":"Card Removal","floor":9.0,"gold_loss":0.0,"damage_taken":0.0},{"damage_healed":0.0,"max_hp_gain":0.0,"max_hp_loss":0.0,"gold_gain":0.0,"event_name":"Living Wall","player_choice":"Grow","floor":11.0,"gold_loss":0.0,"damage_taken":0.0,"cards_upgraded":["champ:IgnorePain"]},{"damage_healed":0.0,"max_hp_gain":0.0,"max_hp_loss":0.0,"gold_gain":0.0,"event_name":"Ghosts","player_choice":"Ignored","floor":22.0,"gold_loss":0.0,"damage_taken":0.0}],"is_beta":false,"boss_relics":[{"not_picked":["Transparent","Black Star"],"picked":"RhineCircuit"}],"items_purged_floors":[20],"is_endless":false,"potions_floor_spawned":[3,6,13,16,19],"killed_by":"Chosen","ascension_level":0}}