{"host":"ffqn1azj9urswy62","time":1612967674,"event":{"mods":["BaseMod","Better Third Choice","Conspire","Googly Eyes","Hubris","Minty Spire (QoL Compilation)","Replay The Spire","StSLib","Wandering Minibosses","slay the spire mod where everything is the same but ironclad has a cowboy hat"],"gold_per_floor":[112,37,37,52,102,133,133,168,242,242,300,327,327,345,345,446,446,461,121,121,136,205,134,134,161,188,207,219,219,237,249,249,346,346,360,413,413,424,227,227,244,244,244,244,544,544,544,544,544,544,544,544,544,544,6,6,6],"floor_reached":56,"language":"ENG","playtime":3686,"items_purged":["Strike_G","ReplayTheSpireMod:Restless Dread","Doubt","hubris:Sloth"],"score":933,"play_id":"5d1feba0-2bf1-4d58-bb7d-95dced74d60a","local_time":"20210210093434","is_ascension_mode":true,"campfire_choices":[{"data":"Survivor","floor":7,"key":"SMITH"},{"data":"Pot Of Greed","floor":13,"key":"SMITH"},{"data":"Pot Of Greed","floor":24,"key":"SMITH"},{"data":"Pot Of Greed","floor":29,"key":"SMITH"},{"data":"Calculated Gamble","floor":32,"key":"SMITH"},{"data":"Madness","floor":40,"key":"SMITH"},{"data":"Calculated Gamble","floor":44,"key":"SMITH"},{"data":"Madness","floor":46,"key":"SMITH"},{"data":"Acrobatics","floor":48,"key":"SMITH"},{"floor":51,"key":"RECALL"},{"floor":54,"key":"REST"}],"circlet_count":0,"master_deck":["Strike_G+1","Strike_G+1","Defend_G+1","Defend_G+1","Defend_G+1","Defend_G+1","Defend_G+1","Survivor+1","Neutralize+1","Phantasmal Killer+1","Underhanded Strike+1","Acrobatics+1","Dagger Throw+1","Looming Evil","Pot Of Greed+1","Pot Of Greed+1","Calculated Gamble+1","Dagger Throw+1","Replay:Bag of Tricks+1","Writhe","Poison Darts+1","Deep Breath+1","Reflex+1","ReplayTheSpireMod:The Works+1","Pot Of Greed+1","ReplayTheSpireMod:The Works+1","ReplayTheSpireMod:Splinters","Madness+1","Madness+1","Acrobatics+1","Calculated Gamble+1","Voices","hubris:EnhanceAbility+1"],"relics":["Ring of the Snake","ReplayTheSpireMod:Ring of Challenge","Ring of Greed","Golden Egg","MealTicket","Replay:Baseball","Grinning Jar","hubris:Icosahedron","Replay:Rubber Ducky","hubris:VirtuousBlindfold","TheAbacus","conspire:Dentures","hubris:DeckOfHolding","Orichalcum","Replay:Bronze Core","WingedGreaves","Old Coin","hubris:Towel","Mark of the Bloom","Chemical X"],"acts_visited":["Exordium","TheCity","TheBeyond","TheEnding"],"potions_floor_usage":[6,8,8,16,23,23,25,28,33,52,52],"damage_taken":[{"damage":4,"enemies":"Small Slimes","floor":1,"turns":5},{"damage":0,"enemies":"Cultist","floor":4,"turns":4},{"damage":14,"enemies":"3 Sentries","floor":6,"turns":10},{"damage":14,"enemies":"Lagavulin","floor":8,"turns":5},{"damage":0,"enemies":"2 Louse","floor":11,"turns":4},{"damage":5,"enemies":"3 Sentries","floor":12,"turns":9},{"damage":1,"enemies":"2 Fungi Beasts","floor":14,"turns":3},{"damage":26,"enemies":"The Guardian","floor":16,"turns":12},{"damage":4,"enemies":"Shell Parasite","floor":18,"turns":3},{"damage":17,"enemies":"2 Thieves","floor":21,"turns":3},{"damage":7,"enemies":"conspire:SneckoGhost","floor":23,"turns":5},{"damage":9,"enemies":"Slavers","floor":25,"turns":4},{"damage":0,"enemies":"Snake Plant","floor":27,"turns":2},{"damage":7,"enemies":"conspire:HollyBat","floor":28,"turns":6},{"damage":0,"enemies":"3 Cultists","floor":30,"turns":3},{"damage":2,"enemies":"Snake Plant","floor":31,"turns":3},{"damage":2,"enemies":"Collector","floor":33,"turns":2},{"damage":8,"enemies":"3 Darklings","floor":35,"turns":3},{"damage":0,"enemies":"2 Orb Walkers","floor":36,"turns":2},{"damage":10,"enemies":"Orb Walker","floor":38,"turns":2},{"damage":2,"enemies":"Writhing Mass","floor":41,"turns":2},{"damage":14,"enemies":"hubris:GrandSnecko","floor":52,"turns":7},{"damage":66,"enemies":"Shield and Spear","floor":56,"turns":3}],"seed_played":"2418701415461721718","potions_obtained":[{"floor":1,"key":"SpeedPotion"},{"floor":4,"key":"Adrenaline Potion"},{"floor":6,"key":"Fire Potion"},{"floor":11,"key":"Block Potion"},{"floor":21,"key":"LifebloodPotion"},{"floor":22,"key":"DistilledChaos"},{"floor":22,"key":"DuplicationPotion"},{"floor":22,"key":"LiquidMemories"},{"floor":25,"key":"Regen Potion"},{"floor":31,"key":"DistilledChaos"},{"floor":36,"key":"Flashbang"},{"floor":38,"key":"SteroidPotion"},{"floor":41,"key":"LiquidMemories"}],"is_trial":false,"path_per_floor":["M","$","?","M","?","E","R","E","T","?","M","E","R","M","R","B",null,"M","$","?","M","?","E","R","E","T","M","M","R","M","M","R","B",null,"M","?","?","M","$","R","M","PTL","PTL","R","T","R","?","R","?","?","R","B",null,"R","$","E"],"character_chosen":"THE_SILENT","items_purchased":["TheAbacus","Deep Breath","DuplicationPotion","Chemical X","hubris:EnhanceAbility","SpeedPotion"],"campfire_rested":1,"item_purchase_floors":[19,19,39,55,55,55],"current_hp_per_floor":[45,45,45,45,45,31,31,17,17,17,17,12,12,11,32,6,54,50,65,65,48,20,13,13,4,4,4,9,9,9,7,7,5,54,46,46,37,27,42,42,40,40,40,40,40,40,40,40,40,40,40,26,26,26,26,0,0],"gold":6,"neow_bonus":"TRANSFORM_TWO_CARDS","is_daily":false,"chose_seed":false,"campfire_upgraded":9,"win_rate":0.0,"timestamp":1612967674,"path_taken":["M","$","?","?","?","E","R","E","T","?","M","E","R","M","R","BOSS","M","$","?","M","?","E","R","E","T","M","M","R","M","M","R","BOSS","M","?","?","M","$","R","M","PTL","PTL","R","T","R","?","R","?","?","R","BOSS","R","$","E"],"items_purchased_type":["Relic","Card","Potion","Relic","Card","Potion"],"build_version":"2020-12-22","purchased_purges":4,"victory":false,"max_hp_per_floor":[70,70,70,70,70,70,70,70,70,70,70,70,70,70,70,70,70,70,70,70,70,70,70,70,70,70,70,70,70,70,70,70,70,70,70,70,70,70,70,70,70,70,70,70,70,70,70,70,70,70,70,70,70,70,70,70,70],"card_choices":[{"not_picked":["Setup","Prepared"],"picked":"Acrobatics","floor":1},{"not_picked":["Deflect","PiercingWail"],"picked":"Dagger Throw","floor":4},{"not_picked":["Sneak Up","Outmaneuver","Bane"],"picked":"SKIP","floor":6},{"not_picked":["Outmaneuver","Slice"],"picked":"Calculated Gamble","floor":8},{"not_picked":["Accuracy","Deadly Poison"],"picked":"Dagger Throw","floor":11},{"not_picked":["Bane","Blade Dance","Dodge and Roll"],"picked":"SKIP","floor":12},{"not_picked":["Backflip","Dagger Spray"],"picked":"Replay:Bag of Tricks","floor":14},{"not_picked":["Atom Bomb","Bullet Time"],"picked":"Poison Darts","floor":16},{"not_picked":["Slice","Flechettes+1","Quick Slash"],"picked":"SKIP","floor":18},{"not_picked":["Fluid Movement","Calculated Gamble+1","Dodge and Roll"],"picked":"SKIP","floor":21},{"not_picked":["Noxious Fumes","Expertise"],"picked":"Reflex","floor":22},{"not_picked":["Bouncing Flask+1","Deflect"],"picked":"ReplayTheSpireMod:The Works","floor":23},{"not_picked":["Blade Dance","Burst","Underhanded Strike+1"],"picked":"SKIP","floor":25},{"not_picked":["ReplayTheSpireMod:Scrap Shanks+1","Dagger Spray","hubris:TrickCloak"],"picked":"SKIP","floor":27},{"not_picked":["Cloak And Dagger","Flechettes+1","Quick Slash"],"picked":"SKIP","floor":28},{"not_picked":["Hidden Blade","Outmaneuver+1"],"picked":"ReplayTheSpireMod:The Works","floor":30},{"not_picked":["Deadly Poison","hubris:SlightOfHand","Concentrate"],"picked":"SKIP","floor":31},{"not_picked":["Deadly Poison","Replay:Poison Smokescreen","PiercingWail"],"picked":"SKIP","floor":35},{"not_picked":["Dodge and Roll+1","Deflect"],"picked":"Acrobatics+1","floor":38},{"not_picked":["Sneak Up","Cloak And Dagger+1"],"picked":"Calculated Gamble","floor":41}],"player_experience":661807,"relics_obtained":[{"floor":5,"key":"ReplayTheSpireMod:Ring of Challenge"},{"floor":5,"key":"Ring of Greed"},{"floor":5,"key":"Golden Egg"},{"floor":5,"key":"MealTicket"},{"floor":6,"key":"Replay:Baseball"},{"floor":8,"key":"Grinning Jar"},{"floor":12,"key":"Replay:Rubber Ducky"},{"floor":23,"key":"conspire:Dentures"},{"floor":25,"key":"hubris:DeckOfHolding"},{"floor":26,"key":"Orichalcum"},{"floor":36,"key":"WingedGreaves"},{"floor":45,"key":"Old Coin"}],"event_choices":[{"damage_healed":0,"gold_gain":0,"player_choice":"Forge","damage_taken":0,"max_hp_gain":0,"max_hp_loss":0,"event_name":"Accursed Blacksmith","floor":3,"gold_loss":0,"cards_upgraded":["Phantasmal Killer"]},{"damage_healed":0,"gold_gain":0,"player_choice":"Ignored","damage_taken":0,"max_hp_gain":0,"max_hp_loss":0,"event_name":"Ghosts","floor":20,"gold_loss":0},{"damage_healed":0,"gold_gain":0,"player_choice":"Fight","damage_taken":0,"max_hp_gain":0,"max_hp_loss":0,"event_name":"Mysterious Sphere","floor":36,"gold_loss":0},{"damage_healed":0,"gold_gain":0,"player_choice":"Embrace Madness","damage_taken":9,"max_hp_gain":0,"max_hp_loss":0,"event_name":"Winding Halls","floor":37,"gold_loss":0,"cards_obtained":["Madness","Madness"]},{"damage_healed":0,"gold_gain":0,"player_choice":"Leave","damage_taken":0,"max_hp_gain":0,"max_hp_loss":0,"event_name":"conspire:Investor","floor":47,"gold_loss":0},{"damage_healed":0,"gold_gain":0,"player_choice":"Upgrade","damage_taken":0,"relics_obtained":["Mark of the Bloom"],"max_hp_gain":0,"max_hp_loss":0,"event_name":"MindBloom","floor":50,"gold_loss":0,"cards_upgraded":["Strike_G","Strike_G","Defend_G","Defend_G","Defend_G","Defend_G","Defend_G","Neutralize","Underhanded Strike","Dagger Throw","Reflex","ReplayTheSpireMod:The Works","ReplayTheSpireMod:The Works"]}],"is_beta":false,"boss_relics":[{"not_picked":["Calling Bell","Replay:Wanted Poster"],"picked":"hubris:VirtuousBlindfold"},{"not_picked":["hubris:Stopwatch","Philosopher\u0027s Stone"],"picked":"Replay:Bronze Core"}],"items_purged_floors":[2,19,39,55],"is_endless":false,"potions_floor_spawned":[1,4,6,11,21,25,31,36,38,41],"killed_by":"Shield and Spear","ascension_level":5}}