{"host":"e1pm3b7xpcm97e5w","time":1612973631,"event":{"mods":["BaseMod","Better Skull","Googly Eyes","Minty Spire (QoL Compilation)","Relic Stats","Shop Mod","Spicy Shops","StSLib"],"gold_per_floor":[367,542,208,221,94,123,123,151,174,174,191,206,206,234,234,312,312,325,27,27,40,52,52,66,95,95,95,95,110,110,135,135,207,207,224,235,255,255,255],"floor_reached":40,"language":"ENG","playtime":1526,"items_purged":["Doubt"],"score":1060,"play_id":"f2de1688-07f9-443a-87af-933e85823b0e","local_time":"20210210111351","is_ascension_mode":true,"campfire_choices":[{"data":"TalkToTheHand","floor":7.0,"key":"SMITH"},{"data":"Eruption","floor":10.0,"key":"SMITH"},{"data":"Wallop","floor":13.0,"key":"SMITH"},{"data":"PathToVictory","floor":15.0,"key":"SMITH"},{"data":"Fasting2","floor":23.0,"key":"SMITH"},{"floor":28.0,"key":"REST"},{"floor":30.0,"key":"REST"},{"data":"Fasting2","floor":32.0,"key":"SMITH"}],"circlet_count":0,"master_deck":["AscendersBane","Strike_P","Strike_P","Strike_P","Strike_P","Defend_P","Defend_P","Defend_P","Defend_P","Eruption+1","Vigilance","Consecrate","PathToVictory","Wallop+1","CutThroughFate","TalkToTheHand+1","Protect","JustLucky","PathToVictory+1","DeusExMachina","PathToVictory+1","Fasting2+1","Fasting2+1","ThirdEye","Vault"],"relics":["PureWater","White Beast Statue","Happy Flower","Strawberry","Akabeko","Singing Bowl","SacredBark","OrangePellets","Toolbox","MutagenicStrength","TeardropLocket","Molten Egg 2","Dream Catcher","Cursed Key"],"acts_visited":["Exordium","TheCity","TheBeyond"],"potions_floor_usage":[36,36,39,39],"damage_taken":[{"damage":0.0,"enemies":"Small Slimes","floor":1.0,"turns":2.0},{"damage":2.0,"enemies":"Jaw Worm","floor":4.0,"turns":4.0},{"damage":18.0,"enemies":"Gremlin Nob","floor":6.0,"turns":3.0},{"damage":8.0,"enemies":"3 Sentries","floor":8.0,"turns":5.0},{"damage":4.0,"enemies":"2 Louse","floor":11.0,"turns":2.0},{"damage":2.0,"enemies":"Exordium Thugs","floor":12.0,"turns":3.0},{"damage":2.0,"enemies":"Lagavulin","floor":14.0,"turns":3.0},{"damage":23.0,"enemies":"The Guardian","floor":16.0,"turns":8.0},{"damage":19.0,"enemies":"3 Byrds","floor":18.0,"turns":3.0},{"damage":0.0,"enemies":"Shell Parasite","floor":21.0,"turns":4.0},{"damage":0.0,"enemies":"Shelled Parasite and Fungi","floor":22.0,"turns":2.0},{"damage":9.0,"enemies":"Snake Plant","floor":24.0,"turns":3.0},{"damage":24.0,"enemies":"Book of Stabbing","floor":25.0,"turns":4.0},{"damage":0.0,"enemies":"Sentry and Sphere","floor":29.0,"turns":4.0},{"damage":3.0,"enemies":"Gremlin Leader","floor":31.0,"turns":4.0},{"damage":24.0,"enemies":"Collector","floor":33.0,"turns":6.0},{"damage":2,"enemies":"Orb Walker","floor":35,"turns":3},{"damage":20,"enemies":"3 Darklings","floor":36,"turns":4},{"damage":0,"enemies":"Transient","floor":37,"turns":6},{"damage":27,"enemies":"Awakened One","floor":39,"turns":15}],"seed_played":"-2140823237339352263","potions_obtained":[{"floor":1.0,"key":"Explosive Potion"},{"floor":4.0,"key":"Block Potion"},{"floor":6.0,"key":"LiquidMemories"},{"floor":8.0,"key":"Block Potion"},{"floor":11.0,"key":"Explosive Potion"},{"floor":12.0,"key":"Ancient Potion"},{"floor":14.0,"key":"DuplicationPotion"},{"floor":16.0,"key":"BottledMiracle"},{"floor":18.0,"key":"CultistPotion"},{"floor":21.0,"key":"DistilledChaos"},{"floor":22.0,"key":"BlessingOfTheForge"},{"floor":24.0,"key":"LiquidMemories"},{"floor":31.0,"key":"Weak Potion"},{"floor":33.0,"key":"GamblersBrew"},{"floor":35,"key":"Block Potion"},{"floor":36,"key":"AttackPotion"},{"floor":37,"key":"GamblersBrew"}],"is_trial":false,"path_per_floor":["M","?","$","M","$","E","R","E","T","R","M","M","R","E","R","B",null,"M","$","?","M","M","R","M","E","T","?","R","M","R","E","R","B",null,"M","M","M","?","B",null],"character_chosen":"WATCHER","items_purchased":["White Beast Statue","Wallop","CutThroughFate","OrangePellets","Fasting2","Toolbox"],"campfire_rested":2,"item_purchase_floors":[3,5,5,19,19,19],"current_hp_per_floor":[61,61,61,59,59,41,41,40,40,40,36,34,34,32,32,9,54,35,35,35,37,39,39,32,8,8,8,30,30,52,51,51,27,65,65,47,49,49,22],"gold":255,"neow_bonus":"TWO_FIFTY_GOLD","is_daily":false,"chose_seed":false,"campfire_upgraded":6,"win_rate":0.0,"timestamp":1612973631,"path_taken":["M","?","$","M","$","E","R","E","T","R","M","M","R","E","R","BOSS","M","$","?","M","M","R","M","E","T","?","R","M","R","E","R","BOSS","M","M","M","?","BOSS"],"items_purchased_type":["Relic","Card","Card","Relic","Card","Relic"],"build_version":"2020-12-22","purchased_purges":1,"victory":true,"max_hp_per_floor":[62,62,62,62,62,62,62,69,69,69,69,69,69,69,69,69,69,69,69,69,71,73,73,75,75,75,75,75,75,75,77,77,77,77,79,81,83,83,83],"relic_stats":{"OrangePellets":[25],"Dream Catcher":0,"Happy Flower":[26],"Singing Bowl":14,"counters":[20,88],"Cursed Key":0,"obtain_stats":[{"Happy Flower":6,"Singing Bowl":14,"SacredBark":17,"TeardropLocket":25,"Cursed Key":34,"White Beast Statue":3,"Akabeko":9,"OrangePellets":19,"Dream Catcher":31,"Strawberry":8,"MutagenicStrength":20,"Toolbox":19,"Molten Egg 2":26,"PureWater":0},{"Happy Flower":3,"Singing Bowl":7,"SacredBark":8,"TeardropLocket":13,"Cursed Key":16,"White Beast Statue":1,"Akabeko":4,"OrangePellets":9,"Dream Catcher":15,"Strawberry":4,"MutagenicStrength":9,"Toolbox":9,"Molten Egg 2":13,"PureWater":0},{"Happy Flower":9,"Singing Bowl":22,"SacredBark":30,"TeardropLocket":46,"Cursed Key":60,"White Beast Statue":2,"Akabeko":14,"OrangePellets":33,"Dream Catcher":54,"Strawberry":14,"MutagenicStrength":33,"Toolbox":33,"Molten Egg 2":46,"PureWater":0}]},"card_choices":[{"not_picked":["SandsOfTime","FlurryOfBlows"],"picked":"Consecrate","floor":1.0},{"not_picked":["CrushJoints","Evaluate"],"picked":"PathToVictory","floor":4.0},{"not_picked":["PathToVictory","Pray"],"picked":"TalkToTheHand","floor":6.0},{"not_picked":["SignatureMove","ForeignInfluence","SashWhip"],"picked":"SKIP","floor":8.0},{"not_picked":["Brilliance","Halt"],"picked":"Protect","floor":11.0},{"not_picked":["SashWhip","ReachHeaven"],"picked":"JustLucky","floor":12.0},{"not_picked":["Evaluate","Collect"],"picked":"PathToVictory","floor":14.0},{"not_picked":["Omniscience","ConjureBlade"],"picked":"DeusExMachina","floor":16.0},{"not_picked":["ReachHeaven","ClearTheMind"],"picked":"PathToVictory+1","floor":18.0},{"not_picked":["FlurryOfBlows+1","Ragnarok","SashWhip"],"picked":"Singing Bowl","floor":21.0},{"not_picked":["Evaluate","Consecrate","CrushJoints"],"picked":"Singing Bowl","floor":22.0},{"not_picked":["Vengeance","Weave+1","SandsOfTime"],"picked":"Singing Bowl","floor":24.0},{"not_picked":["Indignation+1","Consecrate"],"picked":"Fasting2","floor":25.0},{"not_picked":["EmptyFist+1","Nirvana+1"],"picked":"ThirdEye","floor":29.0},{"not_picked":["PathToVictory","Study","DeceiveReality"],"picked":"Singing Bowl","floor":31.0},{"not_picked":["SpiritShield","Judgement"],"picked":"Vault","floor":33.0},{"not_picked":["ForeignInfluence","CarveReality+1","SashWhip+1"],"picked":"Singing Bowl","floor":35},{"not_picked":["Conclude+1","MentalFortress","Weave+1"],"picked":"Singing Bowl","floor":36},{"not_picked":["SignatureMove+1","Consecrate+1","Conclude+1"],"picked":"Singing Bowl","floor":37}],"player_experience":719782,"relics_obtained":[{"floor":6.0,"key":"Happy Flower"},{"floor":8.0,"key":"Strawberry"},{"floor":9.0,"key":"Akabeko"},{"floor":14.0,"key":"Singing Bowl"},{"floor":25.0,"key":"TeardropLocket"},{"floor":26.0,"key":"Molten Egg 2"},{"floor":31.0,"key":"Dream Catcher"}],"event_choices":[{"damage_healed":0.0,"max_hp_gain":0.0,"max_hp_loss":0.0,"gold_gain":175.0,"event_name":"Liars Game","player_choice":"AGREE","floor":2.0,"gold_loss":0.0,"damage_taken":0.0,"cards_obtained":["Doubt"]},{"damage_healed":0.0,"max_hp_gain":0.0,"max_hp_loss":0.0,"gold_gain":0.0,"event_name":"Drug Dealer","player_choice":"Inject Mutagens","floor":20.0,"gold_loss":0.0,"damage_taken":0.0,"relics_obtained":["MutagenicStrength"]},{"damage_healed":0.0,"max_hp_gain":0.0,"max_hp_loss":0.0,"gold_gain":0.0,"event_name":"Cursed Tome","player_choice":"Ignored","floor":27.0,"gold_loss":0.0,"damage_taken":0.0},{"damage_healed":0,"gold_gain":0,"player_choice":"Took Portal","damage_taken":0,"max_hp_gain":0,"max_hp_loss":0,"event_name":"SecretPortal","floor":38,"gold_loss":0}],"is_beta":false,"boss_relics":[{"not_picked":["Calling Bell","Fusion Hammer"],"picked":"SacredBark"},{"not_picked":["Black Star","Velvet Choker"],"picked":"Cursed Key"}],"items_purged_floors":[3],"is_endless":false,"potions_floor_spawned":[1,4,6,8,11,12,14,16,18,21,22,24,25,29,31,33,35,36,37],"ascension_level":14}}