{"host":"jt4xaqerixsfdsye","time":1612970536,"event":{"mods":["Astrologer","BaseMod","Clockwork Mod","Downfall","Gremlin Mod","Hermit","Jorbs\u0027s Wanderer Trilogy","Minty Spire (QoL Compilation)","StSLib","The Bug Knight","The Cursed","The Mystic"],"gold_per_floor":[115,115,134,150,165,165,21,38,38,48,48,60,73,91,91,191,191,201,161,189,204,244,244,254,254,254,254,43,62,8,26,26,124,124,143,157,9,20,38,38,52,52,52,52,52,67,67,67],"floor_reached":47,"language":"ENG","playtime":5300,"items_purged":[],"score":506,"play_id":"822e751f-f967-4f31-8a69-6c24fe65a70d","local_time":"20210210162216","is_ascension_mode":false,"campfire_choices":[{"data":"stsjorbsmod:ChainLightning","floor":6.0,"key":"SMITH"},{"data":"stsjorbsmod:MagicMirror","floor":11.0,"key":"SMITH"},{"floor":15.0,"key":"REST"},{"data":"stsjorbsmod:Pyromancy","floor":23.0,"key":"SMITH"},{"data":"stsjorbsmod:Mindworm","floor":25.0,"key":"SMITH"},{"floor":27.0,"key":"REST"},{"floor":32.0,"key":"REST"},{"data":"Sadistic Nature","floor":40,"key":"SMITH"},{"data":"stsjorbsmod:Fireball","floor":42,"key":"SMITH"},{"data":"stsjorbsmod:Channel","floor":44,"key":"SMITH"}],"circlet_count":0,"master_deck":["stsjorbsmod:ForbiddenGrimoire+1","stsjorbsmod:FreshAdventure","stsjorbsmod:EyeOfTheStorm","stsjorbsmod:ChainLightning+1","stsjorbsmod:AnimateObjects","stsjorbsmod:Prepare","stsjorbsmod:ColorSpray","stsjorbsmod:ArcaneWeapon","stsjorbsmod:Channel+1","stsjorbsmod:WanderingMind","stsjorbsmod:MagicMirror+1","stsjorbsmod:Inferno","stsjorbsmod:FracturedMind","stsjorbsmod:ChainLightning","stsjorbsmod:SchoolsOfMagic","stsjorbsmod:Entangle","stsjorbsmod:Firebolt","stsjorbsmod:Mindworm+1","stsjorbsmod:Pyromancy+1","stsjorbsmod:Prepare","stsjorbsmod:DoubleCheck+1","stsjorbsmod:SmithingStrike","stsjorbsmod:ChatteringStrike","stsjorbsmod:LocateObject","stsjorbsmod:ArcaneWeapon+1","stsjorbsmod:MageArmor","stsjorbsmod:Prestidigitation","stsjorbsmod:BurningFlask+1","stsjorbsmod:FlameWard+1","Sadistic Nature+1","stsjorbsmod:BlackTentacles","stsjorbsmod:FranticSearch+1","stsjorbsmod:Firebolt","stsjorbsmod:ArcaneWeapon","stsjorbsmod:Fireball+1","stsjorbsmod:WeightOfMemory+1","stsjorbsmod:Rest+1","stsjorbsmod:TollTheDead","stsjorbsmod:MagicMirror","stsjorbsmod:DisguiseSelf+1","stsjorbsmod:ChatteringStrike+1","stsjorbsmod:LoseGrip+1","Parasite","stsjorbsmod:DeathThroes","stsjorbsmod:Materialize+1"],"relics":["stsjorbsmod:GrimoireRelic","NeowsBlessing","Kunai","Pandora\u0027s Box","Meat on the Bone","Sozu","Question Card"],"acts_visited":["Exordium","TheCity","TheBeyond"],"potions_floor_usage":[],"damage_taken":[{"damage":0.0,"enemies":"2 Louse","floor":1.0,"turns":1.0},{"damage":0.0,"enemies":"Cultist","floor":3.0,"turns":1.0},{"damage":0.0,"enemies":"Small Slimes","floor":4.0,"turns":1.0},{"damage":25.0,"enemies":"Gremlin Gang","floor":5.0,"turns":3.0},{"damage":0.0,"enemies":"Lots of Slimes","floor":8.0,"turns":1.0},{"damage":8.0,"enemies":"Large Slime","floor":10.0,"turns":5.0},{"damage":18.0,"enemies":"Exordium Thugs","floor":12.0,"turns":5.0},{"damage":7.0,"enemies":"Red Slaver","floor":13.0,"turns":4.0},{"damage":5.0,"enemies":"Blue Slaver","floor":14.0,"turns":4.0},{"damage":0.0,"enemies":"Slime Boss","floor":16.0,"turns":6.0},{"damage":20.0,"enemies":"3 Byrds","floor":18.0,"turns":6.0},{"damage":5.0,"enemies":"Chosen","floor":20.0,"turns":4.0},{"damage":12.0,"enemies":"Centurion and Healer","floor":21.0,"turns":5.0},{"damage":14.0,"enemies":"Chosen and Byrds","floor":22.0,"turns":5.0},{"damage":0.0,"enemies":"Snecko","floor":24.0,"turns":5.0},{"damage":28.0,"enemies":"Snake Plant","floor":29.0,"turns":4.0},{"damage":33.0,"enemies":"Shelled Parasite and Fungi","floor":31.0,"turns":5.0},{"damage":25.0,"enemies":"Collector","floor":33.0,"turns":7.0},{"damage":10,"enemies":"3 Shapes","floor":35,"turns":2},{"damage":16,"enemies":"Orb Walker","floor":36,"turns":3},{"damage":16,"enemies":"4 Shapes","floor":38,"turns":3},{"damage":12,"enemies":"Jaw Worm Horde","floor":39,"turns":3},{"damage":16,"enemies":"Sphere and 2 Shapes","floor":41,"turns":6},{"damage":16,"enemies":"Writhing Mass","floor":45,"turns":4},{"damage":4,"enemies":"3 Darklings","floor":46,"turns":3},{"damage":70,"enemies":"Nemesis","floor":47,"turns":4}],"seed_played":"-359322761764772242","potions_obtained":[{"floor":1.0,"key":"stsjorbsmod:BurningPotion"},{"floor":4.0,"key":"stsjorbsmod:LiquidClarity"},{"floor":10.0,"key":"Strength Potion"},{"floor":13.0,"key":"SmokeBomb"},{"floor":14.0,"key":"stsjorbsmod:BurningPotion"},{"floor":16.0,"key":"Block Potion"},{"floor":18.0,"key":"Regen Potion"},{"floor":21.0,"key":"Swift Potion"},{"floor":22.0,"key":"SkillPotion"},{"floor":31.0,"key":"FearPotion"}],"is_trial":false,"path_per_floor":["M","?","M","M","M","R","$","M","T","M","R","M","M","M","R","B",null,"M","?","M","M","M","R","M","R","T","R","$","M","$","M","R","B",null,"M","M","$","M","M","R","M","R","T","R","M","M","E"],"character_chosen":"WANDERER","items_purchased":["stsjorbsmod:ArcaneWeapon","stsjorbsmod:Channel","stsjorbsmod:WanderingMind","Sadistic Nature","stsjorbsmod:BlackTentacles","stsjorbsmod:Firebolt","stsjorbsmod:TollTheDead","stsjorbsmod:MagicMirror"],"campfire_rested":3,"item_purchase_floors":[7,7,7,28,28,30,37,37],"current_hp_per_floor":[68,68,68,68,44,44,44,55,55,48,48,31,27,23,47,50,80,61,61,66,55,42,42,43,43,43,67,67,53,53,33,57,46,80,72,58,58,42,43,43,41,41,41,41,38,47,0,0],"gold":67,"neow_bonus":"THREE_ENEMY_KILL","is_daily":false,"chose_seed":false,"campfire_upgraded":7,"win_rate":0.0,"timestamp":1612970536,"path_taken":["M","?","M","?","M","R","$","M","T","M","R","M","M","M","R","BOSS","M","?","M","M","?","R","?","R","T","R","$","M","?","M","R","BOSS","M","M","$","M","M","R","M","R","T","R","M","M","E"],"items_purchased_type":["Card","Card","Card","Card","Card","Card","Card","Card"],"build_version":"2020-12-22","purchased_purges":0,"victory":false,"max_hp_per_floor":[68,68,68,68,68,68,68,78,78,78,78,78,80,80,80,80,80,80,80,80,80,80,80,80,80,80,80,80,80,80,80,80,80,80,80,80,80,80,80,80,80,80,80,80,80,80,80,80],"card_choices":[{"not_picked":["stsjorbsmod:Will","stsjorbsmod:Mania"],"picked":"stsjorbsmod:ChainLightning","floor":1.0},{"not_picked":["stsjorbsmod:DisguiseSelf","stsjorbsmod:Firebolt"],"picked":"stsjorbsmod:AnimateObjects","floor":3.0},{"not_picked":["stsjorbsmod:BlackTentacles","stsjorbsmod:UnseenServant"],"picked":"stsjorbsmod:Prepare","floor":4.0},{"not_picked":["stsjorbsmod:PurgeMind","stsjorbsmod:Hibernate"],"picked":"stsjorbsmod:ColorSpray","floor":5.0},{"not_picked":["stsjorbsmod:SchoolsOfMagic","stsjorbsmod:RefuseToForget"],"picked":"stsjorbsmod:MagicMirror","floor":8.0},{"not_picked":["stsjorbsmod:Thorns","stsjorbsmod:Rest"],"picked":"stsjorbsmod:Inferno","floor":10.0},{"not_picked":["stsjorbsmod:LocateObject","stsjorbsmod:ChatteringStrike"],"picked":"stsjorbsmod:FracturedMind","floor":12.0},{"not_picked":["stsjorbsmod:Hibernate","stsjorbsmod:AnimateObjects"],"picked":"stsjorbsmod:ChainLightning","floor":13.0},{"not_picked":["stsjorbsmod:Hibernate","stsjorbsmod:MagicMissiles"],"picked":"stsjorbsmod:SchoolsOfMagic","floor":14.0},{"not_picked":["stsjorbsmod:PurgeMind","stsjorbsmod:Trauma"],"picked":"stsjorbsmod:Entangle","floor":16.0},{"not_picked":["stsjorbsmod:FracturedMind+1","stsjorbsmod:Materialize"],"picked":"stsjorbsmod:ArcaneWeapon+1","floor":18.0},{"not_picked":["stsjorbsmod:LocateObject+1","stsjorbsmod:BurningFlask"],"picked":"stsjorbsmod:MageArmor","floor":20.0},{"not_picked":["stsjorbsmod:Rest","stsjorbsmod:SmithingStrike"],"picked":"stsjorbsmod:Prestidigitation","floor":21.0},{"not_picked":["stsjorbsmod:Prestidigitation","stsjorbsmod:ChatteringStrike+1"],"picked":"stsjorbsmod:BurningFlask+1","floor":22.0},{"not_picked":["stsjorbsmod:TinyHut","stsjorbsmod:Prepare"],"picked":"stsjorbsmod:FlameWard+1","floor":24.0},{"not_picked":["stsjorbsmod:DisguiseSelf+1","stsjorbsmod:Hibernate"],"picked":"stsjorbsmod:FranticSearch+1","floor":29.0},{"not_picked":["stsjorbsmod:MagicMissiles","stsjorbsmod:FracturedMind"],"picked":"stsjorbsmod:ArcaneWeapon","floor":31.0},{"not_picked":["stsjorbsmod:CorrodingBarrier","stsjorbsmod:Trauma"],"picked":"stsjorbsmod:Fireball","floor":33.0},{"not_picked":["stsjorbsmod:Firebolt+1","stsjorbsmod:FaerieFire+1"],"picked":"stsjorbsmod:WeightOfMemory+1","floor":35},{"not_picked":["stsjorbsmod:RefuseToForget","stsjorbsmod:MagicMissiles"],"picked":"stsjorbsmod:Rest+1","floor":36},{"not_picked":["stsjorbsmod:WeightOfMemory","stsjorbsmod:ChainLightning+1"],"picked":"stsjorbsmod:DisguiseSelf+1","floor":38},{"not_picked":["stsjorbsmod:Hurt+1","stsjorbsmod:Message"],"picked":"stsjorbsmod:ChatteringStrike+1","floor":39},{"not_picked":["stsjorbsmod:Firebolt+1","stsjorbsmod:Hibernate"],"picked":"stsjorbsmod:LoseGrip+1","floor":41},{"not_picked":["stsjorbsmod:TrueStrike","stsjorbsmod:Patron","stsjorbsmod:LocateObject"],"picked":"stsjorbsmod:DeathThroes","floor":45},{"not_picked":["stsjorbsmod:Aid+1","stsjorbsmod:Message+1","stsjorbsmod:BlackTentacles+1"],"picked":"stsjorbsmod:Materialize+1","floor":46}],"player_experience":209217,"relics_obtained":[{"floor":9.0,"key":"Kunai"},{"floor":26.0,"key":"Meat on the Bone"},{"floor":43,"key":"Question Card"}],"event_choices":[{"damage_healed":0.0,"max_hp_gain":0.0,"max_hp_loss":0.0,"gold_gain":0.0,"event_name":"Wheel of Change","player_choice":"Full Heal","floor":2.0,"gold_loss":0.0,"damage_taken":0.0},{"damage_healed":0.0,"max_hp_gain":0.0,"max_hp_loss":0.0,"gold_gain":0.0,"event_name":"Designer","player_choice":"Upgrade","floor":19.0,"gold_loss":40.0,"damage_taken":0.0,"cards_upgraded":["stsjorbsmod:DoubleCheck"]}],"is_beta":false,"boss_relics":[{"not_picked":["Black Star","Ectoplasm"],"picked":"Pandora\u0027s Box"},{"not_picked":["Fusion Hammer","Snecko Eye"],"picked":"Sozu"}],"items_purged_floors":[],"is_endless":false,"potions_floor_spawned":[1,4,10,13,14,16,18,21,22,31,41,46],"killed_by":"Nemesis","ascension_level":0}}