{"host":"4gr5irrdjh39ysed","time":1612920562,"event":{"mods":["AchievementEnabler","BaseMod","Colored Map","Downfall","Hermit","Minty Spire (QoL Compilation)","Random Character Button","StSLib","The Construct","The Cursed","The Disciple","The Hierophant","The Mystic","The Necromancer","The Runesmith"],"gold_per_floor":[116,134,148,73,89,123,107,133,133,233,246,10,24,42,42,116,116,135,154,54,54,66,101,101,118,118,118,118,149,149,163,163,240,240,256,266,266,291,291,291,310,343,366,378,411,411,446,464,464,464,464,464,150,180,180],"floor_reached":56,"language":"ENG","playtime":3319,"items_purged":["Defend_B","Defend_B","Defend_B"],"score":2089,"play_id":"c56f1e89-ce72-495e-8715-9eba2a39e98f","local_time":"20210209182922","is_ascension_mode":true,"campfire_choices":[{"floor":15,"key":"RECALL"},{"data":"Sunder","floor":24,"key":"SMITH"},{"data":"All For One","floor":28,"key":"SMITH"},{"data":"Blizzard","floor":30,"key":"SMITH"},{"data":"Rainbow","floor":32,"key":"SMITH"},{"data":"Barrage","floor":40,"key":"SMITH"},{"data":"Cold Snap","floor":46,"key":"SMITH"},{"data":"Fission","floor":49,"key":"SMITH"},{"data":"Creative AI","floor":52,"key":"SMITH"}],"circlet_count":0,"master_deck":["AscendersBane","Strike_B","Strike_B","Strike_B","Strike_B","Defend_B","Zap","Dualcast","Mind Blast","Chill","FTL","Barrage+1","Cold Snap+1","Rainbow+1","Capacitor","Fusion","Sunder+1","Ball Lightning","Beam Cell","All For One+1","Blizzard+1","Cold Snap","Blizzard+1","Rainbow","Coolheaded","Creative AI+1","Rainbow","Madness","Madness","Cold Snap","Fission+1","Cold Snap","Doom and Gloom"],"relics":["Cracked Core","Singing Bowl","Blood Vial","Boot","Snecko Eye","Centennial Puzzle","Art of War","Letter Opener","Sozu","Turnip","Bottled Tornado","Regal Pillow","DataDisk","Ancient Tea Set","Akabeko","Gremlin Horn"],"acts_visited":["Exordium","TheCity","TheBeyond","TheEnding"],"potions_floor_usage":[6,8,16,23,29],"damage_taken":[{"damage":6,"enemies":"Cultist","floor":1,"turns":3},{"damage":12,"enemies":"Jaw Worm","floor":2,"turns":4},{"damage":0,"enemies":"Small Slimes","floor":3,"turns":3},{"damage":15,"enemies":"3 Louse","floor":5,"turns":3},{"damage":26,"enemies":"Gremlin Nob","floor":6,"turns":4},{"damage":23,"enemies":"Exordium Thugs","floor":7,"turns":4},{"damage":27,"enemies":"3 Sentries","floor":8,"turns":7},{"damage":16,"enemies":"Lots of Slimes","floor":11,"turns":4},{"damage":15,"enemies":"2 Fungi Beasts","floor":13,"turns":3},{"damage":8,"enemies":"3 Louse","floor":14,"turns":2},{"damage":83,"enemies":"The Guardian","floor":16,"turns":9},{"damage":34,"enemies":"Shell Parasite","floor":18,"turns":5},{"damage":4,"enemies":"Spheric Guardian","floor":19,"turns":3},{"damage":13,"enemies":"Chosen and Byrds","floor":22,"turns":4},{"damage":31,"enemies":"Gremlin Leader","floor":23,"turns":5},{"damage":61,"enemies":"Shelled Parasite and Fungi","floor":25,"turns":5},{"damage":23,"enemies":"Book of Stabbing","floor":29,"turns":3},{"damage":0,"enemies":"3 Cultists","floor":31,"turns":3},{"damage":120,"enemies":"Champ","floor":33,"turns":10},{"damage":25,"enemies":"3 Shapes","floor":35,"turns":3},{"damage":28,"enemies":"Orb Walker","floor":36,"turns":3},{"damage":20,"enemies":"Mind Bloom Boss Battle","floor":38,"turns":7},{"damage":35,"enemies":"Spire Growth","floor":41,"turns":4},{"damage":146,"enemies":"Giant Head","floor":42,"turns":9},{"damage":41,"enemies":"Transient","floor":44,"turns":5},{"damage":16,"enemies":"Reptomancer","floor":45,"turns":4},{"damage":79,"enemies":"Giant Head","floor":47,"turns":9},{"damage":5,"enemies":"3 Darklings","floor":48,"turns":3},{"damage":160,"enemies":"Time Eater","floor":50,"turns":11},{"damage":206,"enemies":"Shield and Spear","floor":54,"turns":8},{"damage":332,"enemies":"The Heart","floor":55,"turns":11}],"seed_played":"-75309469973395562","potions_obtained":[{"floor":1,"key":"Guardian:BlockOnCardUsePotion"},{"floor":5,"key":"Guardian:BlockOnCardUsePotion"},{"floor":6,"key":"hexamod:SoulburnPotion"},{"floor":13,"key":"construct:ShiftPotion"},{"floor":22,"key":"SkillPotion"},{"floor":23,"key":"DuplicationPotion"}],"is_trial":false,"path_per_floor":["M","M","M","$","M","E","M","E","T","?","M","$","M","M","R","B",null,"M","M","$","?","M","E","R","M","T","$","R","E","R","M","R","B",null,"M","M","?","?","?","R","M","E","T","M","E","R","E","M","R","B",null,"R","$","E","B",null],"character_chosen":"DEFECT","items_purchased":["Sunder","Boot","Cold Snap","Akabeko"],"campfire_rested":0,"item_purchase_floors":[12,12,53,53],"current_hp_per_floor":[2058,2046,2046,2046,2031,2005,1982,1955,1955,1955,1941,1941,1928,1922,1922,1841,2014,1982,1980,1980,1260,1249,1220,1220,1161,1161,1161,1161,1142,1142,1144,1144,1026,1815,1794,1768,1394,1378,1378,1378,1345,1203,1203,1166,1154,1154,1077,1076,1076,918,1797,1797,1797,1593,1263],"gold":180,"neow_bonus":"RANDOM_COLORLESS","is_daily":false,"chose_seed":false,"campfire_upgraded":8,"win_rate":0.0,"timestamp":1612920562,"path_taken":["M","?","M","$","M","E","?","E","T","?","M","$","M","?","R","BOSS","M","?","$","?","M","E","R","M","T","$","R","E","R","M","R","BOSS","M","M","?","?","?","R","?","E","T","M","E","R","E","?","R","BOSS","R","$","E","BOSS"],"items_purchased_type":["Card","Relic","Card","Relic"],"build_version":"2020-12-22","purchased_purges":3,"victory":true,"max_hp_per_floor":[2071,2071,2071,2071,2071,2071,2071,2071,2071,2071,2071,2071,2071,2071,2071,2071,2071,2071,2071,2071,2076,2076,2076,2076,2076,2076,2076,2076,2078,2078,2078,2078,2078,2078,2080,2080,2080,2082,2082,2082,2082,2084,2084,2086,2088,2088,2088,2090,2090,2090,2090,2090,2090,2090,2090],"card_choices":[{"not_picked":["Deep Breath","Jack Of All Trades"],"picked":"Mind Blast","floor":0},{"not_picked":["Ball Lightning","Storm"],"picked":"Chill","floor":1},{"not_picked":["Auto Shields","Tempest"],"picked":"FTL","floor":2},{"not_picked":["Steam Power","Static Discharge"],"picked":"Barrage","floor":3},{"not_picked":["Steam","Compile Driver"],"picked":"Cold Snap","floor":5},{"not_picked":["Leap","Consume"],"picked":"Rainbow","floor":6},{"not_picked":["Steam","Barrage"],"picked":"Redo","floor":7},{"not_picked":["Hologram","Doom and Gloom"],"picked":"Capacitor","floor":8},{"not_picked":["Gash","Go for the Eyes"],"picked":"Fusion","floor":11},{"not_picked":["Static Discharge","Steam"],"picked":"Ball Lightning","floor":13},{"not_picked":["Stack","Gash"],"picked":"Beam Cell","floor":14},{"not_picked":["Hyperbeam","Thunder Strike"],"picked":"All For One","floor":16},{"not_picked":["Redo","Gash"],"picked":"Blizzard+1","floor":18},{"not_picked":["Redo","Go for the Eyes"],"picked":"Cold Snap","floor":19},{"not_picked":["Steam Power","Scrape","Leap"],"picked":"SKIP","floor":22},{"not_picked":["Sweeping Beam","Turbo"],"picked":"Blizzard","floor":23},{"not_picked":["Hologram","Glacier"],"picked":"Rainbow","floor":25},{"not_picked":["Compile Driver","Tempest","Steam"],"picked":"Singing Bowl","floor":29},{"not_picked":["Ball Lightning","Doom and Gloom"],"picked":"Coolheaded","floor":31},{"not_picked":["Seek","Amplify"],"picked":"Creative AI","floor":33},{"not_picked":["Conserve Battery+1","FTL+1","Ball Lightning+1"],"picked":"Singing Bowl","floor":35},{"not_picked":["Barrage+1","Reinforced Body"],"picked":"Rainbow","floor":36},{"not_picked":["Ball Lightning","Stack","Hologram"],"picked":"Singing Bowl","floor":38},{"not_picked":["Ball Lightning","Barrage"],"picked":"Cold Snap","floor":41},{"not_picked":["Gash","Streamline","Leap"],"picked":"Singing Bowl","floor":42},{"not_picked":["Glacier+1","Redo+1","Leap"],"picked":"Singing Bowl","floor":44},{"not_picked":["Go for the Eyes","Hologram","Stack"],"picked":"Singing Bowl","floor":45},{"not_picked":["Ball Lightning","Rebound"],"picked":"Fission","floor":47},{"not_picked":["Compile Driver+1","Loop","Ball Lightning"],"picked":"Singing Bowl","floor":48},{"not_picked":["Capacitor","Stack+1"],"picked":"Doom and Gloom","floor":54}],"player_experience":339076,"relics_obtained":[{"floor":6,"key":"Singing Bowl"},{"floor":8,"key":"Blood Vial"},{"floor":23,"key":"Centennial Puzzle"},{"floor":26,"key":"Art of War"},{"floor":29,"key":"Letter Opener"},{"floor":38,"key":"Turnip"},{"floor":42,"key":"Bottled Tornado"},{"floor":43,"key":"Regal Pillow"},{"floor":45,"key":"DataDisk"},{"floor":47,"key":"Ancient Tea Set"},{"floor":54,"key":"Gremlin Horn"}],"event_choices":[{"damage_healed":0,"gold_gain":100,"player_choice":"Gold","damage_taken":0,"max_hp_gain":0,"max_hp_loss":0,"event_name":"Wheel of Change","floor":10,"gold_loss":0},{"damage_healed":0,"gold_gain":0,"player_choice":"Shed Blood","damage_taken":725,"max_hp_gain":5,"max_hp_loss":0,"event_name":"Forgotten Altar","floor":21,"gold_loss":0},{"damage_healed":0,"gold_gain":0,"player_choice":"Embrace Madness","damage_taken":374,"max_hp_gain":0,"max_hp_loss":0,"event_name":"Winding Halls","floor":37,"gold_loss":0,"cards_obtained":["Madness","Madness"]},{"damage_healed":0,"gold_gain":0,"player_choice":"Fight","damage_taken":0,"max_hp_gain":0,"max_hp_loss":0,"event_name":"MindBloom","floor":38,"gold_loss":0},{"cards_removed":["Redo"],"damage_healed":0,"gold_gain":0,"player_choice":"Removed Skill","damage_taken":0,"max_hp_gain":0,"max_hp_loss":0,"event_name":"Falling","floor":39,"gold_loss":0}],"is_beta":false,"boss_relics":[{"not_picked":["FrozenCore","Fusion Hammer"],"picked":"Snecko Eye"},{"not_picked":["Busted Crown","Runic Dome"],"picked":"Sozu"}],"items_purged_floors":[4,20,53],"is_endless":false,"potions_floor_spawned":[1,5,6,13,22,23,25,36,38,45,47],"ascension_level":16}}