{"host":"0kk91h4bq4kgfj0u","time":1612986137,"event":{"mods":["BaseMod","Bestiary","Block Reminder","Colored Map","Colored Powertips","Curses Come First","Highlight Path","Minty Spire (QoL Compilation)","Relic Stats","StSLib"],"gold_per_floor":[112,187,205,220,231,260,260,24,24,50,50,106,106,118,118,223,223,241,340,122,134,134,134],"floor_reached":22,"language":"ENG","playtime":891,"items_purged":[],"score":281,"play_id":"c8bb4caf-4ef2-461f-925f-47b07d7964b5","local_time":"20210210144217","is_ascension_mode":true,"campfire_choices":[{"floor":7,"key":"REST"},{"floor":11,"key":"REST"},{"data":"Berserk","floor":13,"key":"SMITH"},{"data":"Inflame","floor":15,"key":"SMITH"}],"circlet_count":0,"master_deck":["Strike_R","Strike_R","Strike_R","Strike_R","Strike_R","Defend_R","Defend_R","Defend_R","Defend_R","Bash","Madness","Thunderclap","Wild Strike","Fire Breathing","Berserk+1","Inflame+1","Flex","Body Slam","Feed","Shrug It Off","Spot Weakness","Iron Wave","Reckless Charge"],"relics":["Burning Blood","Juzu Bracelet","Bronze Scales","Eternal Feather","Kunai"],"acts_visited":["Exordium","TheCity"],"potions_floor_usage":[16,22,22],"damage_taken":[{"damage":11.0,"enemies":"Jaw Worm","floor":1.0,"turns":5.0},{"damage":1,"enemies":"Cultist","floor":3,"turns":3},{"damage":0,"enemies":"Small Slimes","floor":4,"turns":3},{"damage":16,"enemies":"2 Fungi Beasts","floor":5,"turns":3},{"damage":40,"enemies":"3 Sentries","floor":6,"turns":6},{"damage":37,"enemies":"Gremlin Nob","floor":10,"turns":4},{"damage":21,"enemies":"Lots of Slimes","floor":14,"turns":3},{"damage":50,"enemies":"Hexaghost","floor":16,"turns":9},{"damage":46,"enemies":"Spheric Guardian","floor":18,"turns":6},{"damage":26,"enemies":"Shell Parasite","floor":21,"turns":6},{"damage":12,"enemies":"Snake Plant","floor":22,"turns":1}],"seed_played":"-3256480028579596698","potions_obtained":[{"floor":10,"key":"DuplicationPotion"},{"floor":14,"key":"BloodPotion"}],"is_trial":false,"path_per_floor":["M","?","M","M","M","E","R","$","T","E","R","?","R","M","R","B",null,"M","?","$","M","M"],"character_chosen":"IRONCLAD","items_purchased":["Bronze Scales","Inflame","Spot Weakness","Iron Wave","Block Potion","Explosive Potion"],"campfire_rested":2,"item_purchase_floors":[8,8,20,20,20,20],"current_hp_per_floor":[67,59,64,70,60,26,50,50,50,19,52,52,61,46,55,27,67,27,27,27,7,0,0],"gold":134,"neow_bonus":"RANDOM_COLORLESS","is_daily":false,"chose_seed":false,"campfire_upgraded":2,"win_rate":0.0,"timestamp":1612986137,"path_taken":["M","?","?","M","M","E","R","$","T","E","R","?","R","M","R","BOSS","M","?","$","M","M"],"items_purchased_type":["Relic","Card","Card","Card","Potion","Potion"],"build_version":"2020-12-22","purchased_purges":0,"victory":false,"max_hp_per_floor":[80,80,80,80,80,80,80,80,80,80,80,80,80,80,80,80,80,80,80,80,80,80,80],"relic_stats":{"counters":[11,49],"Bronze Scales":[93],"Eternal Feather":27,"Juzu Bracelet":0,"Kunai":[3],"obtain_stats":[{"Bronze Scales":8,"Eternal Feather":9,"Juzu Bracelet":6,"Kunai":10,"Burning Blood":0},{"Bronze Scales":5,"Eternal Feather":5,"Juzu Bracelet":5,"Kunai":6,"Burning Blood":0},{"Bronze Scales":20,"Eternal Feather":20,"Juzu Bracelet":20,"Kunai":24,"Burning Blood":0}],"Burning Blood":60},"card_choices":[{"not_picked":["Dramatic Entrance","Discovery"],"picked":"Madness","floor":0.0},{"not_picked":["Body Slam","Cleave"],"picked":"Thunderclap","floor":1.0},{"not_picked":["Evolve","Cleave"],"picked":"Wild Strike","floor":3},{"not_picked":["Entrench","Burning Pact","True Grit"],"picked":"SKIP","floor":4},{"not_picked":["Carnage","Rupture"],"picked":"Fire Breathing","floor":5},{"not_picked":["Dual Wield","Reckless Charge"],"picked":"Berserk","floor":6},{"not_picked":["Iron Wave","Clash"],"picked":"Flex","floor":10},{"not_picked":["Havoc","Thunderclap"],"picked":"Body Slam","floor":14},{"not_picked":["Exhume","Limit Break"],"picked":"Feed","floor":16},{"not_picked":["Intimidate","Armaments"],"picked":"Shrug It Off","floor":18},{"not_picked":["Whirlwind","Sentinel"],"picked":"Reckless Charge","floor":21}],"player_experience":871297,"relics_obtained":[{"floor":6,"key":"Juzu Bracelet"},{"floor":9,"key":"Eternal Feather"},{"floor":10,"key":"Kunai"}],"event_choices":[{"damage_healed":0,"gold_gain":75,"player_choice":"Touch","damage_taken":8,"max_hp_gain":0,"max_hp_loss":0,"event_name":"FaceTrader","floor":2,"gold_loss":0},{"damage_healed":0,"gold_gain":56,"player_choice":"Gained Gold","damage_taken":0,"max_hp_gain":0,"max_hp_loss":0,"event_name":"Golden Wing","floor":12,"gold_loss":0},{"damage_healed":0,"gold_gain":99,"player_choice":"Stole From Cult","damage_taken":0,"max_hp_gain":0,"max_hp_loss":0,"event_name":"Nest","floor":19,"gold_loss":0}],"is_beta":false,"boss_relics":[{"not_picked":["Fusion Hammer","Velvet Choker","Empty Cage"]}],"items_purged_floors":[],"is_endless":false,"potions_floor_spawned":[10,14,21],"killed_by":"Snake Plant","ascension_level":9}}