{"host":"6azrrw3tf7wb0f4b","time":1612959264,"event":{"mods":["BaseMod","DeckTracker","Minty Spire (QoL Compilation)","SuperFastMode"],"gold_per_floor":[113,113,128,146,166,166,176,176,225,225,225,240,240,240,240,314,314,324,85,10,10,10,10,25,45,45,45,2,2,36,56,56,56,56],"floor_reached":33,"language":"KOR","playtime":653,"items_purged":["Strike_B"],"score":459,"play_id":"38e34464-9928-4587-b6a2-95b794fa4a7b","local_time":"20210210211424","is_ascension_mode":true,"campfire_choices":[{"data":"Doom and Gloom","floor":6,"key":"SMITH"},{"data":"Coolheaded","floor":8,"key":"SMITH"},{"data":"Zap","floor":10,"key":"SMITH"},{"data":"Go for the Eyes","floor":13,"key":"SMITH"},{"data":"Compile Driver","floor":15,"key":"SMITH"},{"data":"Echo Form","floor":23,"key":"SMITH"},{"data":"Hologram","floor":27,"key":"SMITH"},{"data":"Defragment","floor":29,"key":"SMITH"},{"floor":32,"key":"REST"}],"circlet_count":0,"master_deck":["AscendersBane","Defend_B","Defend_B+1","Defend_B","Zap+1","Dualcast+1","Self Repair","Cold Snap","Sweeping Beam","Go for the Eyes+1","Doom and Gloom+1","Coolheaded+1","Compile Driver+1","Stack+1","Echo Form+1","Genetic Algorithm+1","Coolheaded","Hologram+1","Turbo","Conserve Battery+1","Defragment+1","Redo","Ball Lightning"],"relics":["FrozenCore","Omamori","War Paint","Question Card","Gremlin Horn"],"acts_visited":["Exordium","TheCity"],"potions_floor_usage":[30,30],"damage_taken":[{"damage":13,"enemies":"Jaw Worm","floor":1,"turns":4},{"damage":3,"enemies":"Cultist","floor":3,"turns":4},{"damage":7,"enemies":"Small Slimes","floor":4,"turns":4},{"damage":3,"enemies":"Looter","floor":5,"turns":4},{"damage":11,"enemies":"3 Louse","floor":7,"turns":3},{"damage":0,"enemies":"2 Fungi Beasts","floor":12,"turns":3},{"damage":34,"enemies":"The Guardian","floor":16,"turns":11},{"damage":9,"enemies":"Chosen","floor":18,"turns":5},{"damage":10,"enemies":"Spheric Guardian","floor":24,"turns":6},{"damage":13,"enemies":"Centurion and Healer","floor":25,"turns":8},{"damage":12,"enemies":"Slavers","floor":30,"turns":7},{"damage":22,"enemies":"Cultist and Chosen","floor":31,"turns":6},{"damage":54,"enemies":"Champ","floor":33,"turns":10}],"seed_played":"-1437391463135996601","potions_obtained":[{"floor":5,"key":"SpeedPotion"},{"floor":7,"key":"CultistPotion"},{"floor":16,"key":"Energy Potion"},{"floor":30,"key":"Ancient Potion"}],"is_trial":false,"path_per_floor":["M","?","M","M","M","R","M","R","T","R","?","M","R","?","R","B",null,"M","$","?","?","?","R","M","M","T","R","$","R","E","M","R","B"],"character_chosen":"DEFECT","items_purchased":["War Paint","Defragment"],"campfire_rested":1,"item_purchase_floors":[19,28],"current_hp_per_floor":[58,58,62,62,66,66,62,62,62,62,67,74,74,74,74,47,69,74,74,74,74,52,52,49,43,43,43,43,43,38,23,47,0,0],"gold":56,"neow_bonus":"THREE_CARDS","is_daily":false,"chose_seed":false,"campfire_upgraded":8,"win_rate":0.0,"timestamp":1612959264,"path_taken":["M","?","?","M","M","R","M","R","T","R","?","M","R","?","R","BOSS","M","$","?","?","?","R","M","M","T","R","?","R","E","M","R","BOSS"],"items_purchased_type":["Relic","Card"],"build_version":"2020-12-22","purchased_purges":1,"victory":false,"max_hp_per_floor":[71,71,71,71,71,71,71,71,71,71,76,76,76,76,76,76,76,76,76,76,76,81,81,81,81,81,81,81,81,81,81,81,81,81],"card_choices":[{"not_picked":["Beam Cell","Leap"],"picked":"Self Repair","floor":0},{"not_picked":["Stack","Auto Shields"],"picked":"Cold Snap","floor":1},{"not_picked":["Conserve Battery","Barrage"],"picked":"Sweeping Beam","floor":3},{"not_picked":["Leap","Barrage"],"picked":"Go for the Eyes","floor":4},{"not_picked":["Turbo","BootSequence"],"picked":"Doom and Gloom","floor":5},{"not_picked":["Beam Cell","Lockon"],"picked":"Coolheaded","floor":7},{"not_picked":["Force Field","Gash"],"picked":"Compile Driver","floor":12},{"not_picked":["Thunder Strike","Machine Learning"],"picked":"Echo Form","floor":16},{"not_picked":["Gash","Streamline"],"picked":"Genetic Algorithm+1","floor":18},{"not_picked":["FTL","Genetic Algorithm"],"picked":"Turbo","floor":24},{"not_picked":["Sweeping Beam","Gash"],"picked":"Conserve Battery+1","floor":25},{"not_picked":["Double Energy","Sunder","Hologram"],"picked":"Redo","floor":30},{"not_picked":["Rip and Tear","Beam Cell","Static Discharge"],"picked":"Ball Lightning","floor":31}],"player_experience":768166,"relics_obtained":[{"floor":9,"key":"Omamori"},{"floor":26,"key":"Question Card"},{"floor":30,"key":"Gremlin Horn"}],"event_choices":[{"damage_healed":0,"gold_gain":0,"player_choice":"Forge","damage_taken":0,"max_hp_gain":0,"max_hp_loss":0,"event_name":"Accursed Blacksmith","floor":2,"gold_loss":0,"cards_upgraded":["Dualcast"]},{"damage_healed":0,"gold_gain":0,"player_choice":"Donut","damage_taken":0,"max_hp_gain":5,"max_hp_loss":0,"event_name":"Big Fish","floor":11,"gold_loss":0},{"damage_healed":0,"gold_gain":0,"cards_transformed":["Strike_B"],"player_choice":"Change","damage_taken":0,"max_hp_gain":0,"max_hp_loss":0,"event_name":"Living Wall","floor":14,"gold_loss":0,"cards_obtained":["Stack"]},{"cards_removed":["Strike_B"],"damage_healed":0,"gold_gain":0,"player_choice":"Gave Gold","damage_taken":0,"max_hp_gain":0,"max_hp_loss":0,"event_name":"Beggar","floor":20,"gold_loss":75},{"damage_healed":0,"gold_gain":0,"cards_transformed":["Defend_B","Strike_B"],"player_choice":"Became Test Subject","damage_taken":0,"max_hp_gain":0,"max_hp_loss":0,"event_name":"Drug Dealer","floor":21,"gold_loss":0,"cards_obtained":["Coolheaded","Hologram"]},{"damage_healed":0,"gold_gain":0,"player_choice":"Shed Blood","damage_taken":27,"max_hp_gain":5,"max_hp_loss":0,"event_name":"Forgotten Altar","floor":22,"gold_loss":0}],"is_beta":false,"boss_relics":[{"not_picked":["Sozu","Philosopher\u0027s Stone"],"picked":"FrozenCore"}],"items_purged_floors":[19],"is_endless":false,"potions_floor_spawned":[5,7,16,24,30],"killed_by":"Champ","ascension_level":16}}