{"host":"imy0w7zcgpxryx7c","time":1612932174,"event":{"mods":["AchievementEnabler","BaseMod","Colored Map","Colored Powertips","Minty Spire (QoL Compilation)","Relic Sorter","StSLib"],"gold_per_floor":[16,16,16,16,36,66,66,83,159,219,219,219,232,249,249,344,344,363,119,133,143,143,143,143,143],"floor_reached":24,"language":"ENG","playtime":2592,"items_purged":["Defend_P"],"score":255,"play_id":"e0091054-76e3-44e3-84b7-3d4f5722026e","local_time":"20210209234254","is_ascension_mode":true,"campfire_choices":[{"data":"Devotion","floor":7,"key":"SMITH"},{"floor":15,"key":"REST"},{"data":"Devotion","floor":23,"key":"SMITH"}],"circlet_count":0,"master_deck":["Strike_P","Defend_P","Defend_P","Defend_P","Eruption","Vigilance+1","Devotion+1","Evaluate","FlurryOfBlows+1","Evaluate","FearNoEvil+1","Perseverance+1","Evaluate+1","CarveReality","Devotion+1","LessonLearned+1","Worship+1","SashWhip+1","Consecrate","FollowUp+1","Prostrate+1","FlurryOfBlows+1"],"relics":["PureWater","Oddly Smooth Stone","Boot","Question Card","Toxic Egg 2","Sundial","Astrolabe","Lantern"],"acts_visited":["Exordium","TheCity"],"potions_floor_usage":[10,18,21],"damage_taken":[{"damage":1,"enemies":"Small Slimes","floor":1,"turns":5},{"damage":0,"enemies":"Cultist","floor":5,"turns":3},{"damage":26,"enemies":"3 Sentries","floor":6,"turns":11},{"damage":0,"enemies":"2 Louse","floor":8,"turns":3},{"damage":7,"enemies":"3 Sentries","floor":10,"turns":7},{"damage":0,"enemies":"Large Slime","floor":13,"turns":2},{"damage":0,"enemies":"3 Louse","floor":14,"turns":3},{"damage":5,"enemies":"The Guardian","floor":16,"turns":6},{"damage":15,"enemies":"3 Byrds","floor":18,"turns":8},{"damage":4,"enemies":"Shell Parasite","floor":20,"turns":3},{"damage":12,"enemies":"3 Cultists","floor":21,"turns":3},{"damage":32,"enemies":"Slavers","floor":24,"turns":2}],"seed_played":"-8099239127421165762","potions_obtained":[{"floor":6,"key":"Explosive Potion"},{"floor":8,"key":"AttackPotion"},{"floor":16,"key":"EssenceOfSteel"}],"is_trial":false,"path_per_floor":["M","?","$","?","M","E","R","M","T","?","T","?","M","M","R","B",null,"M","$","M","M","?","R","E"],"character_chosen":"WATCHER","items_purchased":["FollowUp","Lantern"],"campfire_rested":1,"item_purchase_floors":[19,19],"current_hp_per_floor":[64,72,72,65,65,39,39,39,39,32,32,18,18,18,39,34,63,48,48,44,32,32,32,0,0],"gold":143,"neow_bonus":"THREE_RARE_CARDS","is_daily":false,"chose_seed":false,"campfire_upgraded":2,"win_rate":0.0,"timestamp":1612932174,"path_taken":["M","?","?","?","M","E","R","M","T","?","?","?","?","M","R","BOSS","M","$","M","M","?","R","E"],"items_purchased_type":["Card","Relic"],"build_version":"2020-12-22","purchased_purges":1,"victory":false,"max_hp_per_floor":[72,72,72,72,72,72,72,72,72,72,72,72,72,72,72,72,72,72,72,72,72,72,72,72,72],"card_choices":[{"not_picked":["Wish","Blasphemy"],"picked":"Devotion","floor":0},{"not_picked":["CutThroughFate","Halt"],"picked":"Evaluate","floor":1},{"not_picked":["Collect","Tantrum"],"picked":"FlurryOfBlows","floor":5},{"not_picked":["ClearTheMind","EmptyFist"],"picked":"Evaluate","floor":6},{"not_picked":["Adaptation","DeusExMachina"],"picked":"FearNoEvil","floor":8},{"not_picked":["PathToVictory+1","CrushJoints","ClearTheMind+1"],"picked":"Perseverance+1","floor":10},{"not_picked":["CutThroughFate","Study","MentalFortress"],"picked":"Evaluate+1","floor":13},{"not_picked":["LikeWater","Consecrate","Halt+1"],"picked":"CarveReality","floor":14},{"not_picked":["Vault+1","DeusExMachina+1","Judgement+1"],"picked":"Devotion","floor":16},{"not_picked":["Study","Fasting2","ReachHeaven"],"picked":"Consecrate","floor":18},{"not_picked":["CutThroughFate","Adaptation+1","ClearTheMind+1"],"picked":"Prostrate+1","floor":20},{"not_picked":["FlyingSleeves","ThirdEye+1","ClearTheMind+1"],"picked":"FlurryOfBlows+1","floor":21}],"player_experience":392656,"relics_obtained":[{"floor":6,"key":"Boot"},{"floor":9,"key":"Question Card"},{"floor":10,"key":"Toxic Egg 2"},{"floor":11,"key":"Sundial"}],"event_choices":[{"damage_healed":8,"gold_gain":0,"player_choice":"Full Heal","damage_taken":0,"max_hp_gain":0,"max_hp_loss":0,"event_name":"Wheel of Change","floor":2,"gold_loss":0},{"damage_healed":0,"gold_gain":0,"player_choice":"Success","damage_taken":7,"relics_obtained":["Oddly Smooth Stone"],"max_hp_gain":0,"max_hp_loss":0,"event_name":"Scrap Ooze","floor":4,"gold_loss":0},{"damage_healed":0,"gold_gain":0,"player_choice":"Searched \u00271\u0027 times","damage_taken":0,"max_hp_gain":0,"max_hp_loss":0,"event_name":"Dead Adventurer","floor":10,"gold_loss":0},{"damage_healed":0,"gold_gain":0,"player_choice":"Entered Light","damage_taken":14,"max_hp_gain":0,"max_hp_loss":0,"event_name":"Shining Light","floor":12,"gold_loss":0,"cards_upgraded":["FearNoEvil","FlurryOfBlows"]},{"damage_healed":0,"gold_gain":0,"player_choice":"Ignored","damage_taken":0,"max_hp_gain":0,"max_hp_loss":0,"event_name":"Vampires","floor":22,"gold_loss":0}],"is_beta":false,"boss_relics":[{"not_picked":["Fusion Hammer","Pandora\u0027s Box"],"picked":"Astrolabe"}],"items_purged_floors":[19],"is_endless":false,"potions_floor_spawned":[6,8,16],"killed_by":"Slavers","ascension_level":6}}