{"host":"vyjryxuuuxkt43k4","time":1612953542,"event":{"mods":["AchievementEnabler","BaseMod","Colored Map","DeckTracker","Keyboard Shortcuts","Minty Spire (QoL Compilation)","Permanent Neow","Quick Restart","StSLib","SuperFastMode","everything is the same but u backflip on backflip"],"gold_per_floor":[17,17,17,32,46,46,46,63,63,63,63,79,79,105,105,177,177,190,204,204,204],"floor_reached":20,"language":"KOR","playtime":868,"items_purged":[],"score":448,"play_id":"61827b99-2fdf-45ca-86db-8ea913aa0068","local_time":"20210210193902","is_ascension_mode":true,"campfire_choices":[{"data":"Noxious Fumes","floor":6.0,"key":"SMITH"},{"data":"Skewer","floor":11.0,"key":"SMITH"},{"data":"Terror","floor":13.0,"key":"SMITH"},{"data":"Outmaneuver","floor":15.0,"key":"SMITH"}],"circlet_count":0,"master_deck":["AscendersBane","Strike_G","Strike_G","Strike_G","Defend_G","Defend_G","Defend_G+1","Defend_G","Survivor","Neutralize","Dodge and Roll+1","Skewer+1","Noxious Fumes+1","Outmaneuver+1","Terror+1","Well Laid Plans","Bullet Time","Flying Knee","Prepared+1"],"relics":["Ring of the Snake","Regal Pillow","Sundial","Bottled Lightning","Sozu"],"acts_visited":["Exordium","TheCity"],"potions_floor_usage":[],"damage_taken":[{"damage":5.0,"enemies":"Small Slimes","floor":1.0,"turns":4.0},{"damage":0.0,"enemies":"2 Louse","floor":4.0,"turns":4.0},{"damage":4.0,"enemies":"Jaw Worm","floor":5.0,"turns":3.0},{"damage":4.0,"enemies":"Exordium Thugs","floor":8.0,"turns":7.0},{"damage":0.0,"enemies":"2 Fungi Beasts","floor":12.0,"turns":4.0},{"damage":6.0,"enemies":"Lagavulin","floor":14.0,"turns":7.0},{"damage":0.0,"enemies":"The Guardian","floor":16.0,"turns":7.0},{"damage":16.0,"enemies":"Spheric Guardian","floor":18.0,"turns":4.0},{"damage":21,"enemies":"2 Thieves","floor":19,"turns":4}],"seed_played":"2234663815956271607","potions_obtained":[{"floor":5.0,"key":"CunningPotion"},{"floor":12.0,"key":"LiquidBronze"},{"floor":14.0,"key":"Dexterity Potion"}],"is_trial":false,"path_per_floor":["M","?","?","M","M","R","?","M","T","?","R","M","R","E","R","B",null,"M","M","?"],"character_chosen":"THE_SILENT","items_purchased":[],"campfire_rested":0,"item_purchase_floors":[],"current_hp_per_floor":[54,54,34,34,30,30,30,26,26,26,26,26,26,20,20,20,55,39,18,0,0],"gold":204,"neow_bonus":"TRANSFORM_TWO_CARDS","is_daily":false,"chose_seed":false,"campfire_upgraded":4,"win_rate":0.0,"timestamp":1612953542,"path_taken":["M","?","?","M","M","R","?","M","T","?","R","M","R","E","R","BOSS","M","M","?"],"items_purchased_type":[],"build_version":"2020-12-22","purchased_purges":0,"victory":false,"max_hp_per_floor":[66,66,66,66,66,66,66,66,66,66,66,66,66,66,66,66,66,66,66,66,66],"card_choices":[{"not_picked":["Blade Dance","Blur"],"picked":"Noxious Fumes","floor":1.0},{"not_picked":["Skewer","Setup"],"picked":"Outmaneuver","floor":4.0},{"not_picked":["Poisoned Stab","Prepared","Choke"],"picked":"SKIP","floor":5.0},{"not_picked":["Acrobatics","Deadly Poison"],"picked":"Terror","floor":8.0},{"not_picked":["Tools of the Trade","Slice","Caltrops"],"picked":"SKIP","floor":12.0},{"not_picked":["All Out Attack","Backstab"],"picked":"Well Laid Plans","floor":14.0},{"not_picked":["Doppelganger","Tools of the Trade"],"picked":"Bullet Time","floor":16.0},{"not_picked":["Riddle With Holes","Flechettes"],"picked":"Flying Knee","floor":18.0},{"not_picked":["Deadly Poison","Outmaneuver"],"picked":"Prepared+1","floor":19}],"player_experience":901619,"relics_obtained":[{"floor":9.0,"key":"Regal Pillow"},{"floor":14.0,"key":"Bottled Lightning"}],"event_choices":[{"cards_removed":["Strike_G"],"damage_healed":0.0,"max_hp_gain":0.0,"max_hp_loss":0.0,"gold_gain":0.0,"event_name":"Living Wall","player_choice":"Forget","floor":2.0,"gold_loss":0.0,"damage_taken":0.0},{"damage_healed":0.0,"max_hp_gain":0.0,"max_hp_loss":0.0,"gold_gain":0.0,"event_name":"Shining Light","player_choice":"Entered Light","floor":3.0,"gold_loss":0.0,"damage_taken":20.0,"cards_upgraded":["Dodge and Roll","Defend_G"]},{"damage_healed":0.0,"max_hp_gain":0.0,"max_hp_loss":0.0,"gold_gain":0.0,"event_name":"Liars Game","player_choice":"Ignored","floor":7.0,"gold_loss":0.0,"damage_taken":0.0},{"damage_healed":0.0,"max_hp_gain":0.0,"max_hp_loss":0.0,"gold_gain":0.0,"event_name":"Dead Adventurer","player_choice":"Searched \u00272\u0027 times","floor":10.0,"gold_loss":0.0,"damage_taken":0.0,"relics_obtained":["Sundial"]},{"damage_healed":0,"gold_gain":0,"player_choice":"Obtained Book","damage_taken":21,"max_hp_gain":0,"max_hp_loss":0,"event_name":"Cursed Tome","floor":20,"gold_loss":0}],"is_beta":false,"boss_relics":[{"not_picked":["HoveringKite","Calling Bell"],"picked":"Sozu"}],"items_purged_floors":[],"is_endless":false,"potions_floor_spawned":[5,12,14,18,19],"ascension_level":20}}