{"host":"3c8x8j1h2jyrixpf","time":1612997914,"event":{"mods":["BaseMod","Colored Powertips","Highlight Path","Minty Spire (QoL Compilation)","StSLib"],"gold_per_floor":[114,36,36,54,14,14,24,24,24,50,72,147,159,173,173,273,273,292,292,311,40,40,67,67,92,92,92,92,92],"floor_reached":28,"language":"ENG","playtime":960,"items_purged":["Bite"],"score":393,"play_id":"e38dbeb9-7e1f-4f71-bac7-2fba3345c3f4","local_time":"20210210165834","is_ascension_mode":true,"campfire_choices":[{"data":"Zap","floor":6,"key":"SMITH"},{"data":"Consume","floor":8,"key":"SMITH"},{"floor":15,"key":"REST"},{"floor":24,"key":"REST"},{"floor":27,"key":"REST"}],"circlet_count":0,"master_deck":["Defend_B+1","Defend_B","Defend_B+1","Defend_B","Zap+1","Dualcast","Sweeping Beam","Capacitor","Ball Lightning","Consume+1","Steam","Genetic Algorithm","Sunder","Seek","Core Surge","Self Repair","Bite","Bite","Bite","Bite","Loop","Glacier","Ball Lightning","Coolheaded"],"relics":["Cracked Core","Question Card","Odd Mushroom","Cursed Key","Bronze Scales","MealTicket","Centennial Puzzle"],"acts_visited":["Exordium","TheCity"],"potions_floor_usage":[11,14,16,23,23,28],"damage_taken":[{"damage":0,"enemies":"2 Louse","floor":1,"turns":3},{"damage":0,"enemies":"Jaw Worm","floor":4,"turns":3},{"damage":0,"enemies":"Cultist","floor":7,"turns":3},{"damage":22,"enemies":"Lagavulin","floor":10,"turns":5},{"damage":4,"enemies":"The Mushroom Lair","floor":11,"turns":4},{"damage":15,"enemies":"3 Louse","floor":13,"turns":3},{"damage":0,"enemies":"Large Slime","floor":14,"turns":5},{"damage":20,"enemies":"The Guardian","floor":16,"turns":9},{"damage":0,"enemies":"Spheric Guardian","floor":18,"turns":3},{"damage":5,"enemies":"Chosen","floor":20,"turns":3},{"damage":45,"enemies":"Slavers","floor":23,"turns":7},{"damage":26,"enemies":"Gremlin Leader","floor":25,"turns":6},{"damage":49,"enemies":"Slavers","floor":28,"turns":4}],"seed_played":"7566406958966451432","potions_obtained":[{"floor":5,"key":"Swift Potion"},{"floor":5,"key":"DuplicationPotion"},{"floor":5,"key":"GamblersBrew"},{"floor":11,"key":"Swift Potion"},{"floor":14,"key":"Fire Potion"},{"floor":16,"key":"ColorlessPotion"},{"floor":18,"key":"Dexterity Potion"},{"floor":25,"key":"EssenceOfSteel"}],"is_trial":false,"path_per_floor":["M","$","?","M","?","R","M","R","T","E","?","?","M","M","R","B",null,"M","?","M","$","?","E","R","E","T","R","E"],"character_chosen":"DEFECT","items_purchased":["Capacitor","Loop","Bronze Scales"],"campfire_rested":3,"item_purchase_floors":[2,21,21],"current_hp_per_floor":[75,75,59,59,59,59,59,59,59,37,33,22,7,7,31,11,64,64,57,57,57,57,27,44,26,26,43,0,0],"gold":92,"neow_bonus":"TEN_PERCENT_HP_BONUS","is_daily":false,"chose_seed":false,"campfire_upgraded":2,"win_rate":0.0,"timestamp":1612997914,"path_taken":["M","$","?","M","?","R","?","R","T","E","?","?","M","M","R","BOSS","M","?","M","$","?","E","R","E","T","R","E"],"items_purchased_type":["Card","Card","Relic"],"build_version":"2020-12-22","purchased_purges":1,"victory":false,"max_hp_per_floor":[82,82,82,82,82,82,82,82,82,82,82,82,82,82,82,82,82,82,57,57,57,57,57,57,57,57,57,57,57],"card_choices":[{"not_picked":["Go for the Eyes","Turbo"],"picked":"Sweeping Beam","floor":1},{"not_picked":["Barrage","Gash"],"picked":"Ball Lightning","floor":4},{"not_picked":["Chaos","Chill"],"picked":"Consume","floor":7},{"not_picked":["Sweeping Beam","Barrage"],"picked":"Steam","floor":10},{"not_picked":["Compile Driver","Ball Lightning","Hologram"],"picked":"Genetic Algorithm","floor":11},{"not_picked":["Barrage","Gash","Compile Driver"],"picked":"Sunder","floor":13},{"not_picked":["Cold Snap","Rebound","Beam Cell"],"picked":"Seek","floor":14},{"not_picked":["All For One","Buffer","Thunder Strike"],"picked":"Core Surge","floor":16},{"not_picked":["Auto Shields+1","Leap+1","Steam Power"],"picked":"Self Repair","floor":18},{"not_picked":["Turbo","Melter+1","Steam","Barrage"],"picked":"SKIP","floor":20},{"not_picked":["Gash","Sweeping Beam","Skim"],"picked":"Ball Lightning","floor":23},{"not_picked":["Conserve Battery","Skim","Sweeping Beam"],"picked":"Coolheaded","floor":25}],"player_experience":227801,"relics_obtained":[{"floor":10,"key":"Question Card"},{"floor":11,"key":"Odd Mushroom"},{"floor":23,"key":"MealTicket"},{"floor":25,"key":"Centennial Puzzle"}],"event_choices":[{"damage_healed":0,"gold_gain":0,"player_choice":"Entered Light","damage_taken":16,"max_hp_gain":0,"max_hp_loss":0,"event_name":"Shining Light","floor":3,"gold_loss":0,"cards_upgraded":["Defend_B","Defend_B"]},{"damage_healed":0,"gold_gain":0,"player_choice":"Bought 3 Potions","damage_taken":0,"max_hp_gain":0,"max_hp_loss":0,"event_name":"The Woman in Blue","floor":5,"gold_loss":0},{"damage_healed":0,"gold_gain":0,"player_choice":"Fought Mushrooms","damage_taken":0,"max_hp_gain":0,"max_hp_loss":0,"event_name":"Mushrooms","floor":11,"gold_loss":0},{"damage_healed":0,"gold_gain":75,"player_choice":"Gather Gold","damage_taken":11,"max_hp_gain":0,"max_hp_loss":0,"event_name":"World of Goop","floor":12,"gold_loss":0},{"damage_healed":0,"gold_gain":0,"player_choice":"Became a vampire","damage_taken":0,"max_hp_gain":0,"max_hp_loss":25,"event_name":"Vampires","floor":19,"gold_loss":0,"cards_obtained":["Bite","Bite","Bite","Bite","Bite"]},{"damage_healed":0,"gold_gain":0,"player_choice":"Read","damage_taken":0,"max_hp_gain":0,"max_hp_loss":0,"event_name":"The Library","floor":22,"gold_loss":0,"cards_obtained":["Glacier"]}],"is_beta":false,"boss_relics":[{"not_picked":["Sozu","Snecko Eye"],"picked":"Cursed Key"}],"items_purged_floors":[21],"is_endless":false,"potions_floor_spawned":[11,14,16,18,25],"killed_by":"Slavers","ascension_level":9}}