{"host":"bdah08t7zwmeo3sv","time":1612974569,"event":{"mods":["2.2 Compatiblity","Act Like it!","BaseMod","Colored Map","Colored Powertips","Minty Spire (QoL Compilation)","Quick Restart","StSLib","The Animator","everything is the same but u backflip on backflip"],"gold_per_floor":[118,83,99,99,109,151,151,0,27,51,51,70,2,77,77,179,179,195,206,225,140,140,140],"floor_reached":22,"language":"ENG","playtime":1012,"items_purged":[],"score":186,"play_id":"e7ac49da-5d79-47d0-ad73-0a3fe808c04d","local_time":"20210210172929","is_ascension_mode":false,"campfire_choices":[{"floor":7,"key":"REST"},{"floor":11,"key":"RECALL"},{"floor":15,"key":"REST"}],"circlet_count":0,"master_deck":["animator:Strike_NoGameNoLife","animator:Defend_NoGameNoLife","animator:Strike","animator:Strike","animator:Strike","animator:Defend","animator:Defend","animator:Defend","animator:DolaSchwi","animator:DolaCouronne","animator:Entoma+1","animator:UneriGinkaku","animator:Genos","animator:Jibril","animator:Vanir","animator:AcuraShin","animator:Megumin+4","animator:Wiz","animator:Fredrika+1","animator:Tet","animator:Ainz"],"relics":["animator:VividPicture","animator:TheMissingPiece","animator:PurgingStone","NeowsBlessing","Incense Burner","Sling","Regal Pillow","Bag of Preparation"],"acts_visited":["Exordium","TheCity"],"potions_floor_usage":[16,22],"damage_taken":[{"damage":0,"enemies":"Jaw Worm","floor":1,"turns":1},{"damage":0,"enemies":"Cultist","floor":3,"turns":1},{"damage":0,"enemies":"2 Louse","floor":5,"turns":1},{"damage":32,"enemies":"3 Sentries","floor":6,"turns":8},{"damage":11,"enemies":"Looter","floor":10,"turns":3},{"damage":7,"enemies":"Blue Slaver","floor":12,"turns":2},{"damage":54,"enemies":"The Guardian","floor":16,"turns":12},{"damage":3,"enemies":"Chosen","floor":18,"turns":4},{"damage":10,"enemies":"Shell Parasite","floor":19,"turns":5},{"damage":44,"enemies":"3 Cultists","floor":20,"turns":6},{"damage":14,"enemies":"Snake Plant","floor":22,"turns":2}],"seed_played":"2879928496315745610","potions_obtained":[{"floor":5,"key":"CultistPotion"},{"floor":10,"key":"Energy Potion"},{"floor":16,"key":"DuplicationPotion"},{"floor":18,"key":"Ancient Potion"}],"is_trial":false,"path_per_floor":["M","?","M","$","M","E","R","$","T","M","R","M","$","?","R","B",null,"M","M","M","?","M"],"character_chosen":"THE_ANIMATOR","items_purchased":["Sling","animator:Megumin"],"campfire_rested":2,"item_purchase_floors":[8,13],"current_hp_per_floor":[66,66,68,68,68,36,56,56,56,45,45,38,38,27,62,9,69,66,57,13,13,0,0],"gold":140,"neow_bonus":"THREE_ENEMY_KILL","is_daily":false,"chose_seed":false,"campfire_upgraded":0,"win_rate":0.0,"timestamp":1612974569,"path_taken":["M","?","M","$","M","E","R","?","T","?","R","M","$","?","R","BOSS","M","M","M","?","M"],"items_purchased_type":["Relic","Card"],"build_version":"2020-12-22","purchased_purges":0,"victory":false,"max_hp_per_floor":[66,66,68,68,68,68,68,68,68,68,68,68,68,68,68,69,69,69,70,70,70,70,70],"card_choices":[{"not_picked":["animator:Chris","animator:Shalltear"],"picked":"animator:Entoma","floor":1},{"not_picked":["animator:Sonic","animator:Viivi"],"picked":"animator:UneriGinkaku","floor":3},{"not_picked":["animator:Alexander","animator:Togame"],"picked":"animator:Genos","floor":5},{"not_picked":["animator:DolaStephanie","animator:DolaCouronne"],"picked":"animator:Jibril","floor":6},{"not_picked":["animator:Shuna","animator:Kazuma"],"picked":"animator:Vanir","floor":10},{"not_picked":["animator:YaoHaDucy","animator:Entoma"],"picked":"animator:AcuraShin","floor":12},{"not_picked":["animator:Biyorigo","animator:ChaikaTrabant"],"picked":"animator:Wiz","floor":16},{"not_picked":["animator:Millim","animator:Mitsurugi"],"picked":"animator:Fredrika+1","floor":18},{"not_picked":["animator:FielNirvalen","animator:ChlammyZell"],"picked":"animator:Tet","floor":19},{"not_picked":["animator:Togame","animator:Azekura"],"picked":"animator:Ainz","floor":20}],"player_experience":43926,"relics_obtained":[{"floor":6,"key":"Incense Burner"},{"floor":9,"key":"Regal Pillow"}],"event_choices":[{"damage_healed":16,"gold_gain":0,"player_choice":"Healed","damage_taken":0,"max_hp_gain":0,"max_hp_loss":0,"event_name":"The Cleric","floor":2,"gold_loss":35},{"damage_healed":0,"gold_gain":75,"player_choice":"Gather Gold","damage_taken":11,"max_hp_gain":0,"max_hp_loss":0,"event_name":"World of Goop","floor":14,"gold_loss":0},{"damage_healed":0,"gold_gain":0,"player_choice":"Obtained Relic","damage_taken":0,"relics_obtained":["Bag of Preparation"],"max_hp_gain":0,"max_hp_loss":0,"event_name":"Addict","floor":21,"gold_loss":85}],"is_beta":false,"boss_relics":[{"not_picked":["Astrolabe","Ectoplasm"],"picked":"animator:VividPicture"}],"items_purged_floors":[],"is_endless":false,"potions_floor_spawned":[5,10,16,18,19],"killed_by":"Snake Plant","ascension_level":0}}