{"host":"6dypmz777xraikqf","time":1612958396,"event":{"mods":["AchievementEnabler","BaseMod","BetterRewards","Colored Map","Colored Powertips","Downfall","Highlight Path","Hubris","Infinite Spire","Minty Spire (QoL Compilation)","Replay The Spire","StSLib"],"gold_per_floor":[109,109,129,139,108,141,48,48,48,58,44,64,64,102,102,206,206,228,257,283,292,318,318,331,373,449,477,505,614,627,660,660,772,772,794,821,821,830,939,1029,1109,1200,1200,1302,1420,1420,1526,1526,1526,1526],"floor_reached":51,"language":"ENG","playtime":3509,"items_purged":["Strike_G"],"score":1738,"play_id":"1bf24c65-9758-4d1b-8bb9-7a5f0398d0be","local_time":"20210210115956","is_ascension_mode":true,"campfire_choices":[{"floor":8,"key":"REST"},{"data":"infinitespire:Neurotoxin","floor":13,"key":"SMITH"},{"floor":15,"key":"REST"},{"floor":23,"key":"REST"},{"floor":32,"key":"REST"},{"data":"infinitespire:NeuralNetwork","floor":46,"key":"SMITH"},{"data":"Calculated Gamble","floor":49,"key":"SMITH"}],"circlet_count":0,"master_deck":["AscendersBane","Strike_G","Strike_G","Strike_G+1","Strike_G","Defend_G","Defend_G","Defend_G+1","Defend_G","Defend_G","Survivor","Neutralize","Caltrops","infinitespire:Neurotoxin+1","Acrobatics","Backflip","Escape Plan","infinitespire:Neurotoxin","Footwork+1","Calculated Gamble+1","Acrobatics","infinitespire:Neurotoxin+1","Quick Slash","Footwork+1","hubris:DuctTapeCard","Poison Darts","Blur","infinitespire:TheBestDefense","infinitespire:SevenWalls","infinitespire:Gouge","Chrysalis","infinitespire:NeuralNetwork+1","Sneak Up+1","Expertise+1"],"relics":["Sozu","hubris:Icosahedron","Nunchaku","Simple Rune","Ginger","CeramicFish","hubris:Potato","Snecko Eye","Torii","Replay:Accelerometer","Counterbalance","hubris:Zylophone","hubris:DuctTape","hubris:SphereOfDissonance","hubris:VirtuousBlindfold","infinitespire:EvilPickle","Quantum Egg","Incense Burner","Bronze Scales","Mummified Hand","hubris:Reverence","Blue Candle"],"acts_visited":["Exordium","TheCity","TheBeyond"],"potions_floor_usage":[],"damage_taken":[{"damage":7,"enemies":"Small Slimes","floor":1,"turns":4},{"damage":11,"enemies":"Jaw Worm","floor":3,"turns":4},{"damage":10,"enemies":"Cultist","floor":4,"turns":4},{"damage":33,"enemies":"3 Sentries","floor":6,"turns":11},{"damage":11,"enemies":"Exordium Thugs","floor":10,"turns":6},{"damage":17,"enemies":"Gremlin Nob","floor":11,"turns":5},{"damage":0,"enemies":"3 Louse","floor":12,"turns":4},{"damage":9,"enemies":"3 Sentries","floor":14,"turns":9},{"damage":25,"enemies":"The Guardian","floor":16,"turns":13},{"damage":10,"enemies":"Chosen","floor":18,"turns":5},{"damage":0,"enemies":"3 Byrds","floor":19,"turns":5},{"damage":2,"enemies":"Centurion and Healer","floor":20,"turns":5},{"damage":17,"enemies":"Sentry and Sphere","floor":22,"turns":8},{"damage":0,"enemies":"3 Cultists","floor":24,"turns":4},{"damage":0,"enemies":"Book of Stabbing","floor":25,"turns":3},{"damage":0,"enemies":"Snecko","floor":27,"turns":2},{"damage":4,"enemies":"Gremlin Leader","floor":28,"turns":3},{"damage":1,"enemies":"Colosseum Slavers","floor":29,"turns":2},{"damage":8,"enemies":"Colosseum Nobs","floor":29,"turns":4},{"damage":0,"enemies":"Snake Plant","floor":30,"turns":1},{"damage":8,"enemies":"Slavers","floor":31,"turns":3},{"damage":16,"enemies":"Pondfish","floor":33,"turns":6},{"damage":1,"enemies":"3 Darklings","floor":35,"turns":3},{"damage":0,"enemies":"infinitespire:Three Voidlings","floor":39,"turns":3},{"damage":0,"enemies":"Nightmare_Alpha","floor":39,"turns":1},{"damage":0,"enemies":"R_Hoarder","floor":40,"turns":3},{"damage":0,"enemies":"3 Shapes","floor":41,"turns":3},{"damage":0,"enemies":"Maw","floor":42,"turns":1},{"damage":0,"enemies":"Spire Growth","floor":44,"turns":1},{"damage":0,"enemies":"Giant Head","floor":45,"turns":3},{"damage":0,"enemies":"Writhing Mass","floor":47,"turns":2},{"damage":0,"enemies":"Time Eater","floor":50,"turns":2}],"seed_played":"-7878826291480664401","potions_obtained":[],"is_trial":false,"path_per_floor":["M","?","M","M","?","E","?","R","T","M","E","M","R","E","R","B",null,"M","M","M","?","M","R","M","E","T","M","E","?","M","E","R","B",null,"M","AVR","?","?","?","E","M","M","T","M","E","R","M","?","R","B",null],"character_chosen":"THE_SILENT","items_purchased":[],"campfire_rested":4,"item_purchase_floors":[],"current_hp_per_floor":[56,56,45,35,35,2,2,23,23,59,42,42,42,33,54,29,60,50,50,48,48,31,52,52,52,52,52,48,39,39,31,52,36,62,61,61,61,56,56,56,56,56,56,56,56,56,56,51,51,51],"gold":1526,"neow_bonus":"BOSS_RELIC","is_daily":false,"chose_seed":false,"campfire_upgraded":3,"win_rate":0.0,"timestamp":1612958396,"path_taken":["M","?","M","M","?","E","?","R","T","?","E","M","R","E","R","BOSS","M","M","M","?","?","R","M","E","T","M","E","?","M","E","R","BOSS","M","AVR","?","?","?","E","M","M","T","M","E","R","M","?","R","BOSS"],"items_purchased_type":[],"build_version":"2020-12-22","purchased_purges":1,"victory":true,"max_hp_per_floor":[70,70,70,70,70,70,70,70,70,70,70,70,70,70,70,70,70,70,70,70,70,70,70,70,70,70,70,70,70,70,70,70,70,70,70,70,66,66,66,66,66,66,66,66,66,66,66,66,66,66],"card_choices":[{"not_picked":["Sucker Punch","Hidden Blade"],"picked":"Dash","floor":1},{"not_picked":["ReplayTheSpireMod:Exploit Weakness","Deadly Poison","Outmaneuver"],"picked":"SKIP","floor":3},{"not_picked":["Accuracy","Backstab"],"picked":"Caltrops","floor":4},{"not_picked":["Bane","Prepared"],"picked":"infinitespire:Neurotoxin","floor":6},{"not_picked":["Dagger Spray","Deflect","Sucker Punch"],"picked":"SKIP","floor":10},{"not_picked":["Prepared","Dagger Throw"],"picked":"Acrobatics","floor":11},{"not_picked":["hubris:Counter","Dagger Throw"],"picked":"Backflip","floor":12},{"not_picked":["Endless Agony","Prepared"],"picked":"Escape Plan","floor":14},{"not_picked":["Malaise","Storm of Steel"],"picked":"infinitespire:Neurotoxin","floor":16},{"not_picked":["hubris:Sniper","Deadly Poison+1"],"picked":"Footwork+1","floor":18},{"not_picked":["Distraction","Underhanded Strike"],"picked":"Calculated Gamble","floor":19},{"not_picked":["Outmaneuver","hubris:SlightOfHand+1"],"picked":"Acrobatics","floor":20},{"not_picked":["Deadly Poison+1","PiercingWail"],"picked":"Quick Slash","floor":22},{"not_picked":["Endless Agony+1","Hidden Blade","PiercingWail"],"picked":"SKIP","floor":24},{"not_picked":["ReplayTheSpireMod:Speed Training+1","Bane+1"],"picked":"Crippling Poison+1","floor":25},{"not_picked":["Calculated Gamble","Flying Knee"],"picked":"Footwork+1","floor":27},{"not_picked":["Quick Slash","Slice","Tactician"],"picked":"SKIP","floor":28},{"not_picked":["Prepared","hubris:Sniper","Sucker Punch+1"],"picked":"SKIP","floor":30},{"not_picked":["hubris:SlightOfHand","Phantasmal Killer","Atom Bomb"],"picked":"SKIP","floor":31},{"not_picked":["Envenom","Malaise"],"picked":"Poison Darts","floor":33},{"not_picked":["Backstab","ReplayTheSpireMod:Scrap Shanks"],"picked":"Blur","floor":35},{"not_picked":["Violence","Thinking Ahead"],"picked":"Chrysalis","floor":38},{"not_picked":["infinitespire:Execution","infinitespire:Fortify"],"picked":"infinitespire:NeuralNetwork","floor":39},{"not_picked":["Sucker Punch+1","Dash","Deadly Poison+1"],"picked":"SKIP","floor":40},{"not_picked":["Hidden Blade+1","Deflect","Quick Slash"],"picked":"SKIP","floor":41},{"not_picked":["Poisoned Stab+1","Replay:Poison Smokescreen"],"picked":"Sneak Up+1","floor":42},{"not_picked":["Hidden Blade","Predator"],"picked":"Expertise+1","floor":44},{"not_picked":["Flying Knee+1","Dash+1","Choke"],"picked":"SKIP","floor":45},{"not_picked":["Finisher","hubris:SlightOfHand+1","ReplayTheSpireMod:Exploit Weakness+1"],"picked":"SKIP","floor":47}],"player_experience":211580,"relics_obtained":[{"floor":6,"key":"Nunchaku"},{"floor":9,"key":"Ginger"},{"floor":11,"key":"CeramicFish"},{"floor":14,"key":"hubris:Potato"},{"floor":25,"key":"Torii"},{"floor":26,"key":"Replay:Accelerometer"},{"floor":28,"key":"Counterbalance"},{"floor":29,"key":"hubris:Zylophone"},{"floor":29,"key":"hubris:DuctTape"},{"floor":31,"key":"hubris:SphereOfDissonance"},{"floor":39,"key":"Incense Burner"},{"floor":40,"key":"Bronze Scales"},{"floor":43,"key":"Mummified Hand"},{"floor":45,"key":"hubris:Reverence"}],"event_choices":[{"damage_healed":0,"gold_gain":0,"player_choice":"Left Gold","damage_taken":0,"max_hp_gain":0,"max_hp_loss":0,"event_name":"World of Goop","floor":5,"gold_loss":31},{"damage_healed":0,"gold_gain":0,"player_choice":"Paid Gold","damage_taken":0,"relics_obtained":["Simple Rune"],"max_hp_gain":0,"max_hp_loss":0,"event_name":"WeMeetAgain","floor":7,"gold_loss":93},{"damage_healed":0,"gold_gain":0,"player_choice":"Copied","damage_taken":0,"max_hp_gain":0,"max_hp_loss":0,"event_name":"Duplicator","floor":21,"gold_loss":0,"cards_obtained":["infinitespire:Neurotoxin"]},{"damage_healed":0,"gold_gain":0,"player_choice":"Fight","damage_taken":0,"max_hp_gain":0,"max_hp_loss":0,"event_name":"Colosseum","floor":29,"gold_loss":0},{"damage_healed":0,"gold_gain":0,"player_choice":"Fought Nobs","damage_taken":0,"max_hp_gain":0,"max_hp_loss":0,"event_name":"Colosseum","floor":29,"gold_loss":0},{"damage_healed":0,"gold_gain":0,"player_choice":"Max HP","damage_taken":0,"max_hp_gain":0,"max_hp_loss":4,"event_name":"Winding Halls","floor":37,"gold_loss":0},{"damage_healed":0,"gold_gain":0,"player_choice":"Memory 2","damage_taken":5,"max_hp_gain":0,"max_hp_loss":0,"event_name":"SensoryStone","floor":38,"gold_loss":0}],"is_beta":false,"boss_relics":[{"not_picked":["Snecko Scales","Calling Bell"],"picked":"Snecko Eye"},{"not_picked":["infinitespire:Cupcake","Black Star"],"picked":"hubris:VirtuousBlindfold"}],"items_purged_floors":[36],"is_endless":false,"potions_floor_spawned":[1,6,10,14,16,20,25,29,31,33,35,39,44,45,47],"ascension_level":11}}