{"host":"v2nniiiz7kpx7fwo","time":1612960822,"event":{"mods":["2.2 Compatiblity","AchievementEnabler","BaseMod","Colored Map","Colored Powertips","DeckTracker","Highlight Path","KOR Keyword Fix","Minty Spire (QoL Compilation)","Permanent Neow","Rare Cards Sparkle","StSLib","SuperFastMode"],"gold_per_floor":[15,15,15,15,15,55,74,74,74,108,108,183,202,235,235,365,365,394,412,511,122,122,122,163,163,190,190,216,231,252,278,278,392,401,427,454,454,454,63,97,7,44,68,68,68,103,122,139,139,139,139,139,90,122,122,122],"floor_reached":55,"language":"KOR","playtime":2299,"items_purged":["Strike_R","Strike_R"],"score":1173,"play_id":"029a5b58-7a65-4463-b767-1d819a5d9e1a","local_time":"20210210214022","is_ascension_mode":true,"campfire_choices":[{"floor":8.0,"key":"REST"},{"floor":11.0,"key":"REST"},{"floor":15,"key":"REST"},{"data":"Rampage","floor":23,"key":"SMITH"},{"data":"Blood for Blood","floor":25,"key":"SMITH"},{"data":"Battle Trance","floor":32,"key":"SMITH"},{"floor":44,"key":"RECALL"},{"data":"Sentinel","floor":49,"key":"SMITH"},{"data":"Feel No Pain","floor":52,"key":"SMITH"}],"circlet_count":0,"master_deck":["Strike_R+1","Defend_R","Defend_R+1","Defend_R","Bash+1","Fiend Fire+1","Cleave","Rampage+1","Battle Trance+1","Feel No Pain+1","Feed+1","Thunderclap+1","Blood for Blood+1","Sentinel+1","Shrug It Off","Seeing Red","Disarm+1","Corruption+1","CurseOfTheBell","Intimidate+1","Inflame","Burning Pact","Seeing Red+1","Body Slam+1"],"relics":["Burning Blood","Bloody Idol","Strawberry","MealTicket","Bottled Lightning","CeramicFish","Coffee Dripper","Toy Ornithopter","TheAbacus","Bag of Preparation","Red Skull","StrikeDummy","Art of War","Calling Bell","Ancient Tea Set","Self Forming Clay","Pocketwatch","Bronze Scales","Oddly Smooth Stone","Whetstone","Centennial Puzzle","Happy Flower","Bag of Marbles"],"acts_visited":["Exordium","TheCity","TheBeyond","TheEnding"],"potions_floor_usage":[16,33,40,50,50,50,55],"damage_taken":[{"damage":10.0,"enemies":"Small Slimes","floor":1.0,"turns":3.0},{"damage":24.0,"enemies":"Gremlin Nob","floor":6.0,"turns":4.0},{"damage":3.0,"enemies":"2 Louse","floor":7.0,"turns":2.0},{"damage":30.0,"enemies":"3 Sentries","floor":10.0,"turns":7.0},{"damage":0,"enemies":"Jaw Worm","floor":13,"turns":1},{"damage":16,"enemies":"Gremlin Nob","floor":14,"turns":3},{"damage":45,"enemies":"The Guardian","floor":16,"turns":9},{"damage":10,"enemies":"3 Byrds","floor":18,"turns":5},{"damage":27,"enemies":"Slavers","floor":24,"turns":4},{"damage":49,"enemies":"Book of Stabbing","floor":28,"turns":5},{"damage":0,"enemies":"Spheric Guardian","floor":29,"turns":1},{"damage":2,"enemies":"3 Cultists","floor":30,"turns":3},{"damage":2,"enemies":"Snecko","floor":31,"turns":3},{"damage":30,"enemies":"Collector","floor":33,"turns":6},{"damage":20,"enemies":"3 Shapes","floor":35,"turns":6},{"damage":0,"enemies":"Orb Walker","floor":36,"turns":3},{"damage":13,"enemies":"Reptomancer","floor":40,"turns":7},{"damage":61,"enemies":"Nemesis","floor":42,"turns":8},{"damage":40,"enemies":"Giant Head","floor":46,"turns":8},{"damage":8,"enemies":"Transient","floor":47,"turns":5},{"damage":21,"enemies":"Jaw Worm Horde","floor":48,"turns":4},{"damage":48,"enemies":"Donu and Deca","floor":50,"turns":7},{"damage":83,"enemies":"Shield and Spear","floor":54,"turns":7},{"damage":29,"enemies":"The Heart","floor":55,"turns":2}],"seed_played":"-97741887030667875","potions_obtained":[{"floor":10.0,"key":"EssenceOfSteel"},{"floor":13,"key":"LiquidMemories"},{"floor":14,"key":"SteroidPotion"},{"floor":28,"key":"LiquidMemories"},{"floor":30,"key":"GamblersBrew"},{"floor":42,"key":"SteroidPotion"},{"floor":46,"key":"ElixirPotion"},{"floor":48,"key":"Explosive Potion"}],"is_trial":false,"path_per_floor":["M","?","?","?","?","E","M","R","T","E","R","?","M","E","R","B",null,"M","?","?","$","?","R","E","R","T","?","E","M","M","M","R","B",null,"M","M","?","?","$","E","?","E","T","R","$","E","M","M","R","B",null,"R","$","E","B"],"character_chosen":"IRONCLAD","items_purchased":["Toy Ornithopter","TheAbacus","Bronze Scales","Oddly Smooth Stone","PowerPotion"],"campfire_rested":3,"item_purchase_floors":[21,21,39,39,53],"current_hp_per_floor":[68,68,73,52,35,24,27,54,54,30,57,48,54,44,71,32,77,76,76,76,91,91,91,80,80,85,85,47,58,75,89,89,80,95,94,101,101,96,101,99,99,54,59,59,74,50,58,48,48,21,81,81,96,24,0,0],"gold":122,"neow_bonus":"THREE_RARE_CARDS","is_daily":false,"chose_seed":false,"campfire_upgraded":5,"win_rate":0.0,"timestamp":1612960822,"path_taken":["M","?","?","?","?","E","?","R","T","E","R","?","M","E","R","BOSS","M","?","?","$","?","R","E","R","T","?","E","M","M","M","R","BOSS","M","?","?","?","$","E","?","E","T","R","$","E","?","?","R","BOSS","R","$","E","BOSS"],"items_purchased_type":["Relic","Relic","Relic","Relic","Potion"],"build_version":"2020-12-22","purchased_purges":2,"victory":false,"max_hp_per_floor":[80,80,85,85,85,92,92,92,92,92,92,92,92,92,92,92,92,95,95,95,95,95,95,95,95,95,95,95,95,98,98,98,98,98,101,101,101,101,101,101,101,101,101,101,101,101,101,101,101,101,101,101,101,101,101,101],"card_choices":[{"not_picked":["Double Tap","Brutality"],"picked":"Fiend Fire","floor":0.0},{"not_picked":["Havoc","Thunderclap"],"picked":"Cleave","floor":1.0},{"not_picked":["Iron Wave","Shockwave"],"picked":"Rampage","floor":6.0},{"not_picked":["Dropkick","Intimidate"],"picked":"Battle Trance","floor":7.0},{"not_picked":["Havoc","Flex","Wild Strike"],"picked":"SKIP","floor":10.0},{"not_picked":["Armaments","Flex"],"picked":"Feel No Pain","floor":13},{"not_picked":["Havoc","Perfected Strike","Warcry"],"picked":"SKIP","floor":14},{"not_picked":["Corruption","Exhume"],"picked":"Feed","floor":16},{"not_picked":["Clash+1","Bloodletting"],"picked":"Thunderclap+1","floor":18},{"not_picked":["Iron Wave+1","Uppercut"],"picked":"Shrug It Off","floor":24},{"not_picked":["Thunderclap","Dropkick","Clash"],"picked":"SKIP","floor":28},{"not_picked":["Wild Strike","Exhume","Flame Barrier"],"picked":"SKIP","floor":29},{"not_picked":["True Grit+1","Iron Wave"],"picked":"Seeing Red","floor":30},{"not_picked":["Intimidate","Dark Embrace"],"picked":"Disarm+1","floor":31},{"not_picked":["Barricade","Double Tap"],"picked":"Corruption","floor":33},{"not_picked":["Carnage","Twin Strike"],"picked":"Intimidate+1","floor":35},{"not_picked":["Heavy Blade","Shrug It Off"],"picked":"Inflame","floor":36},{"not_picked":["Warcry","Corruption","Flame Barrier"],"picked":"SKIP","floor":40},{"not_picked":["Sentinel","Sword Boomerang+1"],"picked":"Burning Pact","floor":42},{"not_picked":["Iron Wave","Immolate"],"picked":"Seeing Red+1","floor":46},{"not_picked":["Armaments","Thunderclap+1"],"picked":"Body Slam+1","floor":47},{"not_picked":["Wild Strike","Cleave","Burning Pact+1"],"picked":"SKIP","floor":48},{"not_picked":["Seeing Red","Thunderclap","True Grit+1"],"picked":"SKIP","floor":54}],"player_experience":376725,"relics_obtained":[{"floor":6.0,"key":"Strawberry"},{"floor":9.0,"key":"MealTicket"},{"floor":10.0,"key":"Bottled Lightning"},{"floor":14,"key":"CeramicFish"},{"floor":24,"key":"Bag of Preparation"},{"floor":26,"key":"Red Skull"},{"floor":28,"key":"Art of War"},{"floor":34,"key":"Ancient Tea Set"},{"floor":34,"key":"Self Forming Clay"},{"floor":34,"key":"Pocketwatch"},{"floor":40,"key":"Whetstone"},{"floor":42,"key":"Centennial Puzzle"},{"floor":46,"key":"Happy Flower"},{"floor":54,"key":"Bag of Marbles"}],"event_choices":[{"damage_healed":0.0,"max_hp_gain":0.0,"max_hp_loss":0.0,"gold_gain":0.0,"event_name":"Living Wall","player_choice":"Grow","floor":2.0,"gold_loss":0.0,"damage_taken":0.0,"cards_upgraded":["Fiend Fire"]},{"damage_healed":0.0,"max_hp_gain":5.0,"max_hp_loss":0.0,"gold_gain":0.0,"event_name":"Big Fish","player_choice":"Donut","floor":3.0,"gold_loss":0.0,"damage_taken":0.0},{"damage_healed":0.0,"max_hp_gain":0.0,"max_hp_loss":0.0,"gold_gain":0.0,"event_name":"Golden Idol","player_choice":"Take Damage","floor":4.0,"gold_loss":0.0,"damage_taken":21.0,"relics_obtained":["Golden Idol"]},{"damage_healed":0.0,"max_hp_gain":0.0,"max_hp_loss":0.0,"gold_gain":0.0,"event_name":"Shining Light","player_choice":"Entered Light","floor":5.0,"gold_loss":0.0,"damage_taken":17.0,"cards_upgraded":["Defend_R","Strike_R"]},{"damage_healed":0,"gold_gain":75,"player_choice":"Touch","damage_taken":9,"max_hp_gain":0,"max_hp_loss":0,"event_name":"FaceTrader","floor":12,"gold_loss":0},{"damage_healed":0,"gold_gain":0,"cards_transformed":["Strike_R","Strike_R"],"player_choice":"Became Test Subject","damage_taken":0,"max_hp_gain":0,"max_hp_loss":0,"event_name":"Drug Dealer","floor":19,"gold_loss":0,"cards_obtained":["Blood for Blood","Sentinel"]},{"damage_healed":0,"gold_gain":99,"player_choice":"Stole From Cult","damage_taken":0,"max_hp_gain":0,"max_hp_loss":0,"event_name":"Nest","floor":20,"gold_loss":0},{"damage_healed":0,"gold_gain":0,"player_choice":"Gave Idol","damage_taken":0,"relics_obtained":["Bloody Idol"],"max_hp_gain":0,"max_hp_loss":0,"event_name":"Forgotten Altar","floor":22,"relics_lost":["Golden Idol"],"gold_loss":0},{"damage_healed":0,"gold_gain":0,"player_choice":"Gave Potion","damage_taken":0,"relics_obtained":["StrikeDummy"],"max_hp_gain":0,"max_hp_loss":0,"event_name":"WeMeetAgain","floor":27,"gold_loss":0},{"damage_healed":0,"gold_gain":0,"player_choice":"Ignored","damage_taken":0,"max_hp_gain":0,"max_hp_loss":0,"event_name":"Tomb of Lord Red Mask","floor":37,"gold_loss":0},{"damage_healed":0,"gold_gain":0,"player_choice":"Memory 2","damage_taken":5,"max_hp_gain":0,"max_hp_loss":0,"event_name":"SensoryStone","floor":38,"gold_loss":0},{"cards_removed":["Defend_R"],"damage_healed":0,"gold_gain":0,"player_choice":"Upgrade and Remove","damage_taken":0,"max_hp_gain":0,"max_hp_loss":0,"event_name":"Designer","floor":41,"gold_loss":90,"cards_upgraded":["Corruption"]}],"is_beta":false,"boss_relics":[{"not_picked":["Runic Dome","Runic Pyramid"],"picked":"Coffee Dripper"},{"not_picked":["Black Star","Runic Cube"],"picked":"Calling Bell"}],"items_purged_floors":[21,39],"is_endless":false,"potions_floor_spawned":[10,13,14,28,30,31,42,46,47,48],"killed_by":"The Heart","ascension_level":9}}