{"host":"txhhdwa0hqfs4jhb","time":1612990613,"event":{"mods":["BaseMod","Better Third Choice","Bossed Relics","Filter the Spire","Fox Events","Minty Spire (QoL Compilation)","Relic Filter Mod","Relic Stats","Reliquary","StSLib","Thieving Mod"],"gold_per_floor":[11,11,73,158,173,173,206,206,358,358,373,25,54,70,70,175,252,272,421,53,18,31,31,44,44,121,121,133,18,53,113,113,209,286,302,352,420,470,304,337,337,349,426,437,487,517,567,577,577,577],"floor_reached":51,"language":"ENG","playtime":2137,"items_purged":["Shame"],"score":1222,"play_id":"c25479a1-1719-4878-b373-0564613c17ab","local_time":"20210210205653","is_ascension_mode":true,"campfire_choices":[{"data":"Eruption","floor":6.0,"key":"SMITH"},{"floor":8.0,"key":"REST"},{"data":"Tantrum","floor":10.0,"key":"SMITH"},{"data":"TalkToTheHand","floor":15.0,"key":"SMITH"},{"data":"Tantrum","floor":23.0,"key":"SMITH"},{"data":"WheelKick","floor":25.0,"key":"SMITH"},{"data":"Sanctity","floor":27.0,"key":"SMITH"},{"floor":32.0,"key":"REST"},{"data":"TalkToTheHand","floor":41,"key":"SMITH"},{"data":"Omniscience+1","floor":49,"key":"SMITH"}],"circlet_count":0,"master_deck":["Strike_P","Strike_P","Strike_P","Defend_P","Defend_P","Defend_P","Defend_P","Eruption+1","Vigilance","TalkToTheHand+1","EmptyBody","Tantrum+1","EmptyFist","Sanctity+1","DeusExMachina","WheelKick+1","Tantrum+1","CarveReality","Vengeance+1","Sanctity","TalkToTheHand+1","EmptyBody+1","Scrawl+1","EmptyBody+1","Vault+1","Evaluate+1","TalkToTheHand+1","CutThroughFate+1","Trip+1","InnerPeace+1","MentalFortress+1","Shame","CutThroughFate+1","Omniscience+2","SashWhip+1"],"relics":["HolyWater","TungstenRod","SsserpentHead","foxEvents:LuckyCharm","Bronze Scales","TeardropLocket","reliquary:PrincelyHelmet","Sling","Potion Belt","Cursed Key","Turnip","White Beast Statue","Kunai","Medical Kit","Singing Bowl","Toxic Egg 2","Lantern","reliquary:Solitaire","Meat on the Bone","Bag of Preparation","Bag of Marbles"],"acts_visited":["Exordium","TheCity","TheBeyond"],"potions_floor_usage":[50],"damage_taken":[{"damage":22.0,"enemies":"Small Slimes","floor":1.0,"turns":4.0},{"damage":2.0,"enemies":"Cultist","floor":3.0,"turns":3.0},{"damage":18.0,"enemies":"Colosseum Slavers","floor":4.0,"turns":4.0},{"damage":24.0,"enemies":"Gremlin Nob","floor":7.0,"turns":5.0},{"damage":1.0,"enemies":"Jaw Worm","floor":11.0,"turns":2.0},{"damage":0.0,"enemies":"3 Sentries","floor":13.0,"turns":3.0},{"damage":0.0,"enemies":"2 Fungi Beasts","floor":14.0,"turns":2.0},{"damage":23.0,"enemies":"The Guardian","floor":16.0,"turns":10.0},{"damage":0.0,"enemies":"Spheric Guardian","floor":18.0,"turns":2.0},{"damage":0.0,"enemies":"Shell Parasite","floor":24.0,"turns":2.0},{"damage":0.0,"enemies":"3 Cultists","floor":28.0,"turns":4.0},{"damage":0.0,"enemies":"Gremlin Leader","floor":30.0,"turns":2.0},{"damage":21.0,"enemies":"Snake Plant","floor":31.0,"turns":2.0},{"damage":33.0,"enemies":"Collector","floor":33.0,"turns":7.0},{"damage":0.0,"enemies":"3 Darklings","floor":35.0,"turns":4.0},{"damage":0.0,"enemies":"Orb Walker","floor":37.0,"turns":1.0},{"damage":0,"enemies":"Nemesis","floor":40,"turns":1},{"damage":0,"enemies":"4 Shapes","floor":42,"turns":2},{"damage":1,"enemies":"Sphere and 2 Shapes","floor":44,"turns":4},{"damage":0,"enemies":"Reptomancer","floor":46,"turns":2},{"damage":5,"enemies":"Transient","floor":48,"turns":5},{"damage":0,"enemies":"Awakened One","floor":50,"turns":12}],"seed_played":"-3569935946385834581","potions_obtained":[{"floor":11.0,"key":"Fire Potion"},{"floor":14.0,"key":"BlessingOfTheForge"},{"floor":16.0,"key":"Ancient Potion"},{"floor":18.0,"key":"Strength Potion"},{"floor":24.0,"key":"AttackPotion"},{"floor":28.0,"key":"BlessingOfTheForge"},{"floor":30.0,"key":"LiquidMemories"},{"floor":31.0,"key":"Swift Potion"},{"floor":33.0,"key":"Explosive Potion"},{"floor":37.0,"key":"EntropicBrew"},{"floor":42,"key":"DuplicationPotion"},{"floor":46,"key":"ThievingMod:ThievingPotion"}],"is_trial":false,"path_per_floor":["M","?","M","?","?","R","E","R","T","R","M","$","E","M","R","B",null,"M","?","$","?","$","R","M","R","T","R","M","$","E","M","R","B",null,"M","?","M","?","$","E","R","M","T","M","?","E","?","M","R","B",null],"character_chosen":"WATCHER","items_purchased":["reliquary:PrincelyHelmet","Sling","Turnip","Tantrum","CarveReality","TalkToTheHand","EmptyBody+1","Trip+1"],"campfire_rested":2,"item_purchase_floors":[12,12,20,20,22,29,29,39],"current_hp_per_floor":[43,43,41,23,41,41,17,38,38,38,37,37,37,37,37,14,58,58,58,58,58,58,58,58,58,58,58,58,58,58,37,58,25,60,60,60,60,60,60,60,60,60,60,59,59,59,59,54,54,54],"gold":577,"neow_bonus":"ONE_RARE_RELIC","is_daily":false,"chose_seed":false,"campfire_upgraded":8,"win_rate":0.0,"timestamp":1612990613,"path_taken":["M","?","?","?","?","R","E","R","T","R","M","?","E","M","R","BOSS","M","?","$","?","?","R","M","R","T","R","M","$","E","?","R","BOSS","M","?","?","?","$","E","R","M","T","M","?","E","?","M","R","BOSS"],"items_purchased_type":["Relic","Relic","Relic","Card","Card","Card","Card","Card"],"build_version":"2020-12-22","purchased_purges":1,"victory":true,"max_hp_per_floor":[72,72,72,72,72,72,72,72,72,72,72,72,72,72,72,72,72,72,72,72,72,72,72,72,72,72,72,72,72,72,72,72,72,72,72,72,72,72,72,72,72,72,72,72,72,72,68,68,68,68],"relic_stats":{"SsserpentHead":650,"Singing Bowl":0,"counters":[22,83],"Bronze Scales":[162],"Turnip":[17],"Bag of Preparation":[7],"Kunai":[43],"Cursed Key":2,"Medical Kit":[0],"obtain_stats":[{"Potion Belt":13,"reliquary:Solitaire":39,"Lantern":30,"Singing Bowl":26,"reliquary:PrincelyHelmet":12,"Bag of Preparation":43,"TeardropLocket":9,"Sling":12,"Cursed Key":17,"Medical Kit":22,"White Beast Statue":21,"SsserpentHead":2,"Bronze Scales":7,"HolyWater":34,"Turnip":20,"foxEvents:LuckyCharm":4,"Bag of Marbles":46,"Kunai":22,"PureWater":0,"Toxic Egg 2":29,"TungstenRod":0,"Meat on the Bone":40},{"Potion Belt":6,"reliquary:Solitaire":16,"Lantern":12,"Singing Bowl":10,"reliquary:PrincelyHelmet":5,"Bag of Preparation":18,"TeardropLocket":4,"Sling":5,"Cursed Key":8,"Medical Kit":9,"White Beast Statue":9,"SsserpentHead":1,"Bronze Scales":4,"HolyWater":14,"Turnip":9,"foxEvents:LuckyCharm":3,"Bag of Marbles":20,"Kunai":9,"PureWater":0,"Toxic Egg 2":11,"TungstenRod":0,"Meat on the Bone":17},{"Potion Belt":21,"reliquary:Solitaire":57,"Lantern":43,"Singing Bowl":37,"reliquary:PrincelyHelmet":18,"Bag of Preparation":60,"TeardropLocket":16,"Sling":18,"Cursed Key":33,"Medical Kit":35,"White Beast Statue":35,"SsserpentHead":4,"Bronze Scales":16,"HolyWater":52,"Turnip":35,"foxEvents:LuckyCharm":11,"Bag of Marbles":66,"Kunai":35,"PureWater":0,"Toxic Egg 2":41,"TungstenRod":0,"Meat on the Bone":58}],"TungstenRod":16,"Meat on the Bone":0},"card_choices":[{"not_picked":["EmptyFist","SashWhip"],"picked":"TalkToTheHand","floor":1.0},{"not_picked":["FollowUp","PathToVictory"],"picked":"EmptyBody","floor":3.0},{"not_picked":["EmptyBody","WindmillStrike"],"picked":"Tantrum","floor":7.0},{"not_picked":["BowlingBash","FlyingSleeves"],"picked":"EmptyFist","floor":11.0},{"not_picked":["Establishment","Vengeance"],"picked":"Sanctity","floor":13.0},{"not_picked":["PathToVictory","Crescendo","SandsOfTime"],"picked":"SKIP","floor":14.0},{"not_picked":["Establishment","Blasphemy"],"picked":"DeusExMachina","floor":16.0},{"not_picked":["FlyingSleeves+1","BowlingBash"],"picked":"WheelKick","floor":18.0},{"not_picked":["ThirdEye","Conclude"],"picked":"Vengeance+1","floor":24.0},{"not_picked":["Nirvana","CrushJoints"],"picked":"Sanctity","floor":28.0},{"not_picked":["DeceiveReality+1","EmptyBody+1"],"picked":"Scrawl+1","floor":30.0},{"not_picked":["SashWhip","Indignation+1"],"picked":"EmptyBody+1","floor":31.0},{"not_picked":["MasterReality","DevaForm"],"picked":"Vault+1","floor":33.0},{"not_picked":["Swivel+1","Meditate+1"],"picked":"Evaluate+1","floor":35.0},{"not_picked":["FlurryOfBlows+1","Fasting2+1"],"picked":"CutThroughFate+1","floor":37.0},{"not_picked":["ClearTheMind+1","Crescendo+1"],"picked":"InnerPeace+1","floor":40},{"not_picked":["EmptyBody+1","ReachHeaven+1"],"picked":"MentalFortress+1","floor":42},{"not_picked":["ForeignInfluence+1","Crescendo+1"],"picked":"CutThroughFate+1","floor":44},{"not_picked":["JustLucky+1","WheelKick+1"],"picked":"Omniscience+1","floor":46},{"not_picked":["Nirvana","WreathOfFlame+1"],"picked":"SashWhip+1","floor":48}],"player_experience":306798,"relics_obtained":[{"floor":4.0,"key":"foxEvents:LuckyCharm"},{"floor":7.0,"key":"Bronze Scales"},{"floor":9.0,"key":"TeardropLocket"},{"floor":13.0,"key":"Potion Belt"},{"floor":26.0,"key":"Singing Bowl"},{"floor":30.0,"key":"Lantern"},{"floor":40,"key":"Meat on the Bone"},{"floor":43,"key":"Bag of Preparation"},{"floor":46,"key":"Bag of Marbles"}],"event_choices":[{"damage_healed":0.0,"max_hp_gain":0.0,"max_hp_loss":0.0,"gold_gain":0.0,"event_name":"FaceTrader","player_choice":"Trade","floor":2.0,"gold_loss":0.0,"damage_taken":0.0,"relics_obtained":["SsserpentHead"]},{"damage_healed":18.0,"max_hp_gain":0.0,"max_hp_loss":0.0,"gold_gain":0.0,"event_name":"The Cleric","player_choice":"Healed","floor":5.0,"gold_loss":35.0,"damage_taken":0.0},{"damage_healed":0.0,"max_hp_gain":0.0,"max_hp_loss":0.0,"gold_gain":99.0,"event_name":"betterThird:BetterNest","player_choice":"Steal","floor":19.0,"gold_loss":0.0,"damage_taken":0.0},{"damage_healed":0.0,"max_hp_gain":0.0,"max_hp_loss":0.0,"gold_gain":0.0,"event_name":"Addict","player_choice":"Obtained Relic","floor":21.0,"gold_loss":85.0,"damage_taken":0.0,"relics_obtained":["White Beast Statue"]},{"damage_healed":0.0,"max_hp_gain":0.0,"max_hp_loss":0.0,"gold_gain":0.0,"event_name":"Duplicator","player_choice":"Copied","floor":36.0,"gold_loss":0.0,"damage_taken":0.0,"cards_obtained":["TalkToTheHand"]},{"damage_healed":0.0,"max_hp_gain":0.0,"max_hp_loss":0.0,"gold_gain":0.0,"event_name":"Tomb of Lord Red Mask","player_choice":"Ignored","floor":38.0,"gold_loss":0.0,"damage_taken":0.0},{"cards_removed":["Strike_P"],"damage_healed":0,"gold_gain":0,"player_choice":"Removed Attack","damage_taken":0,"max_hp_gain":0,"max_hp_loss":0,"event_name":"Falling","floor":45,"gold_loss":0},{"damage_healed":0,"gold_gain":0,"player_choice":"Max HP","damage_taken":0,"max_hp_gain":0,"max_hp_loss":4,"event_name":"Winding Halls","floor":47,"gold_loss":0}],"is_beta":false,"boss_relics":[{"not_picked":["Astrolabe","Fusion Hammer"],"picked":"Cursed Key"},{"not_picked":["Snecko Eye","Runic Pyramid"],"picked":"HolyWater"}],"items_purged_floors":[39],"is_endless":false,"potions_floor_spawned":[11,14,16,18,24,28,30,31,33,35,37,40,42,44,46,48],"ascension_level":7}}