{"host":"grwexcir7mx5yvgg","time":1612941480,"event":{"mods":["AchievementEnabler","Ascension Reborn","Aspiration","BaseMod","Better Vampires","Colored Powertips","Custom Start","Energized Spire","Googly Eyes","Minty Spire (QoL Compilation)","MostiFishMod","Reliquary","Remilia（蕾米莉亚）","Replay The Spire","Shop Mod","Spicy Shops","StSLib","SuperFastMode","Td1madao Mod","TestMod","UnlockEverythingMod","篝火指南"],"gold_per_floor":[118,71,71,71,25,25,25,81,81,81,81,99,99,123,123,252,252,271,295,96,121,150,150,150,150,450,61,160,193,213,231,231,360,360,376,5,5,5,54,54,54,73,73,73,134,9,20,20,20,148,148,171,171,189,212,14,14,14,14,14,14,45,45,61,82,82,82],"floor_reached":66,"language":"ZHS","playtime":1280,"items_purged":["Replay:Hysterical Blindness","Decay","ReplayTheSpireMod:Splinters"],"score":991,"play_id":"83645b4b-eb61-4230-bdc2-a212beb17c5b","local_time":"20210210151800","daily_mods":["Shiny","Vintage","Time Dilation","Flight","Binary"],"is_ascension_mode":true,"campfire_choices":[{"data":"MastersStateliness","floor":6.0,"key":"SMITH"},{"data":"VampireKiss","floor":7.0,"key":"SMITH"},{"data":"1","floor":10.0,"key":"LIFT"},{"data":"2","floor":11.0,"key":"LIFT"},{"data":"3","floor":13.0,"key":"LIFT"},{"floor":23.0,"key":"REST"},{"data":"ScarletImprint","floor":25.0,"key":"SMITH"},{"data":"BloodAndWine","floor":25.0,"key":"SMITH"},{"data":"MiserableFate","floor":32.0,"key":"SMITH"},{"data":"ForecastOfChange","floor":32.0,"key":"SMITH"},{"data":"FitfulNightmare","floor":40.0,"key":"SMITH"},{"floor":41.0,"key":"REST"},{"data":"DiffusionOfMisfortune","floor":57.0,"key":"SMITH"},{"data":"RedNightlessCastle","floor":57.0,"key":"SMITH"},{"data":"Flash of Steel","floor":58.0,"key":"SMITH"}],"circlet_count":1,"master_deck":["TricksterDevil+1","BloodRain+1","EquivalentExchange+1","KillingBlow+1","BloodyCatastrophe+1","ChaoticDestiny+1","BloodySeventeenLaser+1","HellCatastrophe+1","ScarletCoffin+1","DemonKingCradle+1","ForecastOfChange+1","CurseOfVladTepes+1","TransientEternity+1","ScarletMeister+1","QueenOfMidnight+1","BloodyHallows+1","CeilingFear+1","HeartBreak+1","MastersStateliness+1","VampireKiss+1","BloodAndWine+1","ScarletImprint+1","MiserableFate+1","ForecastOfChange+1","FitfulNightmare+1","BloodyTrap+1","MiserableFate+1","RedNightlessCastle+1","Flash of Steel+1","DiffusionOfMisfortune+1"],"relics":["ScarletHat","Busted Crown","testmod-TestBox","DaveBox","testmod-TurbochargingSystem","JellyFishMachine","aspiration:FetidBarrel","Golden Idol","Girya","Quantum Egg","Divine Protection","Smiling Mask","RhineSuit","DaCapo","Iron Hammer","Calipers","Toy Ornithopter","Replay:Arrowhead","MealTicket","Old Coin","Oddly Smooth Stone","reliquary:IridiumChain","CeramicFish","xbg","Juzu Bracelet","MerchantsRug","Civilization","reliquary:Stiletto","reliquary:TuningFork","Matryoshka","testmod-Laevatain","PatriotShield","reliquary:TatteredRug","Pear","SynthV:C4","Blood Vial","testmod-LifeArmor","ReplayFunnel","testmod-Motorcycle","Circlet","Replay:Wax Seal","Chameleon Ring","reliquary:Aerogel"],"acts_visited":["Exordium","TheCity","TheBeyond","Exordium"],"potions_floor_usage":[],"damage_taken":[{"damage":6.0,"enemies":"Jaw Worm","floor":1.0,"turns":2.0},{"damage":4.0,"enemies":"Small Slimes","floor":12.0,"turns":2.0},{"damage":0.0,"enemies":"2 Louse","floor":14.0,"turns":2.0},{"damage":0.0,"enemies":"Slime Boss","floor":16.0,"turns":3.0},{"damage":0.0,"enemies":"Spheric Guardian","floor":18.0,"turns":3.0},{"damage":0.0,"enemies":"Chosen","floor":19.0,"turns":1.0},{"damage":0.0,"enemies":"Snecko","floor":21.0,"turns":2.0},{"damage":5.0,"enemies":"Replay:Snechameleon","floor":29.0,"turns":2.0},{"damage":0.0,"enemies":"Chosen and Byrds","floor":30.0,"turns":2.0},{"damage":0.0,"enemies":"Cultist and Chosen","floor":31.0,"turns":2.0},{"damage":8.0,"enemies":"Collector","floor":33.0,"turns":3.0},{"damage":16.0,"enemies":"Orb Walker","floor":35.0,"turns":2.0},{"damage":6.0,"enemies":"3 Shapes","floor":42.0,"turns":2.0},{"damage":14.0,"enemies":"Giant Head","floor":45.0,"turns":2.0},{"damage":26.0,"enemies":"Donu and Deca","floor":50.0,"turns":3.0},{"damage":0.0,"enemies":"2 Louse","floor":52.0,"turns":2.0},{"damage":0.0,"enemies":"Lagavulin","floor":62.0,"turns":2.0},{"damage":0.0,"enemies":"Jaw Worm","floor":64.0,"turns":1.0},{"damage":0.0,"enemies":"Cultist","floor":65.0,"turns":2.0}],"seed_played":"8357764807428264243","potions_obtained":[],"is_trial":true,"path_per_floor":["M","$","?","?","$","R","R","?","T","R","R","M","R","M","R","B",null,"M","M","$","M","?","R","?","R","T","$","?","E","M","M","R","B",null,"M","$","?","?","T","R","R","M","T","?","E","$","R","?","R","B",null,"M","?","?","T","$","R","R","?","T","?","E","T","M","M","R"],"character_chosen":"REMILIA","items_purchased":["MastersStateliness","VampireKiss","BloodAndWine","ScarletImprint","Calipers","MiserableFate","ForecastOfChange","Oddly Smooth Stone","MerchantsRug","FitfulNightmare","Civilization","BloodyTrap+1","MiserableFate+1","DiffusionOfMisfortune","testmod-LifeArmor"],"campfire_rested":2,"item_purchase_floors":[2,5,20,20,20,27,27,27,36,36,36,46,46,56,56],"current_hp_per_floor":[71,71,76,74,74,74,74,74,74,74,74,70,70,70,70,70,74,74,74,74,74,45,67,67,67,67,74,74,74,74,74,74,73,74,74,74,74,67,67,67,74,77,77,73,77,77,77,77,77,82,82,97,97,97,97,97,97,97,102,102,94,99,99,104,109,109,109],"gold":82,"neow_bonus":"","is_daily":false,"chose_seed":false,"campfire_upgraded":10,"win_rate":0.0,"timestamp":1612941480,"path_taken":["M","$","?","?","?","R","R","?","T","R","R","?","R","M","R","BOSS","M","?","$","?","?","R","?","R","T","$","?","E","?","M","R","BOSS","M","$","?","?","?","R","R","M","T","?","E","$","R","?","R","BOSS","M","?","?","?","$","R","R","?","T","?","E","?","M","M","R"],"items_purchased_type":["Card","Card","Card","Card","Relic","Card","Card","Relic","Relic","Card","Relic","Card","Card","Card","Relic"],"build_version":"2020-12-22","purchased_purges":3,"victory":false,"max_hp_per_floor":[75,75,80,74,74,74,74,74,74,74,74,74,74,74,74,74,74,74,74,74,74,74,74,74,74,74,74,74,74,74,74,74,74,74,74,74,74,74,74,74,74,77,77,73,77,77,77,77,77,82,82,97,97,97,97,97,97,97,102,102,94,99,99,104,109,109,109],"card_choices":[],"player_experience":111520,"relics_obtained":[{"floor":1.0,"key":"aspiration:FetidBarrel"},{"floor":9.0,"key":"Girya"},{"floor":12.0,"key":"Quantum Egg"},{"floor":12.0,"key":"Divine Protection"},{"floor":14.0,"key":"Smiling Mask"},{"floor":18.0,"key":"DaCapo"},{"floor":19.0,"key":"Iron Hammer"},{"floor":21.0,"key":"Toy Ornithopter"},{"floor":22.0,"key":"Replay:Arrowhead"},{"floor":26.0,"key":"Old Coin"},{"floor":30.0,"key":"reliquary:IridiumChain"},{"floor":30.0,"key":"Toxic Egg 2"},{"floor":31.0,"key":"CeramicFish"},{"floor":31.0,"key":"StrikeDummy"},{"floor":35.0,"key":"Juzu Bracelet"},{"floor":39.0,"key":"reliquary:Stiletto"},{"floor":42.0,"key":"reliquary:TuningFork"},{"floor":43.0,"key":"Matryoshka"},{"floor":45.0,"key":"testmod-Laevatain"},{"floor":52.0,"key":"reliquary:TatteredRug"},{"floor":52.0,"key":"Pear"},{"floor":55.0,"key":"SynthV:C4"},{"floor":55.0,"key":"Blood Vial"},{"floor":60.0,"key":"ReplayFunnel"},{"floor":60.0,"key":"testmod-Motorcycle"},{"floor":62.0,"key":"Replay:Wax Seal"},{"floor":63.0,"key":"Chameleon Ring"},{"floor":65.0,"key":"reliquary:Aerogel"}],"event_choices":[{"damage_healed":0.0,"max_hp_gain":5.0,"max_hp_loss":0.0,"gold_gain":0.0,"event_name":"Big Fish","player_choice":"Donut","floor":3.0,"gold_loss":0.0,"damage_taken":0.0},{"damage_healed":0.0,"max_hp_gain":0.0,"max_hp_loss":6.0,"gold_gain":0.0,"event_name":"Golden Idol","player_choice":"Lose Max HP","floor":4.0,"gold_loss":0.0,"damage_taken":0.0,"relics_obtained":["Golden Idol"]},{"damage_healed":0.0,"max_hp_gain":0.0,"max_hp_loss":0.0,"gold_gain":56.0,"event_name":"Golden Wing","player_choice":"Gained Gold","floor":8.0,"gold_loss":0.0,"damage_taken":0.0},{"damage_healed":0.0,"max_hp_gain":0.0,"max_hp_loss":0.0,"gold_gain":0.0,"event_name":"Liars Game","player_choice":"Ignored","floor":15.0,"gold_loss":0.0,"damage_taken":0.0},{"damage_healed":0.0,"max_hp_gain":0.0,"max_hp_loss":0.0,"gold_gain":99.0,"event_name":"Nest","player_choice":"Stole From Cult","floor":28.0,"gold_loss":0.0,"damage_taken":0.0},{"cards_removed":["BatForm"],"damage_healed":0.0,"max_hp_gain":0.0,"max_hp_loss":0.0,"gold_gain":0.0,"event_name":"Falling","player_choice":"Removed Power","floor":37.0,"gold_loss":0.0,"damage_taken":0.0},{"damage_healed":0.0,"max_hp_gain":0.0,"max_hp_loss":0.0,"gold_gain":0.0,"event_name":"恩洛斯的盘子","player_choice":"Ignored","floor":38.0,"gold_loss":0.0,"damage_taken":7.0},{"damage_healed":0.0,"max_hp_gain":0.0,"max_hp_loss":4.0,"gold_gain":0.0,"event_name":"Winding Halls","player_choice":"Max HP","floor":44.0,"gold_loss":0.0,"damage_taken":0.0},{"damage_healed":0.0,"max_hp_gain":0.0,"max_hp_loss":0.0,"gold_gain":0.0,"event_name":"SensoryStone","player_choice":"Memory 1","floor":48.0,"gold_loss":0.0,"damage_taken":0.0},{"damage_healed":0.0,"max_hp_gain":0.0,"max_hp_loss":0.0,"gold_gain":0.0,"event_name":"The Woman in Blue","player_choice":"Bought 0 Potions","floor":53.0,"gold_loss":0.0,"damage_taken":0.0},{"damage_healed":0.0,"max_hp_gain":0.0,"max_hp_loss":0.0,"gold_gain":0.0,"event_name":"Match and Keep!","player_choice":"2 cards matched","floor":54.0,"gold_loss":0.0,"damage_taken":0.0,"cards_obtained":["RedNightlessCastle","Flash of Steel"]},{"damage_healed":0.0,"max_hp_gain":5.0,"max_hp_loss":0.0,"gold_gain":0.0,"event_name":"Big Fish","player_choice":"Donut","floor":59.0,"gold_loss":0.0,"damage_taken":0.0},{"damage_healed":0.0,"max_hp_gain":0.0,"max_hp_loss":8.0,"gold_gain":0.0,"event_name":"Golden Idol","player_choice":"Lose Max HP","floor":61.0,"gold_loss":0.0,"damage_taken":0.0,"relics_obtained":["Circlet"]}],"is_beta":false,"boss_relics":[{"not_picked":["testmod-Nine","Cursed Key"],"picked":"RhineSuit"},{"not_picked":["energizedSpire:NeverEndingSparkler","reliquary:Ember"],"picked":"xbg"},{"not_picked":["FeatherPendant","Coffee Dripper"],"picked":"PatriotShield"}],"items_purged_floors":[46,46,47],"is_endless":true,"potions_floor_spawned":[14,16,19,30,33,42,50,52,62],"ascension_level":0}}