{"host":"p6x4b30m1ltzgl6z","time":1612936810,"event":{"mods":["2.2 Compatiblity","Act Like it!","BaseMod","Colored Powertips","Curses Come First","Defective Defect","Gensokyo","GifTheSpireLib","Halation","Hallownest","Infinite Spire","Marisa????????","Minty Spire (QoL Compilation)","Quick Restart","Rare Cards Sparkle","Reimu??????","Replay The Spire","StSLib","Stuff the Spire","The Bug Knight","The Servant 0.9.4","everything is the same but u backflip on backflip","slay the spire mod where everything is the same but ironclad has a cowboy hat"],"gold_per_floor":[109,109,109,129,129,164,164,177,227,246,41,54,54,54,54,194,194,425,425,425],"floor_reached":19,"language":"ENG","playtime":3442,"items_purged":[],"score":167,"play_id":"88f7176b-2496-4f7a-ae33-255e92023bb8","local_time":"20210210000010","is_ascension_mode":false,"campfire_choices":[{"floor":7,"key":"REST"},{"floor":13,"key":"REST"},{"data":"GalacticHalo","floor":15,"key":"SMITH"}],"circlet_count":0,"master_deck":["Strike_MRS","Strike_MRS","Strike_MRS","Strike_MRS","Defend_MRS","Defend_MRS","Defend_MRS","Defend_MRS","MasterSpark","UpSweep","MagicAbsorber","GalacticHalo+1","EarthLightRay","Occultation","Gensokyo:BlemishedSteel","Robbery","FinalSpark","SporeBomb+1"],"relics":["MiniHakkero","NeowsBlessing","Strawberry","Regal Pillow","Bronze Scales","Black Star","Bag of Marbles"],"acts_visited":["Gensokyo:Gensokyo","TheCity"],"potions_floor_usage":[10,12,16,16,16,16,16],"damage_taken":[{"damage":0,"enemies":"Gensokyo:2_Kodama","floor":1,"turns":1},{"damage":0,"enemies":"Gensokyo:Python","floor":4,"turns":1},{"damage":9,"enemies":"Gensokyo:Mamizou","floor":6,"turns":3},{"damage":0,"enemies":"Gensokyo:3_Fairies","floor":8,"turns":4},{"damage":11,"enemies":"Gensokyo:Kitsune","floor":10,"turns":4},{"damage":10,"enemies":"Gensokyo:5_Fairies","floor":12,"turns":4},{"damage":43,"enemies":"Gensokyo:Yukari","floor":16,"turns":13},{"damage":45,"enemies":"Chosen","floor":18,"turns":9},{"damage":55,"enemies":"Shell Parasite","floor":19,"turns":8}],"seed_played":"-8248506178341746702","potions_obtained":[{"floor":1,"key":"SteroidPotion"},{"floor":4,"key":"PowerPotion"},{"floor":10,"key":"Toxic Potion"},{"floor":12,"key":"EntropicBrew"}],"is_trial":false,"path_per_floor":["M","$","?","M","?","E","R","M","T","M","COS","M","R","$","R","B",null,"M","M"],"character_chosen":"MARISA","items_purchased":[],"campfire_rested":2,"item_purchase_floors":[],"current_hp_per_floor":[75,75,72,72,72,63,82,82,82,71,71,65,82,82,82,43,82,41,0,0],"gold":425,"neow_bonus":"THREE_ENEMY_KILL","is_daily":false,"chose_seed":false,"campfire_upgraded":1,"win_rate":0.0,"timestamp":1612936810,"path_taken":["M","?","?","?","?","E","R","?","T","M","COS","M","R","$","R","BOSS","M","M"],"items_purchased_type":[],"build_version":"2020-12-22","purchased_purges":0,"victory":false,"max_hp_per_floor":[75,75,82,82,82,82,82,82,82,82,82,82,82,82,82,82,82,82,82,82],"card_choices":[{"not_picked":["Acceleration","ChargeUpSpray"],"picked":"MagicAbsorber","floor":1},{"not_picked":["NonDirectionalLaser","SporeBomb"],"picked":"GalacticHalo","floor":4},{"not_picked":["GasGiant","Acceleration","GravityBeat"],"picked":"SKIP","floor":6},{"not_picked":["AbsoluteMagnitude","MysteriousBeam"],"picked":"EarthLightRay","floor":8},{"not_picked":["SprinkleStarSeal","DoubleSpark"],"picked":"Occultation","floor":10},{"not_picked":["WitchLeyline","Acceleration"],"picked":"Robbery","floor":12},{"not_picked":["EscapeVelocity","JA"],"picked":"FinalSpark","floor":16},{"not_picked":["PropBag+1","MysteriousBeam+1"],"picked":"SporeBomb+1","floor":18}],"player_experience":165094,"relics_obtained":[{"floor":6,"key":"Regal Pillow"},{"floor":9,"key":"Bronze Scales"}],"event_choices":[],"is_beta":false,"boss_relics":[{"not_picked":["halation:Risk","Kintsugi"],"picked":"Black Star"}],"items_purged_floors":[],"is_endless":false,"potions_floor_spawned":[1,4,10,12],"killed_by":"Shell Parasite","ascension_level":0}}