{"host":"qm4rv4rkpk76sbxu","time":1612979780,"event":{"mods":["BaseMod","Bestiary","Block Reminder","DeckTracker","Filter the Spire","Keyboard Shortcuts","Minty Spire (QoL Compilation)","MonsterHotkey","Quick Restart","Random Character Button","Relic Stats","Slay-I","StSLib","Unceasing Turn Reminder","ojb\u0027s Better Paths Mod","ojb\u0027s Info Mod"],"gold_per_floor":[367,367,367,384,384,384,417,377,377,377,402,421,421,421,421,520,520,535,546,566,11,22,54,54,84,107,140,61,72,24,24,24,119,119,130,144,144,161,179,179,191,191,191,191,217,250,261,214,214,214,214,214,69,97,97,97],"floor_reached":55,"language":"ENG","playtime":4747,"items_purged":["Pain"],"score":1031,"play_id":"6450d2a5-ac3c-4d82-ac09-a12246fdbde8","local_time":"20210210185620","is_ascension_mode":true,"campfire_choices":[{"data":"Survivor","floor":6.0,"key":"SMITH"},{"data":"1","floor":10.0,"key":"LIFT"},{"data":"2","floor":13.0,"key":"LIFT"},{"data":"3","floor":15.0,"key":"LIFT"},{"floor":24,"key":"RECALL"},{"floor":32,"key":"REST"},{"floor":40,"key":"REST"},{"floor":44,"key":"REST"},{"floor":49,"key":"REST"},{"floor":52,"key":"REST"}],"circlet_count":0,"master_deck":["Strike_G","Strike_G","Strike_G","Strike_G","Defend_G","Defend_G","Defend_G","Defend_G","Defend_G","Survivor+1","Neutralize+1","Finisher+1","Sucker Punch+1","Dagger Throw","All Out Attack","Dagger Spray","Adrenaline","Terror","Blade Dance","Footwork","Leg Sweep","Dodge and Roll+1","Acrobatics","Burst","Backflip","Acrobatics+1","Footwork","Well Laid Plans+1","Deflect+1","Finisher+1","Acrobatics","Concentrate","PiercingWail"],"relics":["Ring of the Snake","Girya","StrikeDummy","WarpedTongs","Fusion Hammer","Molten Egg 2","Vajra","Bottled Flame","Orichalcum","PreservedInsect","Tiny Chest","Paper Crane","StoneCalendar","Black Star","Letter Opener","Art of War","Strawberry","MealTicket","Lantern","Oddly Smooth Stone"],"acts_visited":["Exordium","TheCity","TheBeyond","TheEnding"],"potions_floor_usage":[18,23,25,50,54,54,54,55,55,55],"damage_taken":[{"damage":7.0,"enemies":"2 Louse","floor":1.0,"turns":4.0},{"damage":0.0,"enemies":"Small Slimes","floor":4.0,"turns":2.0},{"damage":12.0,"enemies":"3 Sentries","floor":7.0,"turns":8.0},{"damage":0.0,"enemies":"Lagavulin","floor":11.0,"turns":5.0},{"damage":0.0,"enemies":"Cultist","floor":12.0,"turns":2.0},{"damage":4,"enemies":"Slime Boss","floor":16,"turns":6},{"damage":3,"enemies":"Chosen","floor":18,"turns":3},{"damage":0,"enemies":"Spheric Guardian","floor":19,"turns":1},{"damage":1,"enemies":"Cultist and Chosen","floor":20,"turns":3},{"damage":0,"enemies":"Centurion and Healer","floor":22,"turns":3},{"damage":5,"enemies":"Book of Stabbing","floor":23,"turns":3},{"damage":0,"enemies":"Gremlin Leader","floor":25,"turns":1},{"damage":1,"enemies":"Slavers","floor":27,"turns":3},{"damage":11,"enemies":"Snake Plant","floor":29,"turns":3},{"damage":9,"enemies":"Champ","floor":33,"turns":7},{"damage":0,"enemies":"3 Darklings","floor":35,"turns":3},{"damage":0,"enemies":"Orb Walker","floor":36,"turns":2},{"damage":0,"enemies":"4 Shapes","floor":38,"turns":4},{"damage":0,"enemies":"Writhing Mass","floor":39,"turns":4},{"damage":0,"enemies":"Sphere and 2 Shapes","floor":41,"turns":3},{"damage":0,"enemies":"Giant Head","floor":46,"turns":4},{"damage":5,"enemies":"Transient","floor":47,"turns":5},{"damage":32,"enemies":"Time Eater","floor":50,"turns":8},{"damage":58,"enemies":"Shield and Spear","floor":54,"turns":7},{"damage":35,"enemies":"The Heart","floor":55,"turns":3}],"seed_played":"7877278248443651354","potions_obtained":[{"floor":1.0,"key":"Strength Potion"},{"floor":4.0,"key":"GamblersBrew"},{"floor":8.0,"key":"CultistPotion"},{"floor":8.0,"key":"CunningPotion"},{"floor":8.0,"key":"EntropicBrew"},{"floor":12.0,"key":"Energy Potion"},{"floor":22,"key":"AttackPotion"},{"floor":23,"key":"Energy Potion"},{"floor":41,"key":"Strength Potion"},{"floor":54,"key":"ColorlessPotion"}],"is_trial":false,"path_per_floor":["M","?","?","M","?","R","E","?","T","R","E","M","R","?","R","B",null,"M","M","M","$","M","E","R","E","T","E","?","M","$","T","R","B",null,"M","M","?","M","M","R","M","?","T","R","T","E","M","$","R","B",null,"R","$","E","B"],"character_chosen":"THE_SILENT","items_purchased":["Molten Egg 2","Leg Sweep","Vajra","SteroidPotion","Acrobatics","Concentrate","Ancient Potion"],"campfire_rested":5,"item_purchase_floors":[21,21,21,30,48,53,53],"current_hp_per_floor":[63,49,42,42,42,42,30,30,30,30,30,30,30,30,30,26,70,67,67,66,66,66,61,61,61,61,60,60,49,49,49,70,61,70,70,70,70,70,70,70,70,70,70,70,70,77,72,77,77,45,77,77,77,19,0,0],"gold":97,"neow_bonus":"TWO_FIFTY_GOLD","is_daily":false,"chose_seed":false,"campfire_upgraded":1,"win_rate":0.0,"timestamp":1612979780,"path_taken":["M","?","?","M","?","R","E","?","T","R","E","?","R","?","R","BOSS","M","?","M","$","M","E","R","E","T","E","?","?","?","?","R","BOSS","M","M","?","M","M","R","?","?","T","R","?","E","?","$","R","BOSS","R","$","E","BOSS"],"items_purchased_type":["Relic","Card","Relic","Potion","Card","Card","Potion"],"build_version":"2020-12-22","purchased_purges":1,"victory":false,"max_hp_per_floor":[70,70,70,70,70,70,70,70,70,70,70,70,70,70,70,70,70,70,70,70,70,70,70,70,70,70,70,70,70,70,70,70,70,70,70,70,70,70,70,70,70,70,70,70,70,77,77,77,77,77,77,77,77,77,77,77],"relic_stats":{"counters":[25,97],"Tiny Chest":2,"StoneCalendar":[52],"MealTicket":5,"PreservedInsect":231,"Black Star":2,"Art of War":[5],"Letter Opener":[84],"Orichalcum":[30],"obtain_stats":[{"Girya":7,"Lantern":54,"Vajra":21,"Oddly Smooth Stone":54,"StoneCalendar":31,"PreservedInsect":26,"Letter Opener":43,"Orichalcum":25,"Paper Crane":28,"WarpedTongs":14,"Bottled Flame":23,"Strawberry":46,"Molten Egg 2":21,"Tiny Chest":27,"MealTicket":46,"Fusion Hammer":17,"Black Star":34,"Art of War":45,"StrikeDummy":11,"Ring of the Snake":0},{"Girya":3,"Lantern":24,"Vajra":9,"Oddly Smooth Stone":24,"StoneCalendar":14,"PreservedInsect":12,"Letter Opener":20,"Orichalcum":12,"Paper Crane":13,"WarpedTongs":5,"Bottled Flame":11,"Strawberry":21,"Molten Egg 2":9,"Tiny Chest":13,"MealTicket":21,"Fusion Hammer":6,"Black Star":15,"Art of War":20,"StrikeDummy":4,"Ring of the Snake":0},{"Girya":14,"Lantern":94,"Vajra":34,"Oddly Smooth Stone":94,"StoneCalendar":47,"PreservedInsect":41,"Letter Opener":70,"Orichalcum":41,"Paper Crane":44,"WarpedTongs":21,"Bottled Flame":40,"Strawberry":74,"Molten Egg 2":34,"Tiny Chest":44,"MealTicket":74,"Fusion Hammer":27,"Black Star":54,"Art of War":70,"StrikeDummy":19,"Ring of the Snake":0}],"Ring of the Snake":[50],"WarpedTongs":[76]},"card_choices":[{"not_picked":["Acrobatics","Quick Slash"],"picked":"Finisher","floor":1.0},{"not_picked":["Choke","Well Laid Plans"],"picked":"Sucker Punch","floor":4.0},{"not_picked":["Bane","Burst"],"picked":"Dagger Throw","floor":7.0},{"not_picked":["Dagger Throw","Finisher"],"picked":"All Out Attack","floor":11.0},{"not_picked":["Bane","PiercingWail"],"picked":"Dagger Spray","floor":12.0},{"not_picked":["Envenom","Wraith Form v2"],"picked":"Adrenaline","floor":16},{"not_picked":["Acrobatics+1","Dash+1"],"picked":"Terror","floor":18},{"not_picked":["Poisoned Stab","Deadly Poison"],"picked":"Blade Dance","floor":19},{"not_picked":["Poisoned Stab","Bouncing Flask+1"],"picked":"Footwork","floor":20},{"not_picked":["Outmaneuver","Dagger Throw+1"],"picked":"Dodge and Roll+1","floor":22},{"not_picked":["Storm of Steel","Prepared"],"picked":"Acrobatics","floor":23},{"not_picked":["Quick Slash+1","Bane+1","Leg Sweep"],"picked":"SKIP","floor":25},{"not_picked":["Slice+1","Flying Knee+1","Prepared"],"picked":"SKIP","floor":27},{"not_picked":["Flying Knee+1","Slice+1","Infinite Blades+1"],"picked":"SKIP","floor":29},{"not_picked":["Unload+1","Glass Knife+1"],"picked":"Burst","floor":33},{"not_picked":["Cloak And Dagger","Sucker Punch+1"],"picked":"Backflip","floor":35},{"not_picked":["Setup","Crippling Poison+1"],"picked":"Acrobatics+1","floor":36},{"not_picked":["PiercingWail+1","Outmaneuver","Flechettes+1"],"picked":"SKIP","floor":38},{"not_picked":["Poisoned Stab+1","Dodge and Roll+1"],"picked":"Well Laid Plans+1","floor":39},{"not_picked":["Dagger Spray+1","Dagger Throw+1"],"picked":"Deflect+1","floor":41},{"not_picked":["Envenom","Deflect+1"],"picked":"Finisher+1","floor":46},{"not_picked":["All Out Attack+1","Deflect+1","Well Laid Plans"],"picked":"SKIP","floor":47},{"not_picked":["Flying Knee+1","Footwork"],"picked":"PiercingWail","floor":54}],"player_experience":1526145,"relics_obtained":[{"floor":7.0,"key":"Girya"},{"floor":11.0,"key":"StrikeDummy"},{"floor":23,"key":"Bottled Flame"},{"floor":25,"key":"Orichalcum"},{"floor":26,"key":"PreservedInsect"},{"floor":27,"key":"Tiny Chest"},{"floor":31,"key":"StoneCalendar"},{"floor":43,"key":"Letter Opener"},{"floor":45,"key":"Art of War"},{"floor":46,"key":"Strawberry"},{"floor":46,"key":"MealTicket"},{"floor":54,"key":"Lantern"},{"floor":54,"key":"Oddly Smooth Stone"}],"event_choices":[{"damage_healed":0.0,"max_hp_gain":0.0,"max_hp_loss":0.0,"gold_gain":0.0,"event_name":"Shining Light","player_choice":"Entered Light","floor":2.0,"gold_loss":0.0,"damage_taken":14.0,"cards_upgraded":["Neutralize","Finisher"]},{"cards_removed":["Pain"],"damage_healed":0.0,"max_hp_gain":0.0,"max_hp_loss":0.0,"gold_gain":0.0,"event_name":"Golden Wing","player_choice":"Card Removal","floor":3.0,"gold_loss":0.0,"damage_taken":7.0},{"damage_healed":0.0,"max_hp_gain":0.0,"max_hp_loss":0.0,"gold_gain":0.0,"event_name":"Living Wall","player_choice":"Grow","floor":5.0,"gold_loss":0.0,"damage_taken":0.0,"cards_upgraded":["Sucker Punch"]},{"damage_healed":0.0,"max_hp_gain":0.0,"max_hp_loss":0.0,"gold_gain":0.0,"event_name":"The Woman in Blue","player_choice":"Bought 3 Potions","floor":8.0,"gold_loss":0.0,"damage_taken":0.0},{"damage_healed":0.0,"max_hp_gain":0.0,"max_hp_loss":0.0,"gold_gain":0.0,"event_name":"Accursed Blacksmith","player_choice":"Rummage","floor":14.0,"gold_loss":0.0,"damage_taken":0.0,"relics_obtained":["WarpedTongs"],"cards_obtained":["Pain"]},{"damage_healed":0,"gold_gain":0,"player_choice":"Paid Gold","damage_taken":0,"relics_obtained":["Paper Crane"],"max_hp_gain":0,"max_hp_loss":0,"event_name":"WeMeetAgain","floor":28,"gold_loss":79},{"damage_healed":0,"gold_gain":0,"player_choice":"Copied","damage_taken":0,"max_hp_gain":0,"max_hp_loss":0,"event_name":"Duplicator","floor":37,"gold_loss":0,"cards_obtained":["Footwork"]},{"cards_removed":["Strike_G"],"damage_healed":0,"gold_gain":0,"player_choice":"Removed Attack","damage_taken":0,"max_hp_gain":0,"max_hp_loss":0,"event_name":"Falling","floor":42,"gold_loss":0}],"is_beta":false,"boss_relics":[{"not_picked":["Ectoplasm","Astrolabe"],"picked":"Fusion Hammer"},{"not_picked":["Sozu","Runic Dome"],"picked":"Black Star"}],"items_purged_floors":[21],"is_endless":false,"potions_floor_spawned":[1,4,12,16,22,23,33,36,38,41,46,54],"killed_by":"The Heart","ascension_level":4}}