{"host":"17xjy7b7ubl548g2","time":1612940478,"event":{"mods":["2.2 Compatiblity","Act Like it!","Aspiration","Astrologer","Bard","BaseMod","Challenge The Spire","ChefMod","Colored Map","Colored Powertips","Conspire","Elementarium","Energized Spire","Gensokyo","GifTheSpireLib","Halation","Hallownest","Hermit","Hubris","Infinite Spire","Jedi Mod","Jorbs\u0027s Wanderer Trilogy","Marisa（霧雨　魔理沙）","Marked Mod","Menagerie","Minty Spire (QoL Compilation)","Permanent Neow","Reliquary","Replay The Spire","Robot Space Explorer","Spicy Shops","Spire Arcade","StSLib","Stuff the Spire","The Blue Laboratory","The Bug Knight","The Construct","The Disciple","The Hayseed","The Hierophant","The Marked","The Runesmith","The Sage","TheFirefly"],"gold_per_floor":[19,19,39,52,52,52,52,52,52,64,98,115,147,164,164,266,266,284,9,259,276,276,311,311,344,344,344,44,63,75,75,75,75,75],"floor_reached":33,"language":"ENG","playtime":3647,"items_purged":["thefirefly:Strike","thefirefly:Strike","thefirefly:Strike"],"score":582,"play_id":"f23f8195-8ea5-4619-8fe6-73715454729b","local_time":"20210210020118","is_ascension_mode":true,"campfire_choices":[{"data":"thefirefly:StealthMode","floor":6.0,"key":"SMITH"},{"data":"thefirefly:LaserMail","floor":8.0,"key":"SMITH"},{"data":"thefirefly:LaserMail","floor":15.0,"key":"SMITH"},{"data":"infinitespire:DeathsTouch","floor":24.0,"key":"SMITH"},{"data":"thefirefly:CoveringFire","floor":27,"key":"SMITH"},{"data":"thefirefly:HyperspaceAssault","floor":32,"key":"SMITH"}],"circlet_count":0,"master_deck":["infinitespire:SevenWalls+1","thefirefly:Strike","thefirefly:Defend","thefirefly:Defend","thefirefly:Defend","thefirefly:Defend+1","thefirefly:StealthMode+1","thefirefly:PhotonBlast","thefirefly:PotentAmmunition+1","thefirefly:LaserMail+1","thefirefly:LaserMail+1","thefirefly:Preload","thefirefly:Kugelblitz","thefirefly:Reposition","thefirefly:FullProjection","thefirefly:FlareScreen","thefirefly:HyperspaceAssault+1","thefirefly:Boost+1","thefirefly:LaserMail+1","thefirefly:CoveringFire+1","thefirefly:AuroralDischarge","infinitespire:DeathsTouch+1","thefirefly:Flight","thefirefly:ReverseEngine+1","thefirefly:ShieldArray","thefirefly:CoveringFire+1"],"relics":["thefirefly:StealthSystem","halation:Trompette","Gremlin Horn","FossilizedHelix","infinitespire:PuzzleCube","jedi:cryingmask","ChewingGum","Centennial Puzzle","hubris:GlazedTorus","Gremlin Horn","War Paint"],"acts_visited":["Exordium","Gensokyo:Gensokyo"],"potions_floor_usage":[25],"damage_taken":[{"damage":0.0,"enemies":"Gensokyo:Python","floor":1.0,"turns":4.0},{"damage":0.0,"enemies":"Gensokyo:Gryphon","floor":3.0,"turns":3.0},{"damage":0.0,"enemies":"Gensokyo:3_Fairies","floor":4.0,"turns":5.0},{"damage":0.0,"enemies":"Gensokyo:2_Rabbits","floor":10.0,"turns":3.0},{"damage":0.0,"enemies":"Gensokyo:Mamizou","floor":11.0,"turns":7.0},{"damage":4.0,"enemies":"Gensokyo:CorruptedTreant","floor":12.0,"turns":3.0},{"damage":0.0,"enemies":"Gensokyo:Aya","floor":13.0,"turns":6.0},{"damage":0.0,"enemies":"Gensokyo:3_Kodama","floor":14.0,"turns":1.0},{"damage":0.0,"enemies":"Gensokyo:Yukari","floor":16.0,"turns":11.0},{"damage":0.0,"enemies":"Gensokyo:2_Gloops","floor":18.0,"turns":2.0},{"damage":0.0,"enemies":"Gensokyo:AngelMirror","floor":21.0,"turns":5.0},{"damage":0.0,"enemies":"Gensokyo:Koishi","floor":23.0,"turns":6.0},{"damage":12,"enemies":"Gensokyo:Tenshi","floor":25,"turns":6},{"damage":0,"enemies":"Gensokyo:Wraith","floor":29,"turns":4},{"damage":0,"enemies":"Gensokyo:Chomper_and_Gloop","floor":30,"turns":4},{"damage":31,"enemies":"Gensokyo:Eternal_Rivals","floor":33,"turns":8}],"seed_played":"-7024455261697081178","potions_obtained":[{"floor":4.0,"key":"SteroidPotion"},{"floor":11.0,"key":"EssenceOfSteel"},{"floor":12.0,"key":"Venom Potion"},{"floor":16.0,"key":"Elixir"},{"floor":18.0,"key":"Dexterity Potion"},{"floor":21.0,"key":"blueLaboratory:StoneskinPotion"},{"floor":25,"key":"blueLaboratory:BottleOfRum"}],"is_trial":false,"path_per_floor":["M","?","M","M","?","R","T","R","T","M","E","M","E","M","R","B",null,"M","$","?","M","?","E","R","E","T","R","$","M","M","?","R","B"],"character_chosen":"THE_FIREFLY","items_purchased":["thefirefly:LaserMail+1","thefirefly:CoveringFire","thefirefly:ShieldArray","War Paint"],"campfire_rested":0,"item_purchase_floors":[19,19,28,28],"current_hp_per_floor":[50,50,50,50,55,55,55,55,55,55,55,51,51,60,60,60,60,60,60,57,57,43,43,43,31,31,31,31,31,31,31,31,0,0],"gold":75,"neow_bonus":"ONE_RARE_RELIC","is_daily":false,"chose_seed":false,"campfire_upgraded":6,"win_rate":0.0,"timestamp":1612940478,"path_taken":["M","?","M","M","?","R","?","R","T","M","E","M","E","M","R","BOSS","M","$","?","M","?","E","R","E","T","R","?","M","?","?","R","BOSS"],"items_purchased_type":["Card","Card","Card","Relic"],"build_version":"2020-12-22","purchased_purges":3,"victory":false,"max_hp_per_floor":[55,55,55,55,60,60,60,60,60,60,60,60,60,60,60,60,60,60,60,57,57,57,57,57,57,57,57,57,57,57,57,57,57,57],"card_choices":[{"not_picked":["thefirefly:HyperFocus","thefirefly:InterceptingShot"],"picked":"thefirefly:PotentAmmunition","floor":1.0},{"not_picked":["thefirefly:ShieldArray","thefirefly:ArtillleryBeam"],"picked":"thefirefly:LaserMail","floor":3.0},{"not_picked":["thefirefly:StarCinder","thefirefly:FullProjection"],"picked":"thefirefly:LaserMail","floor":4.0},{"not_picked":["thefirefly:Cosmogenesis","thefirefly:RecollectionSubroutine"],"picked":"thefirefly:Preload","floor":10.0},{"not_picked":["thefirefly:RollBack","thefirefly:Preload"],"picked":"thefirefly:Kugelblitz","floor":11.0},{"not_picked":["thefirefly:Boost","thefirefly:RollBack"],"picked":"thefirefly:Reposition","floor":12.0},{"not_picked":["thefirefly:Reposition","thefirefly:Exile"],"picked":"thefirefly:FullProjection","floor":13.0},{"not_picked":["thefirefly:ArtillleryBeam","thefirefly:EvasiveManeuver"],"picked":"thefirefly:FlareScreen","floor":14.0},{"not_picked":["thefirefly:Regeneration","thefirefly:Unweft"],"picked":"thefirefly:HyperspaceAssault","floor":16.0},{"not_picked":["thefirefly:PhantomStrike+1","thefirefly:EvasiveManeuver+1"],"picked":"thefirefly:Boost+1","floor":18.0},{"not_picked":["thefirefly:EvasiveManeuver","thefirefly:ShieldArray"],"picked":"thefirefly:AuroralDischarge","floor":21.0},{"not_picked":["hubris:Fate","infinitespire:FutureSight"],"picked":"infinitespire:DeathsTouch","floor":22.0},{"not_picked":["thefirefly:StoredPower","thefirefly:Preload+1"],"picked":"thefirefly:Flight","floor":23.0},{"not_picked":["thefirefly:LustForEternity","thefirefly:FlareScreen"],"picked":"thefirefly:ReverseEngine+1","floor":25},{"not_picked":["thefirefly:ShieldArray","thefirefly:AuroralDischarge+1"],"picked":"thefirefly:CoveringFire+1","floor":29},{"not_picked":["thefirefly:Exile+1","thefirefly:NebulaVeil","thefirefly:EvasiveManeuver"],"picked":"SKIP","floor":30}],"player_experience":2123212,"relics_obtained":[{"floor":7.0,"key":"Gremlin Horn"},{"floor":9.0,"key":"FossilizedHelix"},{"floor":11.0,"key":"infinitespire:PuzzleCube"},{"floor":13.0,"key":"jedi:cryingmask"},{"floor":23.0,"key":"Centennial Puzzle"},{"floor":25,"key":"hubris:GlazedTorus"},{"floor":26,"key":"reliquary:SculptingSteel"}],"event_choices":[{"damage_healed":0,"gold_gain":0,"player_choice":"Leave","damage_taken":0,"max_hp_gain":0,"max_hp_loss":0,"event_name":"conspire:Investor","floor":31,"gold_loss":0}],"is_beta":false,"boss_relics":[{"not_picked":["hubris:ScarierMask","hubris:HollowSoul"],"picked":"ChewingGum"}],"items_purged_floors":[19,19,28],"is_endless":false,"potions_floor_spawned":[4,11,12,16,18,21,25],"killed_by":"Gensokyo:Eternal_Rivals","ascension_level":9}}