{"host":"uu4d5a1dg638aknc","time":1612934670,"event":{"mods":["BaseMod","Minty Spire (QoL Compilation)","Quick Restart","Rare Cards Sparkle","Relic Stats","StSLib","The Alterego","The Bladedancer","Waifu the Spire"],"gold_per_floor":[112,112,126,145,70,70,87,99,123,154,168,184,184,35,35,35,35],"floor_reached":16,"language":"ZHS","playtime":495,"items_purged":["blademaster:Defend"],"score":104,"play_id":"450f35e2-fbf7-47f1-bea5-566e3a559f3b","local_time":"20210210132430","is_ascension_mode":false,"campfire_choices":[{"data":"blademaster:RagingBlow","floor":6,"key":"SMITH"},{"floor":13,"key":"REST"},{"data":"blademaster:LightningDraw","floor":15,"key":"SMITH"}],"circlet_count":0,"master_deck":["blademaster:Strike+1","blademaster:Strike+1","blademaster:Strike+1","blademaster:Strike+1","blademaster:Defend","blademaster:Defend","blademaster:RagingBlow+1","blademaster:HighVoltage","blademaster:Hailwind","blademaster:LightningDraw+1"],"relics":["blademaster:DancersAmulet","Potion Belt","Whetstone"],"acts_visited":["Exordium"],"potions_floor_usage":[10,10,10,11],"damage_taken":[{"damage":5,"enemies":"Small Slimes","floor":1,"turns":3},{"damage":6,"enemies":"Jaw Worm","floor":3,"turns":2},{"damage":1,"enemies":"Cultist","floor":4,"turns":4},{"damage":3,"enemies":"Large Slime","floor":7,"turns":3},{"damage":8,"enemies":"Lots of Slimes","floor":8,"turns":4},{"damage":8,"enemies":"Gremlin Nob","floor":10,"turns":4},{"damage":0,"enemies":"Exordium Wildlife","floor":11,"turns":2},{"damage":3,"enemies":"Exordium Thugs","floor":12,"turns":3},{"damage":55,"enemies":"The Guardian","floor":16,"turns":5}],"seed_played":"-2331052551063258512","potions_obtained":[{"floor":1,"key":"LiquidMemories"},{"floor":3,"key":"PowerPotion"},{"floor":8,"key":"Block Potion"},{"floor":11,"key":"Fruit Juice"}],"is_trial":false,"path_per_floor":["M","?","M","M","$","R","M","M","T","E","M","M","R","$","R","B"],"character_chosen":"THE_BLADEMASTER","items_purchased":["blademaster:LightningDraw"],"campfire_rested":1,"item_purchase_floors":[14],"current_hp_per_floor":[70,55,49,48,48,48,45,37,37,29,34,31,55,55,55,0,0],"gold":35,"neow_bonus":"TRANSFORM_CARD","is_daily":false,"chose_seed":false,"campfire_upgraded":2,"win_rate":0.0,"timestamp":1612934670,"path_taken":["M","?","M","M","$","R","M","M","T","E","M","M","R","$","R","BOSS"],"items_purchased_type":["Card"],"build_version":"2020-12-22","purchased_purges":1,"victory":false,"max_hp_per_floor":[75,75,75,75,75,75,75,75,75,75,80,80,80,80,80,80,80],"relic_stats":{"counters":[9,30],"Whetstone":["blademaster:Strike","blademaster:Strike"],"obtain_stats":[{"Potion Belt":9,"blademaster:BonusComboPerk":10,"blademaster:DancersAmulet":0,"Whetstone":10},{"Potion Belt":5,"blademaster:BonusComboPerk":6,"blademaster:DancersAmulet":0,"Whetstone":6},{"Potion Belt":16,"blademaster:BonusComboPerk":20,"blademaster:DancersAmulet":0,"Whetstone":20}]},"card_choices":[{"not_picked":["blademaster:Overcharge","blademaster:Discharge","blademaster:Stability"],"picked":"SKIP","floor":1},{"not_picked":["blademaster:Flurry","blademaster:Frenzy","blademaster:CombatPrep"],"picked":"SKIP","floor":3},{"not_picked":["blademaster:DaggerAndCloak","blademaster:Sharpen","blademaster:SharpBlades"],"picked":"SKIP","floor":4},{"not_picked":["blademaster:FuriousStrike","blademaster:BladeDance","blademaster:KiBarrier"],"picked":"SKIP","floor":7},{"not_picked":["blademaster:Slice","blademaster:Bloodbath","blademaster:ParryingStrike"],"picked":"SKIP","floor":8},{"not_picked":["blademaster:TraverseCut","blademaster:Discharge","blademaster:LeechingStrike"],"picked":"SKIP","floor":10},{"not_picked":["blademaster:BladeMastery","blademaster:ChargingUp","blademaster:DaggerAndCloak"],"picked":"SKIP","floor":11},{"not_picked":["blademaster:Sunder","blademaster:Sharpen","blademaster:KiBarrier"],"picked":"SKIP","floor":12}],"player_experience":96421,"relics_obtained":[{"floor":9,"key":"Potion Belt"},{"floor":10,"key":"Whetstone"},{"floor":10,"key":"blademaster:BonusComboPerk"}],"event_choices":[{"damage_healed":0,"gold_gain":0,"player_choice":"Entered Light","damage_taken":15,"max_hp_gain":0,"max_hp_loss":0,"event_name":"Shining Light","floor":2,"gold_loss":0,"cards_upgraded":["blademaster:Strike","blademaster:Strike"]}],"is_beta":false,"boss_relics":[],"items_purged_floors":[5],"is_endless":false,"potions_floor_spawned":[1,3,8,11],"killed_by":"The Guardian","ascension_level":0}}