{"host":"0m9qzqwuh9r40nrk","time":1612945030,"event":{"mods":["BaseMod","Conspire","Downfall","Hermit","Hubris","Infinite Spire","Jorbs\u0027s Wanderer Trilogy","Minty Spire (QoL Compilation)","Quick Restart","Replay The Spire","Shop Mod","StSLib","The Animator","The Construct","The Cursed","The Disciple","The Hierophant","The Necromancer","The Runesmith","everything is the same but u backflip on backflip"],"gold_per_floor":[99,116,132,132,147,147,147,181,199,212,312,35,49,66,82,181,181,181,191,206,52,65,81,108,108,142,156,182,201,201,221,233,341,341,141,170,191,475,475,485,531,11,11,46,46,64,64,73,86,86],"floor_reached":51,"language":"ENG","playtime":19040,"items_purged":["Languid","Regret"],"score":652,"play_id":"e8070cee-ffb0-4ded-8408-20b933b1dce2","local_time":"20210210001710","is_ascension_mode":false,"campfire_choices":[{"data":"Slimebound:Split","floor":1.0,"key":"SMITH"},{"data":"Slimebound:PrepareCrush","floor":6.0,"key":"SMITH"},{"data":"Replay:Dark Deal","floor":18.0,"key":"SMITH"},{"data":"Slimebound:SelfFormingGoo","floor":35,"key":"SMITH"},{"floor":45,"key":"RECALL"},{"data":"expansioncontent:StudyTheSpire","floor":47,"key":"SMITH"}],"circlet_count":0,"master_deck":["Slimebound:Strike_Slimebound","Slimebound:Tackle","Slimebound:Defend_Slimebound","Slimebound:Defend_Slimebound","Slimebound:Split+1","Slimebound:CorrosiveSpit","Slimebound:SplitLeeching","Slimebound:SlimeSpikes","Slimebound:BestDefense","Slimebound:LeechLife","Slimebound:PrepareCrush+1","Slimebound:ProtectTheBoss","Slimebound:LevelUp","Slimebound:Prepare","Slimebound:SlimeBarrage","Slimebound:OneTwoCombo","Slimebound:SplitBruiser","Replay:Dark Deal+1","Slimebound:ProtectTheBoss","Slimebound:SplitLeeching","Slimebound:SplitLeeching","Slimebound:RallyTheTroops","Slimebound:Prepare","Slimebound:SlimeBrawl","Slimebound:MinionMaster","Slimebound:LivingWall+1","Slimebound:SplitMire","Replay:Fractal Strike","Slimebound:Replication","Slimebound:SplitMire","Slimebound:SplitLeeching","ReplayTheSpireMod:Book of Names","infinitespire:SealOfDarkness+","Slimebound:SelfFormingGoo+1","Slimebound:SplitAcid+1","Slimebound:SplitLeeching","Slimebound:MassRepurpose","expansioncontent:StudyTheSpire+1","infinitespire:Gouge"],"relics":["Slimebound:AbsorbEndCombat","infinitespire:Lucky Rock","Potion Belt","SacredBark","MealTicket","PreservedInsect","Centennial Puzzle","CeramicFish","conspire:SpecialSausage","downfall:HeartBlessingGreen","downfall:HeartBlessingBlue","Regal Pillow","Lee\u0027s Waffle","Blue Candle","infinitespire:Beetle Shell"],"acts_visited":["Exordium","TheCity","TheBeyond"],"potions_floor_usage":[29,29,33,33,33,36,46,46,50,50],"damage_taken":[{"damage":0.0,"enemies":"conspire:RoseBush","floor":2.0,"turns":4.0},{"damage":0.0,"enemies":"Cultist","floor":3.0,"turns":3.0},{"damage":9.0,"enemies":"infinitespire:Voidling","floor":5.0,"turns":4.0},{"damage":26.0,"enemies":"Gremlin Nob","floor":8.0,"turns":5.0},{"damage":1.0,"enemies":"2 Fungi Beasts","floor":9.0,"turns":4.0},{"damage":24.0,"enemies":"Lots of Slimes","floor":10.0,"turns":4.0},{"damage":14.0,"enemies":"downfall:LadyInBlue","floor":11.0,"turns":10.0},{"damage":0.0,"enemies":"downfall:FleeingMerchant","floor":12.0,"turns":4.0},{"damage":4.0,"enemies":"Exordium Wildlife","floor":13.0,"turns":4.0},{"damage":0.0,"enemies":"2 Fungi Beasts","floor":14.0,"turns":3.0},{"damage":11.0,"enemies":"Gremlin Gang","floor":15.0,"turns":6.0},{"damage":1.0,"enemies":"SI_SHIV_ARCHETYPE","floor":16.0,"turns":5.0},{"damage":0.0,"enemies":"Spheric Guardian","floor":19.0,"turns":1.0},{"damage":13.0,"enemies":"Chosen","floor":20.0,"turns":3.0},{"damage":2.0,"enemies":"downfall:FleeingMerchant","floor":21.0,"turns":4.0},{"damage":12.0,"enemies":"Centurion and Healer","floor":22.0,"turns":6.0},{"damage":11.0,"enemies":"Snake Plant","floor":23.0,"turns":4.0},{"damage":60.0,"enemies":"Nightmare","floor":26.0,"turns":10.0},{"damage":9.0,"enemies":"Shelled Parasite and Fungi","floor":27.0,"turns":10.0},{"damage":24,"enemies":"Book of Stabbing","floor":28,"turns":5},{"damage":14,"enemies":"Sentry and Sphere","floor":29,"turns":7},{"damage":10,"enemies":"Cultist and Chosen","floor":31,"turns":4},{"damage":19,"enemies":"Shelled Parasite and Fungi","floor":32,"turns":6},{"damage":8,"enemies":"DF_ARCHETYPE_CLAW","floor":33,"turns":4},{"damage":27,"enemies":"3 Darklings","floor":36,"turns":3},{"damage":9,"enemies":"Orb Walker","floor":37,"turns":3},{"damage":0,"enemies":"downfall:FleeingMerchant","floor":39,"turns":2},{"damage":42,"enemies":"Spire Growth","floor":40,"turns":6},{"damage":3,"enemies":"downfall:FleeingMerchant","floor":42,"turns":4},{"damage":0,"enemies":"Nightmare","floor":44,"turns":2},{"damage":7,"enemies":"Writhing Mass","floor":46,"turns":6},{"damage":24,"enemies":"Jaw Worm Horde","floor":49,"turns":5},{"damage":10,"enemies":"IC_BLOCK_ARCHETYPE","floor":50,"turns":9}],"seed_played":"2537439164398623694","potions_obtained":[{"floor":9.0,"key":"Regen Potion"},{"floor":11.0,"key":"Languid Potion"},{"floor":11.0,"key":"SteroidPotion"},{"floor":11.0,"key":"EntropicBrew"},{"floor":11.0,"key":"Strength Potion"},{"floor":15.0,"key":"Elixir"},{"floor":16.0,"key":"champ:CounterPotion"},{"floor":19.0,"key":"GamblersBrew"},{"floor":23.0,"key":"Slimebound:SlimyTonguePotion"},{"floor":26.0,"key":"SpeedPotion"},{"floor":29,"key":"SpeedPotion"},{"floor":31,"key":"SpeedPotion"},{"floor":36,"key":"Energy Potion"},{"floor":46,"key":"Elixir"},{"floor":49,"key":"hexamod:SoulburnPotion"}],"is_trial":false,"path_per_floor":["R","M","M","?","M","R","T","E","M","M","?","$","M","M","M","B",null,"R","M","M","$","M","M","T","?","NM","M","E","M","AVR","M","M","B",null,"R","M","M","?","$","M","T","$","?","NM","R","M","R","?","M","B",null],"character_chosen":"SLIMEBOUND","items_purchased":["Replay:Dark Deal","Slimebound:MinionMaster","expansioncontent:StudyTheSpire","Lee\u0027s Waffle","sneckomod:MuddlingPotion","Swift Potion"],"campfire_rested":0,"item_purchase_floors":[12,21,42,42,42,42],"current_hp_per_floor":[71,71,71,71,66,66,66,48,47,23,42,48,46,46,35,36,71,71,71,60,60,50,47,47,47,29,58,34,42,42,34,39,31,71,81,60,51,51,66,26,26,88,83,83,83,88,88,66,48,62],"gold":86,"neow_bonus":"TEN_PERCENT_HP_BONUS","is_daily":false,"chose_seed":false,"campfire_upgraded":5,"win_rate":0.0,"timestamp":1612945030,"path_taken":["R","M","M","?","?","R","T","E","M","?","?","$","M","M","M","BOSS","R","M","M","?","M","M","T","?","NM","M","E","?","AVR","M","M","BOSS","R","M","M","?","$","M","T","?","?","NM","R","?","R","?","M","BOSS"],"items_purchased_type":["Card","Card","Card","Relic","Potion","Potion"],"build_version":"2020-12-22","purchased_purges":2,"victory":true,"max_hp_per_floor":[71,71,71,71,71,71,71,71,71,71,71,71,71,71,71,71,71,71,71,71,71,71,71,71,71,71,71,71,71,71,71,71,71,71,81,81,81,81,81,81,81,88,88,88,88,88,88,88,88,88],"card_choices":[{"not_picked":["Slimebound:FlameTackle","Slimebound:SamplingLick"],"picked":"Slimebound:SplitLeeching","floor":2.0},{"not_picked":["Slimebound:ViciousTackle","Slimebound:LeechEnergy"],"picked":"Slimebound:SlimeSpikes","floor":3.0},{"not_picked":["Slimebound:GoopTackle","Slimebound:RejuvenatingLick"],"picked":"Slimebound:ProtectTheBoss","floor":5.0},{"not_picked":["Slimebound:ComboTackle","Slimebound:SlimeSpikes"],"picked":"Slimebound:LevelUp","floor":8.0},{"not_picked":["Slimebound:Equalize","Slimebound:SplitLeeching"],"picked":"Slimebound:Prepare","floor":9.0},{"not_picked":["Slimebound:GoopSpray","Slimebound:PressTheAttack"],"picked":"Slimebound:SlimeBarrage","floor":10.0},{"not_picked":["Slimebound:SamplingLick","Slimebound:SplitAcid"],"picked":"Slimebound:OneTwoCombo","floor":11.0},{"not_picked":["Slimebound:Chomp","Slimebound:LeechEnergy"],"picked":"Slimebound:SplitBruiser","floor":12.0},{"not_picked":["Slimebound:SlimeSpikes","Slimebound:MegaLick"],"picked":"Slimebound:ProtectTheBoss","floor":13.0},{"not_picked":["Slimebound:GoopTackle","Slimebound:ItLooksTasty"],"picked":"Slimebound:SplitLeeching","floor":14.0},{"not_picked":["Slimebound:GoopTackle","Slimebound:GoopSpray"],"picked":"Slimebound:SplitLeeching","floor":15.0},{"not_picked":["Slimebound:DouseInSlime","Slimebound:Overexert"],"picked":"Slimebound:RallyTheTroops","floor":16.0},{"not_picked":["Slimebound:Schlurp","Slimebound:Grow+1"],"picked":"Slimebound:Prepare","floor":19.0},{"not_picked":["Slimebound:SplitBruiser","Slimebound:LeechingTouch"],"picked":"Slimebound:SlimeBrawl","floor":20.0},{"not_picked":["Slimebound:HauntingLick","Slimebound:Schlurp","Slimebound:GrowthPunch"],"picked":"SKIP","floor":21.0},{"not_picked":["Slimebound:FinishingTackle","Slimebound:OneTwoCombo"],"picked":"Slimebound:LivingWall+1","floor":22.0},{"not_picked":["Slimebound:RollThrough","Slimebound:ItLooksTasty"],"picked":"Slimebound:SplitMire","floor":23.0},{"not_picked":["infinitespire:Menacing","infinitespire:Oblivion"],"picked":"Replay:Fractal Strike","floor":26.0},{"not_picked":["Slimebound:MassFeed","Slimebound:PrepareCrush"],"picked":"Slimebound:Replication","floor":26.0},{"not_picked":["Slimebound:LeechEnergy","Slimebound:RainOfGoop+1","Slimebound:GoopTackle"],"picked":"SKIP","floor":27.0},{"not_picked":["Slimebound:Gluttony+1","Slimebound:TongueLash"],"picked":"Slimebound:SplitMire","floor":28},{"not_picked":["Slimebound:LeadByExample","Slimebound:SplitBruiser"],"picked":"Slimebound:SplitLeeching","floor":29},{"not_picked":["Slimebound:BestDefense+1","Slimebound:FinishingTackle","Slimebound:ViciousTackle"],"picked":"SKIP","floor":31},{"not_picked":["Slimebound:FormOfPuddle","Slimebound:Prepare","Slimebound:LeechingTouch"],"picked":"SKIP","floor":32},{"not_picked":["Slimebound:LeechLife","Slimebound:WasteNot"],"picked":"Slimebound:SelfFormingGoo","floor":33},{"not_picked":["Slimebound:Prepare+1","Slimebound:SplitMire+1"],"picked":"Slimebound:SplitAcid+1","floor":36},{"not_picked":["Slimebound:SplitMire","Slimebound:RollThrough+1"],"picked":"Slimebound:SplitLeeching","floor":37},{"not_picked":["Slimebound:Equalize","Slimebound:ViciousTackle","Slimebound:RollThrough"],"picked":"SKIP","floor":39},{"not_picked":["Slimebound:Equalize","Slimebound:ViciousTackle","Slimebound:RollThrough"],"picked":"SKIP","floor":39},{"not_picked":["Slimebound:BestDefense","Slimebound:SplitLeeching","Slimebound:ItLooksTasty+1"],"picked":"SKIP","floor":40},{"not_picked":["Slimebound:Gluttony","Slimebound:Schlurp"],"picked":"Slimebound:MassRepurpose","floor":42},{"not_picked":["Slimebound:SplitMire+1","Slimebound:ForwardTackle+1","Slimebound:TongueLash+1"],"picked":"SKIP","floor":44},{"not_picked":["Slimebound:LivingWall+1","Slimebound:ComboTackle+1","Slimebound:FlameTackle"],"picked":"SKIP","floor":46},{"not_picked":["ReplayTheSpireMod:Book of Names","infinitespire:FinalStrike"],"picked":"infinitespire:Gouge","floor":48},{"not_picked":["Slimebound:Nibble+1","Slimebound:FinishingTackle+1","Slimebound:Schlurp+1"],"picked":"SKIP","floor":49}],"player_experience":532913,"relics_obtained":[{"floor":8.0,"key":"infinitespire:Lucky Rock"},{"floor":11.0,"key":"Potion Belt"},{"floor":24.0,"key":"MealTicket"},{"floor":26.0,"key":"PreservedInsect"},{"floor":28,"key":"Centennial Puzzle"},{"floor":41,"key":"Regal Pillow"},{"floor":44,"key":"infinitespire:Beetle Shell"}],"event_choices":[],"is_beta":false,"boss_relics":[{"not_picked":["bronze:MakeshiftBattery","Painkiller Herb"],"picked":"SacredBark"},{"not_picked":["Fusion Hammer","Runic Dome"],"picked":"conspire:SpecialSausage"}],"items_purged_floors":[12,42],"is_endless":false,"potions_floor_spawned":[9,11,15,16,19,23,26,29,31,36,46,49],"ascension_level":0}}