{"host":"52lujqhsyicpcskq","time":1612982200,"event":{"mods":["BaseMod","Colored Map","Minty Spire (QoL Compilation)","Permanent Neow","StSLib","SuperFastMode","everything is the same but u backflip on backflip"],"gold_per_floor":[114,134,151,101,120,149,149,162,209,229,242,268,268,285,285,384,384,384,384],"floor_reached":18,"language":"KOR","playtime":693,"items_purged":[],"score":282,"play_id":"ae8c3eba-fa46-422a-a542-f10772f400b8","local_time":"20210211033640","is_ascension_mode":true,"campfire_choices":[{"data":"Infernal Blade","floor":7,"key":"SMITH"},{"data":"Whirlwind","floor":13,"key":"SMITH"},{"data":"Shrug It Off","floor":15,"key":"SMITH"}],"circlet_count":0,"master_deck":["AscendersBane","Strike_R","Strike_R","Strike_R","Strike_R","Defend_R","Defend_R","Defend_R","Defend_R","Bash","Normality","Wild Strike","Second Wind","Clothesline","Whirlwind+1","Infernal Blade+1","Reaper","Flex","Shrug It Off+1","Intimidate","Wild Strike","Double Tap"],"relics":["Burning Blood","Charon\u0027s Ashes","InkBottle","Ancient Tea Set","Eternal Feather","SlaversCollar"],"acts_visited":["Exordium","TheCity"],"potions_floor_usage":[6,12,12,16,16],"damage_taken":[{"damage":4,"enemies":"Small Slimes","floor":1,"turns":4},{"damage":2,"enemies":"2 Louse","floor":2,"turns":4},{"damage":14,"enemies":"Jaw Worm","floor":3,"turns":4},{"damage":4,"enemies":"Large Slime","floor":5,"turns":4},{"damage":20,"enemies":"Lagavulin","floor":6,"turns":5},{"damage":9,"enemies":"Blue Slaver","floor":8,"turns":3},{"damage":0,"enemies":"Lots of Slimes","floor":10,"turns":1},{"damage":3,"enemies":"Large Slime","floor":11,"turns":3},{"damage":42,"enemies":"3 Sentries","floor":12,"turns":5},{"damage":3,"enemies":"Exordium Thugs","floor":14,"turns":2},{"damage":69,"enemies":"The Guardian","floor":16,"turns":12},{"damage":45,"enemies":"Spheric Guardian","floor":18,"turns":5}],"seed_played":"-3941215228013978163","potions_obtained":[{"floor":2,"key":"PowerPotion"},{"floor":5,"key":"LiquidBronze"},{"floor":8,"key":"SpeedPotion"},{"floor":10,"key":"EntropicBrew"}],"is_trial":false,"path_per_floor":["M","M","M","?","M","E","R","M","T","M","M","E","R","M","R","B",null,"M"],"character_chosen":"IRONCLAD","items_purchased":[],"campfire_rested":0,"item_purchase_floors":[],"current_hp_per_floor":[74,78,70,70,72,58,58,55,55,61,64,36,48,59,71,12,63,18,18],"gold":384,"neow_bonus":"ONE_RARE_RELIC","is_daily":false,"chose_seed":false,"campfire_upgraded":3,"win_rate":0.0,"timestamp":1612982200,"path_taken":["M","M","M","?","M","E","R","M","T","M","M","E","R","M","R","BOSS","M"],"items_purchased_type":[],"build_version":"2020-12-22","purchased_purges":0,"victory":false,"max_hp_per_floor":[80,80,80,80,80,80,80,80,80,80,80,80,80,80,80,80,80,80,80],"card_choices":[{"not_picked":["Pummel","Body Slam"],"picked":"Wild Strike","floor":1},{"not_picked":["Cleave","Thunderclap"],"picked":"Second Wind","floor":2},{"not_picked":["Iron Wave","Cleave"],"picked":"Clothesline","floor":3},{"not_picked":["Metallicize","Sentinel"],"picked":"Whirlwind","floor":5},{"not_picked":["True Grit","Clash"],"picked":"Infernal Blade","floor":6},{"not_picked":["Clash","Entrench"],"picked":"Reaper","floor":8},{"not_picked":["Rupture","Ghostly Armor"],"picked":"Flex","floor":10},{"not_picked":["Burning Pact","Pummel"],"picked":"Shrug It Off","floor":11},{"not_picked":["Clothesline","Entrench"],"picked":"Intimidate","floor":12},{"not_picked":["Sword Boomerang","Headbutt"],"picked":"Wild Strike","floor":14},{"not_picked":["Juggernaut","Corruption"],"picked":"Double Tap","floor":16}],"player_experience":779222,"relics_obtained":[{"floor":6,"key":"InkBottle"},{"floor":9,"key":"Ancient Tea Set"},{"floor":12,"key":"Eternal Feather"}],"event_choices":[{"cards_removed":["Strike_R"],"damage_healed":0,"gold_gain":0,"player_choice":"Card Removal","damage_taken":0,"max_hp_gain":0,"max_hp_loss":0,"event_name":"The Cleric","floor":4,"gold_loss":50}],"is_beta":false,"boss_relics":[{"not_picked":["Busted Crown","Coffee Dripper"],"picked":"SlaversCollar"}],"items_purged_floors":[],"is_endless":false,"potions_floor_spawned":[2,5,8,10,12],"killed_by":"Spheric Guardian","ascension_level":12}}