{"host":"gh97pv908ci4ql26","time":1612922372,"event":{"mods":["AchievementEnabler","BaseMod","Block Reminder","Colored Powertips","Emptier Cage","Highlight Path","Minty Spire (QoL Compilation)","Permanent Neow","Quick Restart","Relic Sorter","StSLib","Together in Spire","everything is the same but u backflip on backflip","slay the spire mod where everything is the same but ironclad has a cowboy hat"],"gold_per_floor":[109,109,184,184,202,235,235,254,328,341,399,349,45,45,45,45,45],"floor_reached":16,"language":"ENG","playtime":1957,"items_purged":["Strike_B"],"score":98,"play_id":"ed96b8b8-b35f-4c21-9c6f-225e3c611849","local_time":"20210209175932","is_ascension_mode":false,"campfire_choices":[{"floor":7,"key":"REST"},{"floor":15,"key":"REST"}],"circlet_count":0,"master_deck":["Strike_B","Defend_B","Defend_B","Defend_B","Zap","Dualcast","Sweeping Beam","Melter","Beam Cell","Gash","Conserve Battery","Amplify","Capacitor","Defragment","Steam","Stack"],"relics":["Cracked Core","Bag of Marbles","Prayer Wheel","Question Card","Anchor","Membership Card","Lantern"],"acts_visited":["Exordium"],"potions_floor_usage":[11,11,16],"damage_taken":[{"damage":11,"enemies":"2 Louse","floor":1,"turns":3},{"damage":1,"enemies":"Jaw Worm","floor":5,"turns":3},{"damage":34,"enemies":"3 Sentries","floor":6,"turns":7},{"damage":0,"enemies":"Small Slimes","floor":8,"turns":2},{"damage":1,"enemies":"Red Slaver","floor":10,"turns":2},{"damage":24,"enemies":"3 Sentries","floor":11,"turns":7},{"damage":33,"enemies":"The Guardian","floor":16,"turns":6}],"seed_played":"-3730229016388669698","potions_obtained":[{"floor":1,"key":"PowerPotion"},{"floor":8,"key":"PowerPotion"},{"floor":10,"key":"ColorlessPotion"}],"is_trial":false,"path_per_floor":["M","?","?","?","M","E","R","M","T","M","?","?","$","?","R","B"],"character_chosen":"DEFECT","items_purchased":["Membership Card","Lantern","Steam","Stack"],"campfire_rested":2,"item_purchase_floors":[13,13,13,13],"current_hp_per_floor":[57,57,46,46,45,11,31,31,31,30,6,6,6,6,26,0,0],"gold":45,"neow_bonus":"REMOVE_TWO","is_daily":false,"chose_seed":false,"campfire_upgraded":0,"win_rate":0.0,"timestamp":1612922372,"path_taken":["M","?","?","?","M","E","R","?","T","M","?","?","?","?","R","BOSS"],"items_purchased_type":["Relic","Relic","Card","Card"],"build_version":"2020-12-22","purchased_purges":1,"victory":false,"max_hp_per_floor":[68,68,68,68,68,68,68,68,68,68,68,68,68,68,68,68,68],"card_choices":[{"not_picked":["Force Field","Rebound"],"picked":"Sweeping Beam","floor":1},{"not_picked":["Doom and Gloom","Hologram"],"picked":"Melter","floor":5},{"not_picked":["Steam","Stack"],"picked":"Beam Cell","floor":6},{"not_picked":["Turbo","Rebound"],"picked":"Gash","floor":8},{"not_picked":["Redo","Barrage"],"picked":"Conserve Battery","floor":8},{"not_picked":["Hologram","Gash","Coolheaded"],"picked":"Amplify","floor":10},{"not_picked":["Streamline","Hello World","Cold Snap"],"picked":"Capacitor","floor":10},{"not_picked":["Conserve Battery","Blizzard","Consume"],"picked":"Defragment","floor":11}],"player_experience":72541,"relics_obtained":[{"floor":6,"key":"Prayer Wheel"},{"floor":9,"key":"Question Card"}],"event_choices":[{"damage_healed":0,"gold_gain":0,"player_choice":"Box","damage_taken":0,"relics_obtained":["Bag of Marbles"],"max_hp_gain":0,"max_hp_loss":0,"event_name":"Big Fish","floor":2,"gold_loss":0,"cards_obtained":["Regret"]},{"damage_healed":0,"gold_gain":75,"player_choice":"Gather Gold","damage_taken":11,"max_hp_gain":0,"max_hp_loss":0,"event_name":"World of Goop","floor":3,"gold_loss":0},{"cards_removed":["Regret"],"damage_healed":0,"gold_gain":0,"player_choice":"Purged","damage_taken":0,"max_hp_gain":0,"max_hp_loss":0,"event_name":"Purifier","floor":4,"gold_loss":0},{"damage_healed":0,"gold_gain":0,"player_choice":"Searched \u00272\u0027 times","damage_taken":0,"relics_obtained":["Anchor"],"max_hp_gain":0,"max_hp_loss":0,"event_name":"Dead Adventurer","floor":11,"gold_loss":0},{"cards_removed":["Strike_B"],"damage_healed":0,"gold_gain":0,"player_choice":"Card Removal","damage_taken":0,"max_hp_gain":0,"max_hp_loss":0,"event_name":"The Cleric","floor":12,"gold_loss":50},{"damage_healed":0,"gold_gain":0,"player_choice":"Fled","damage_taken":0,"max_hp_gain":0,"max_hp_loss":0,"event_name":"Scrap Ooze","floor":14,"gold_loss":0}],"is_beta":false,"boss_relics":[],"items_purged_floors":[13],"is_endless":false,"potions_floor_spawned":[1,8,10],"killed_by":"The Guardian","ascension_level":0}}