{"host":"5h6e4l6hpn0p5lap","time":1612923842,"event":{"mods":["AchievementEnabler","BaseMod","Better Altar","Better Match","Better Sensory Stone","Better Skull","Better Third Choice","Colored Map","Filter the Spire","Minty Spire (QoL Compilation)","StSLib"],"gold_per_floor":[15,27,45,45,105,135,135,150,174,243,243,275,349,369,369,474,474,485,553,573,286,298,341,341,316,316,202,202,252,252,268,268,268,268],"floor_reached":33,"language":"ENG","playtime":1041,"items_purged":["Strike_R"],"score":346,"play_id":"a6b5a2c1-4e86-4b03-9e1d-2541facc41d6","local_time":"20210209212402","is_ascension_mode":true,"campfire_choices":[{"data":"Whirlwind","floor":7,"key":"SMITH"},{"data":"Sword Boomerang","floor":11,"key":"SMITH"},{"floor":15,"key":"REST"},{"floor":24,"key":"REST"},{"data":"True Grit","floor":28,"key":"SMITH"},{"data":"Fire Breathing","floor":30,"key":"SMITH"},{"data":"Clothesline","floor":32,"key":"SMITH"}],"circlet_count":0,"master_deck":["Strike_R","Strike_R","Defend_R+1","Defend_R+1","Defend_R","Defend_R","Bash","Whirlwind+1","Clothesline+1","Anger","Sword Boomerang+1","Feed","Pommel Strike","Twin Strike","Double Tap","Juggernaut","Flame Barrier+1","Fire Breathing+1","Pummel","Disarm","True Grit+1"],"relics":["Burning Blood","Peace Pipe","SsserpentHead","Meat on the Bone","Omamori","Red Skull","CeramicFish","Mark of Pain","Bronze Scales","Orichalcum","War Paint","Lantern"],"acts_visited":["Exordium","TheCity"],"potions_floor_usage":[6,12,23,33],"damage_taken":[{"damage":7,"enemies":"Small Slimes","floor":1,"turns":4},{"damage":1,"enemies":"Cultist","floor":2,"turns":3},{"damage":5,"enemies":"Jaw Worm","floor":3,"turns":4},{"damage":7,"enemies":"Looter","floor":5,"turns":3},{"damage":28,"enemies":"Gremlin Nob","floor":6,"turns":4},{"damage":5,"enemies":"Blue Slaver","floor":8,"turns":4},{"damage":0,"enemies":"Large Slime","floor":10,"turns":4},{"damage":45,"enemies":"Lagavulin","floor":12,"turns":6},{"damage":26,"enemies":"Exordium Thugs","floor":14,"turns":3},{"damage":55,"enemies":"The Guardian","floor":16,"turns":12},{"damage":26,"enemies":"2 Thieves","floor":18,"turns":4},{"damage":28,"enemies":"Spheric Guardian","floor":20,"turns":4},{"damage":12,"enemies":"Chosen and Byrds","floor":22,"turns":4},{"damage":30,"enemies":"Book of Stabbing","floor":23,"turns":4},{"damage":9,"enemies":"Snecko","floor":31,"turns":5},{"damage":86,"enemies":"Automaton","floor":33,"turns":6}],"seed_played":"-945465901973619328","potions_obtained":[{"floor":1,"key":"Strength Potion"},{"floor":3,"key":"Dexterity Potion"},{"floor":6,"key":"Explosive Potion"},{"floor":16,"key":"BlessingOfTheForge"},{"floor":18,"key":"SpeedPotion"},{"floor":20,"key":"FearPotion"},{"floor":23,"key":"ElixirPotion"}],"is_trial":false,"path_per_floor":["M","M","M","?","M","E","R","M","T","M","R","E","T","M","R","B",null,"M","?","M","$","M","E","R","?","T","$","R","?","R","M","R","B"],"character_chosen":"IRONCLAD","items_purchased":["Bronze Scales","Fire Breathing","Pummel","True Grit"],"campfire_rested":2,"item_purchase_floors":[21,21,21,27],"current_hp_per_floor":[79,80,80,80,79,57,57,58,58,64,64,37,37,32,56,19,67,50,50,43,43,52,40,67,67,67,67,67,67,67,64,64,0,0],"gold":268,"neow_bonus":"ONE_RARE_RELIC","is_daily":false,"chose_seed":false,"campfire_upgraded":5,"win_rate":0.0,"timestamp":1612923842,"path_taken":["M","M","M","?","?","E","R","M","T","?","R","E","?","M","R","BOSS","M","?","M","$","M","E","R","?","T","$","R","?","R","M","R","BOSS"],"items_purchased_type":["Relic","Card","Card","Card"],"build_version":"2020-12-22","purchased_purges":1,"victory":false,"max_hp_per_floor":[80,80,80,80,80,80,80,80,80,80,80,80,80,83,83,83,83,86,86,89,89,92,92,92,92,92,92,92,92,92,92,92,92,92],"card_choices":[{"not_picked":["Iron Wave","Cleave"],"picked":"Whirlwind","floor":1},{"not_picked":["Infernal Blade","Wild Strike"],"picked":"Clothesline","floor":2},{"not_picked":["Seeing Red","Armaments"],"picked":"Anger","floor":3},{"not_picked":["Rampage","Offering"],"picked":"Sword Boomerang","floor":5},{"not_picked":["Anger","Body Slam","Clash"],"picked":"SKIP","floor":6},{"not_picked":["Iron Wave","Body Slam","Dual Wield"],"picked":"SKIP","floor":8},{"not_picked":["Iron Wave","Armaments"],"picked":"Feed","floor":10},{"not_picked":["Evolve","Body Slam"],"picked":"Pommel Strike","floor":12},{"not_picked":["Headbutt","Rampage"],"picked":"Twin Strike","floor":14},{"not_picked":["Feed","Berserk"],"picked":"Offering","floor":16},{"not_picked":["Armaments","Havoc","Cleave"],"picked":"SKIP","floor":18},{"not_picked":["Flex+1","Wild Strike"],"picked":"Flame Barrier+1","floor":20},{"not_picked":["Offering","Uppercut","Thunderclap"],"picked":"SKIP","floor":22},{"not_picked":["Wild Strike","Shrug It Off"],"picked":"Disarm","floor":23},{"not_picked":["Metallicize","Thunderclap","Entrench+1"],"picked":"SKIP","floor":31}],"player_experience":1092754,"relics_obtained":[{"floor":6,"key":"Meat on the Bone"},{"floor":9,"key":"Omamori"},{"floor":12,"key":"Red Skull"},{"floor":13,"key":"CeramicFish"},{"floor":23,"key":"Orichalcum"},{"floor":26,"key":"War Paint"}],"event_choices":[{"damage_healed":0,"gold_gain":0,"player_choice":"Trade","damage_taken":0,"relics_obtained":["SsserpentHead"],"max_hp_gain":0,"max_hp_loss":0,"event_name":"FaceTrader","floor":4,"gold_loss":0},{"damage_healed":0,"gold_gain":0,"cards_transformed":["Strike_R","Strike_R"],"player_choice":"Became Test Subject","damage_taken":0,"max_hp_gain":0,"max_hp_loss":0,"event_name":"Drug Dealer","floor":19,"gold_loss":0,"cards_obtained":["Double Tap","Juggernaut"]},{"cards_removed":["Offering"],"damage_healed":0,"gold_gain":0,"player_choice":"Gave Gold","damage_taken":0,"max_hp_gain":0,"max_hp_loss":0,"event_name":"Beggar","floor":25,"gold_loss":75},{"damage_healed":0,"gold_gain":0,"player_choice":"Opened","damage_taken":0,"relics_obtained":["Lantern"],"max_hp_gain":0,"max_hp_loss":0,"event_name":"The Mausoleum","floor":29,"gold_loss":0,"cards_obtained":["Writhe"]}],"is_beta":false,"boss_relics":[{"not_picked":["Runic Pyramid","Coffee Dripper"],"picked":"Mark of Pain"}],"items_purged_floors":[27],"is_endless":false,"potions_floor_spawned":[1,3,6,16,18,20,23],"killed_by":"Automaton","ascension_level":5}}