{"host":"pfy6u49v5s5r680p","time":1612964893,"event":{"mods":["BaseMod","Colored Map","DeckTracker","Highlight Path","Keyboard Shortcuts","Minty Spire (QoL Compilation)","Permanent Neow","Quick Restart","StSLib","SuperFastMode","everything is the same but u backflip on backflip"],"gold_per_floor":[117,127,52,70,70,70,85,16,16,50,74,85,85,85],"floor_reached":13,"language":"KOR","playtime":357,"items_purged":["Strike_P"],"score":115,"play_id":"a717b823-52e5-4171-a5b9-f51b1dd82753","local_time":"20210210224813","is_ascension_mode":true,"campfire_choices":[{"data":"Eruption","floor":6,"key":"SMITH"}],"circlet_count":0,"master_deck":["Strike_P","Strike_P","Strike_P","Defend_P","Defend_P","Defend_P","Eruption+1","Vigilance","Worship","Indignation","InnerPeace"],"relics":["PureWater","Art of War","Singing Bowl","Odd Mushroom"],"acts_visited":["Exordium"],"potions_floor_usage":[10,11,13],"damage_taken":[{"damage":3,"enemies":"2 Louse","floor":1,"turns":3},{"damage":0,"enemies":"Jaw Worm","floor":2,"turns":3},{"damage":0,"enemies":"Small Slimes","floor":4,"turns":3},{"damage":7,"enemies":"2 Fungi Beasts","floor":7,"turns":5},{"damage":5,"enemies":"Lagavulin","floor":10,"turns":5},{"damage":25,"enemies":"The Mushroom Lair","floor":11,"turns":3},{"damage":8,"enemies":"Blue Slaver","floor":12,"turns":4},{"damage":27,"enemies":"Gremlin Nob","floor":13,"turns":3}],"seed_played":"1137394895042932588","potions_obtained":[{"floor":1,"key":"Strength Potion"},{"floor":2,"key":"Energy Potion"},{"floor":7,"key":"Explosive Potion"}],"is_trial":false,"path_per_floor":["M","M","$","M","$","R","M","$","T","E","?","M","E"],"character_chosen":"WATCHER","items_purchased":["InnerPeace"],"campfire_rested":0,"item_purchase_floors":[8],"current_hp_per_floor":[62,62,62,62,62,62,55,55,55,52,29,23,0,0],"gold":85,"neow_bonus":"TRANSFORM_CARD","is_daily":false,"chose_seed":false,"campfire_upgraded":1,"win_rate":0.0,"timestamp":1612964893,"path_taken":["M","M","$","M","$","R","M","$","T","E","?","M","E"],"items_purchased_type":["Card"],"build_version":"2020-12-22","purchased_purges":1,"victory":false,"max_hp_per_floor":[72,72,72,72,72,72,72,72,72,74,76,78,78,78],"card_choices":[{"not_picked":["Swivel","Halt","WreathOfFlame"],"picked":"SKIP","floor":1},{"not_picked":["Evaluate","CrushJoints","Crescendo"],"picked":"SKIP","floor":2},{"not_picked":["SashWhip","BowlingBash","CrushJoints"],"picked":"SKIP","floor":4},{"not_picked":["Perseverance","FlurryOfBlows"],"picked":"Indignation","floor":7},{"not_picked":["WindmillStrike","FlurryOfBlows","DeceiveReality"],"picked":"Singing Bowl","floor":10},{"not_picked":["WaveOfTheHand","EmptyFist","ConjureBlade"],"picked":"Singing Bowl","floor":11},{"not_picked":["FlyingSleeves","JustLucky","SashWhip"],"picked":"Singing Bowl","floor":12}],"player_experience":175494,"relics_obtained":[{"floor":9,"key":"Art of War"},{"floor":10,"key":"Singing Bowl"},{"floor":11,"key":"Odd Mushroom"}],"event_choices":[{"damage_healed":0,"gold_gain":0,"player_choice":"Fought Mushrooms","damage_taken":0,"max_hp_gain":0,"max_hp_loss":0,"event_name":"Mushrooms","floor":11,"gold_loss":0}],"is_beta":false,"boss_relics":[],"items_purged_floors":[3],"is_endless":false,"potions_floor_spawned":[1,2,7],"killed_by":"Gremlin Nob","ascension_level":7}}