{"host":"p6x4b30m1ltzgl6z","time":1612977132,"event":{"mods":["2.2 Compatiblity","Act Like it!","BaseMod","Colored Powertips","Curses Come First","Defective Defect","Gensokyo","GifTheSpireLib","Halation","Hallownest","Infinite Spire","Marisa????????","Minty Spire (QoL Compilation)","Quick Restart","Rare Cards Sparkle","Reimu??????","Replay The Spire","StSLib","Stuff the Spire","The Bug Knight","The Servant 0.9.4","everything is the same but u backflip on backflip","slay the spire mod where everything is the same but ironclad has a cowboy hat"],"gold_per_floor":[114,194,1,1,15,15,15,47,67,67,67,67,84,99,99,153,153,265,265,276,295,295,295],"floor_reached":22,"language":"ENG","playtime":1701,"items_purged":[],"score":232,"play_id":"8bd1ce7a-0be3-40d2-9569-1cd4f2bafb71","local_time":"20210210111212","is_ascension_mode":false,"campfire_choices":[{"data":"Defend_MRS","floor":10,"key":"SMITH"},{"floor":12,"key":"REST"},{"floor":17,"key":"REST"}],"circlet_count":0,"master_deck":["Strike_MRS","Strike_MRS","Strike_MRS","Strike_MRS","Defend_MRS+1","Defend_MRS","Defend_MRS","Defend_MRS","MasterSpark","UpSweep","Gensokyo:RustyChest","SprinkleStarSeal","SporeBomb","WitchOfGreed","PowerUp","EnergyFlow+1","AsteroidBelt","EnergyFlow","EarthLightRay","OrrerysSun+1"],"relics":["BewitchedHakkero","NeowsBlessing","Sling","infinitespire:PuzzleCube","Replay:Bottled Flurry","StuffTheSpire:Barrel"],"acts_visited":["Gensokyo:Gensokyo","Gensokyo:Gensokyoer"],"potions_floor_usage":[13,13,14,20,20],"damage_taken":[{"damage":0,"enemies":"Gensokyo:3_Fairies","floor":1,"turns":1},{"damage":0,"enemies":"Gensokyo:Python","floor":5,"turns":1},{"damage":0,"enemies":"Gensokyo:Aya","floor":8,"turns":1},{"damage":3,"enemies":"Gensokyo:Gryphon","floor":9,"turns":4},{"damage":0,"enemies":"Gensokyo:Python_and_Kodama","floor":13,"turns":5},{"damage":32,"enemies":"Gensokyo:Python_and_Kodama","floor":14,"turns":10},{"damage":14,"enemies":"Gensokyo:Kokoro","floor":18,"turns":9},{"damage":42,"enemies":"Gensokyo:2_Gloops","floor":20,"turns":6},{"damage":16,"enemies":"Gensokyo:Chomper","floor":21,"turns":6},{"damage":27,"enemies":"Gensokyo:Monolith_and_Dog","floor":22,"turns":4}],"seed_played":"6242493692827758005","potions_obtained":[{"floor":8,"key":"PowerPotion"},{"floor":9,"key":"SkillPotion"},{"floor":13,"key":"ZuzhouPotion:ReiMu"},{"floor":14,"key":"Death Potion"},{"floor":18,"key":"Milkshake"},{"floor":18,"key":"ShroomBrew"}],"is_trial":false,"path_per_floor":["M","?","COS","?","M","PTL","PTL","E","M","R","T","R","M","?","?","T","R","B",null,"M","M","M"],"character_chosen":"MARISA","items_purchased":[],"campfire_rested":2,"item_purchase_floors":[],"current_hp_per_floor":[75,75,75,75,75,75,75,75,72,72,72,75,75,43,43,43,65,51,75,33,21,0,0],"gold":295,"neow_bonus":"THREE_ENEMY_KILL","is_daily":false,"chose_seed":false,"campfire_upgraded":1,"win_rate":0.0,"timestamp":1612977132,"path_taken":["M","?","COS","?","M","PTL","PTL","E","E","M","R","T","R","?","?","?","?","R","BOSS","M","M","?"],"items_purchased_type":[],"build_version":"2020-12-22","purchased_purges":0,"victory":false,"max_hp_per_floor":[75,75,75,75,75,75,75,75,75,75,75,75,75,75,75,75,75,75,75,75,75,75,75],"card_choices":[{"not_picked":["ShootingEcho","6A","BlazeAway"],"picked":"SKIP","floor":1},{"not_picked":["LuminesStrike","PropBag"],"picked":"SprinkleStarSeal","floor":4},{"not_picked":["AsteroidBelt","6A"],"picked":"SporeBomb","floor":4},{"not_picked":["ChargeUpSpray","SporeBomb"],"picked":"WitchOfGreed","floor":5},{"not_picked":["6A","NonDirectionalLaser"],"picked":"PowerUp","floor":8},{"not_picked":["MagicAbsorber+1","MagicChant+1"],"picked":"EnergyFlow+1","floor":9},{"not_picked":["RefractionSpark","GrandCross"],"picked":"AsteroidBelt","floor":9},{"not_picked":["LuminesStrike","SporeBomb"],"picked":"Acceleration","floor":13},{"not_picked":["GravityBeat","WitchOfGreed+1"],"picked":"EarthLightRay","floor":20},{"not_picked":["DC","ChargeUpSpray"],"picked":"OrrerysSun+1","floor":21}],"player_experience":173681,"relics_obtained":[{"floor":8,"key":"infinitespire:PuzzleCube"},{"floor":11,"key":"Replay:Bottled Flurry"},{"floor":16,"key":"StuffTheSpire:Barrel"}],"event_choices":[],"is_beta":false,"boss_relics":[{"not_picked":["halation:ForbiddenBikini","Replay:Ancient Bell"],"picked":"BewitchedHakkero"}],"items_purged_floors":[],"is_endless":false,"potions_floor_spawned":[8,9,13,18],"killed_by":"Gensokyo:Monolith_and_Dog","ascension_level":0}}