{"host":"9slw7l0ws16384qq","time":1612950921,"event":{"mods":["A Penny For Your Troubles","BaseMod","Colored Map","Downfall","Evolution","Hubris","Minty Spire (QoL Compilation)","Replay The Spire","StS++","StSLib"],"gold_per_floor":[99,109,128,145,159,174,174,174,199,199,213,232,232,266,286,286,286,286],"floor_reached":16,"language":"FRA","playtime":798,"items_purged":[],"score":191,"play_id":"bd3263cc-2a94-48ee-8907-31cfed86a0a1","local_time":"20210210105521","is_ascension_mode":true,"campfire_choices":[{"data":"Guardian:RefractedBeam","floor":8.0,"key":"SMITH"}],"circlet_count":0,"master_deck":["AscendersBane","Guardian:Incinerate","Guardian:Strike_Guardian","Guardian:Strike_Guardian","Guardian:Defend_Guardian","Guardian:Defend_Guardian","Guardian:Defend_Guardian","Guardian:Defend_Guardian","Guardian:CurlUp","Guardian:TwinSlam","Replay:Hysterical Blindness","Normality","Guardian:RefractedBeam+1","Guardian:Gem_White","Guardian:Gem_Fragmented","Guardian:Gem_Cyan"],"relics":["Guardian:ModeShifter","EVO:Axolotl","hubris:64BitClover","ReplayTheSpireMod:Ring of Addiction","Ring of Hypnosis","Potion Belt","hubris:EmptyBottle","Singing Bowl","Letter Opener","StSpp:BrokenTotem","Centennial Puzzle"],"acts_visited":["Exordium"],"potions_floor_usage":[12,12,12,14,14,15,15,16,16,16,16],"damage_taken":[{"damage":1.0,"enemies":"Small Slimes","floor":2.0,"turns":5.0},{"damage":2.0,"enemies":"Cultist","floor":3.0,"turns":4.0},{"damage":0.0,"enemies":"2 Louse","floor":4.0,"turns":3.0},{"damage":13.0,"enemies":"Exordium Thugs","floor":5.0,"turns":4.0},{"damage":5.0,"enemies":"2 Fungi Beasts","floor":6.0,"turns":4.0},{"damage":25.0,"enemies":"3 Sentries","floor":9.0,"turns":8.0},{"damage":3.0,"enemies":"3 Louse","floor":11.0,"turns":3.0},{"damage":0,"enemies":"Exordium Wildlife","floor":12,"turns":3},{"damage":27,"enemies":"Gremlin Nob","floor":14,"turns":5},{"damage":15,"enemies":"Gremlin Gang","floor":15,"turns":8},{"damage":52,"enemies":"WA_ARCHETYPE_RETAIN","floor":16,"turns":10}],"seed_played":"24950774806841223","potions_obtained":[{"floor":1.0,"key":"Fruit Juice"},{"floor":1.0,"key":"StSpp:InhibitionPotion"},{"floor":1.0,"key":"StSpp:ScatteredPotion"},{"floor":2.0,"key":"champ:CounterPotion"},{"floor":3.0,"key":"SkillPotion"},{"floor":4.0,"key":"Regen Potion"},{"floor":11.0,"key":"FearPotion"},{"floor":13,"key":"SteroidPotion"},{"floor":15,"key":"Dexterity Potion"}],"is_trial":false,"path_per_floor":["R_BF","M","M","M","M","M","T","R","E","?","M","M","?","E","M","B"],"character_chosen":"GUARDIAN","items_purchased":[],"campfire_rested":0,"item_purchase_floors":[],"current_hp_per_floor":[77,76,79,79,66,61,61,61,38,38,35,35,35,10,46,0,0,0],"gold":286,"neow_bonus":"ONE_RARE_RELIC","is_daily":false,"chose_seed":false,"campfire_upgraded":1,"win_rate":0.0,"timestamp":1612950921,"path_taken":["R_BF","M","M","?","M","M","T","R","E","?","M","M","?","E","M","BOSS"],"items_purchased_type":[],"build_version":"2020-12-22","purchased_purges":0,"victory":false,"max_hp_per_floor":[85,85,90,90,90,90,90,90,90,90,90,90,90,92,94,94,94,94],"card_choices":[{"not_picked":["Guardian:Recover","Guardian:RefractedBeam","Guardian:WalkerClaw"],"picked":"SKIP","floor":2.0},{"not_picked":["Guardian:Recover","Guardian:WalkerClaw"],"picked":"Guardian:RefractedBeam","floor":2.0},{"not_picked":["Guardian:Emergency","Guardian:ShieldCharger","Guardian:RefractedBeam"],"picked":"SKIP","floor":3.0},{"not_picked":["Guardian:Emergency","Guardian:Recover","Guardian:WalkerClaw"],"picked":"SKIP","floor":4.0},{"not_picked":["Guardian:PrismaticBarrier","Guardian:BronzeArmor"],"picked":"Guardian:Gem_Fragmented","floor":5.0},{"not_picked":["Guardian:HyperBeam_Guardian","Guardian:Gem_Lightblue"],"picked":"Guardian:Gem_White","floor":6.0},{"not_picked":["Guardian:Gem_Red","Guardian:Reroute","Guardian:SpikerProtocol"],"picked":"Singing Bowl","floor":9.0},{"not_picked":["Guardian:CrystalBeam","Guardian:EvasiveProtocol"],"picked":"Guardian:Gem_Fragmented","floor":11.0},{"not_picked":["Guardian:Gem_Red","Guardian:SentryBeam"],"picked":"Guardian:Gem_Cyan","floor":12},{"not_picked":["Guardian:TemporalStrike","Guardian:Incinerate","Guardian:Emergency"],"picked":"Singing Bowl","floor":14},{"not_picked":["Guardian:Reroute","Guardian:ShieldCharger","Guardian:PrismaticBeam"],"picked":"Singing Bowl","floor":15}],"player_experience":1676999,"relics_obtained":[{"floor":1.0,"key":"ReplayTheSpireMod:Ring of Addiction"},{"floor":1.0,"key":"Ring of Hypnosis"},{"floor":1.0,"key":"Potion Belt"},{"floor":1.0,"key":"hubris:EmptyBottle"},{"floor":7.0,"key":"Singing Bowl"},{"floor":9.0,"key":"Letter Opener"},{"floor":12,"key":"StSpp:BrokenTotem"},{"floor":14,"key":"Centennial Puzzle"}],"event_choices":[{"damage_healed":0,"gold_gain":0,"player_choice":"Got Potions","damage_taken":0,"max_hp_gain":0,"max_hp_loss":0,"event_name":"Lab","floor":13,"gold_loss":0}],"is_beta":false,"boss_relics":[],"items_purged_floors":[],"is_endless":false,"potions_floor_spawned":[2,3,4,11,15],"killed_by":"WA_ARCHETYPE_RETAIN","ascension_level":13}}