{"host":"am0cr9xwekqmrere","time":1612975012,"event":{"mods":["AchievementEnabler","Act Like it!","BaseMod","Better Altar","Better Match","Better Note","Better Sensory Stone","Better Skull","Better Third Choice","BetterRewards","Conspire","Downfall","Hubris","Infinite Spire","Minty Spire (QoL Compilation)","Rare Cards Sparkle","Spicy Shops","StSLib","Unceasing Turn Reminder"],"gold_per_floor":[99,119,104,120,133,408,408,308,333,333,353,387,405,405,405,405],"floor_reached":14,"language":"ENG","playtime":555,"items_purged":[],"score":130,"play_id":"f6b0af5a-8b9c-49d1-a739-625b39598789","local_time":"20210210103652","is_ascension_mode":true,"campfire_choices":[{"data":"bronze:Replicate","floor":1,"key":"SMITH"},{"data":"bronze:Separator","floor":8,"key":"SMITH"},{"data":"bronze:BuggyMess","floor":10,"key":"SMITH"}],"circlet_count":0,"master_deck":["bronze:Strike","bronze:Strike","bronze:Strike","bronze:Strike","bronze:Defend","bronze:Defend","bronze:Defend","bronze:Defend","bronze:Replicate+1","bronze:Goto","bronze:BuggyMess+1","bronze:Terminator","bronze:Separator+1","bronze:BronzeOrb","Regret","bronze:ChosenStrike","bronze:Shield","bronze:Hardcode","bronze:ForceShield"],"relics":["bronze:BronzeCore","downfall:HeartBlessingBlue","Centennial Puzzle","hubris:DeckOfHolding"],"acts_visited":["Exordium"],"potions_floor_usage":[12,14],"damage_taken":[{"damage":0,"enemies":"Cultist","floor":2,"turns":4},{"damage":7,"enemies":"downfall:FleeingMerchant","floor":3,"turns":4},{"damage":8,"enemies":"Jaw Worm","floor":4,"turns":6},{"damage":0,"enemies":"Small Slimes","floor":5,"turns":3},{"damage":13,"enemies":"Gremlin Nob","floor":9,"turns":3},{"damage":1,"enemies":"Blue Slaver","floor":11,"turns":2},{"damage":17,"enemies":"Lagavulin","floor":12,"turns":5},{"damage":5,"enemies":"Red Slaver","floor":13,"turns":3},{"damage":39,"enemies":"Gremlin Nob","floor":14,"turns":3}],"seed_played":"4392459751503959931","potions_obtained":[{"floor":4,"key":"Swift Potion"},{"floor":5,"key":"PowerPotion"},{"floor":11,"key":"ColorlessPotion"}],"is_trial":false,"path_per_floor":["R","M","$","M","M","?","T","R","E","R","M","E","M","E"],"character_chosen":"THE_AUTOMATON","items_purchased":[],"campfire_rested":0,"item_purchase_floors":[],"current_hp_per_floor":[77,77,70,62,62,62,62,72,59,59,58,41,36,0,0,0],"gold":405,"neow_bonus":"TEN_PERCENT_HP_BONUS","is_daily":false,"chose_seed":false,"campfire_upgraded":3,"win_rate":0.0,"timestamp":1612975012,"path_taken":["R","M","$","?","M","?","T","R","E","R","?","E","?","E"],"items_purchased_type":[],"build_version":"2020-12-22","purchased_purges":0,"victory":false,"max_hp_per_floor":[77,77,77,77,77,77,77,87,87,87,87,87,87,87,87,87],"card_choices":[{"not_picked":["bronze:FineTuning","bronze:InfiniteBeams"],"picked":"bronze:BuggyMess","floor":2},{"not_picked":["bronze:ClassDefault","bronze:WildBeam"],"picked":"bronze:Terminator","floor":3},{"not_picked":["bronze:Terminator","bronze:FollowUp"],"picked":"bronze:Separator","floor":4},{"not_picked":["bronze:Deprecate","bronze:Turbo"],"picked":"bronze:BronzeOrb","floor":5},{"not_picked":["bronze:BugBarrage","bronze:DelayedGuard"],"picked":"bronze:ChosenStrike","floor":9},{"not_picked":["bronze:Branch","bronze:Fortify"],"picked":"bronze:Shield","floor":11},{"not_picked":["bronze:Boost","bronze:BitShift"],"picked":"bronze:Hardcode","floor":12},{"not_picked":["bronze:BronzeArmor","bronze:ChosenStrike"],"picked":"bronze:ForceShield","floor":13}],"player_experience":2763114,"relics_obtained":[{"floor":9,"key":"Centennial Puzzle"},{"floor":12,"key":"hubris:DeckOfHolding"}],"event_choices":[],"is_beta":false,"boss_relics":[],"items_purged_floors":[],"is_endless":false,"potions_floor_spawned":[4,5,11],"killed_by":"Gremlin Nob","ascension_level":1}}