{"host":"z609fbm6pkeriks8","time":1612934787,"event":{"mods":["AchievementEnabler","BaseMod","Colored Map","Colored Powertips","Highlight Path","Marisa£®ÏF”Í°°ƒß¿Ì…≥£©","Minty Spire (QoL Compilation)","StSLib"],"gold_per_floor":[19,19,34,309,329,22,42,4,50,63,98,98,115,126,126,222,222,241,257,257,257,272,306,306,316,316,316,316,316],"floor_reached":28,"language":"ZHS","playtime":624,"items_purged":["Regret"],"score":292,"play_id":"0de43417-244c-44d9-b6a8-125dc08478bf","local_time":"20210210132627","is_ascension_mode":false,"campfire_choices":[{"data":"Demon Form","floor":12,"key":"SMITH"},{"data":"Sever Soul","floor":15,"key":"SMITH"},{"data":"Immolate","floor":27,"key":"SMITH"}],"circlet_count":0,"master_deck":["Strike_R+1","Strike_R","Strike_R+1","Defend_R","Defend_R","Defend_R","Defend_R","Bash","Immolate+1","Rage","Flame Barrier","Fire Breathing","Carnage","Metallicize","Demon Form+1","Flex","Sever Soul+1","Feed","Inflame+1","Wild Strike+1","Dark Embrace+1"],"relics":["Burning Blood","Brimstone","Omamori","Whetstone","Mark of Pain","Anchor","Bottled Flame"],"acts_visited":["Exordium","TheCity"],"potions_floor_usage":[13,19,19],"damage_taken":[{"damage":0,"enemies":"2 Louse","floor":1,"turns":1},{"damage":0,"enemies":"Cultist","floor":3,"turns":3},{"damage":4,"enemies":"Small Slimes","floor":5,"turns":3},{"damage":6,"enemies":"Red Slaver","floor":7,"turns":3},{"damage":11,"enemies":"3 Louse","floor":10,"turns":3},{"damage":26,"enemies":"Gremlin Nob","floor":11,"turns":4},{"damage":17,"enemies":"Gremlin Gang","floor":13,"turns":3},{"damage":30,"enemies":"Looter","floor":14,"turns":4},{"damage":0,"enemies":"Slime Boss","floor":16,"turns":7},{"damage":0,"enemies":"Chosen","floor":18,"turns":4},{"damage":23,"enemies":"Shell Parasite","floor":19,"turns":3},{"damage":10,"enemies":"Snecko","floor":22,"turns":3},{"damage":35,"enemies":"Gremlin Leader","floor":23,"turns":5},{"damage":30,"enemies":"Shelled Parasite and Fungi","floor":25,"turns":3},{"damage":38,"enemies":"Snake Plant","floor":28,"turns":2}],"seed_played":"-3945329025865130725","potions_obtained":[{"floor":1,"key":"Weak Potion"},{"floor":5,"key":"BloodPotion"},{"floor":11,"key":"Explosive Potion"},{"floor":13,"key":"Fruit Juice"},{"floor":19,"key":"Explosive Potion"},{"floor":22,"key":"BlessingOfTheForge"}],"is_trial":false,"path_per_floor":["M","$","M","?","M","$","M","$","T","M","E","R","M","M","R","B",null,"M","M","?","?","M","E","?","M","T","R","M"],"character_chosen":"IRONCLAD","items_purchased":["Fire Breathing","Brimstone","Metallicize"],"campfire_rested":0,"item_purchase_floors":[6,6,8],"current_hp_per_floor":[80,80,80,80,80,80,80,80,80,75,55,55,60,36,36,42,80,80,68,52,90,86,57,57,33,33,33,0,0],"gold":316,"neow_bonus":"TRANSFORM_TWO_CARDS","is_daily":false,"chose_seed":false,"campfire_upgraded":3,"win_rate":0.0,"timestamp":1612934787,"path_taken":["M","$","M","?","?","$","M","?","T","?","E","R","M","M","R","BOSS","M","M","?","?","?","E","?","M","T","R","M"],"items_purchased_type":["Card","Relic","Card"],"build_version":"2020-12-22","purchased_purges":1,"victory":false,"max_hp_per_floor":[80,80,80,80,80,80,80,80,80,80,80,80,80,80,80,80,80,80,85,90,90,90,90,90,90,90,90,90,90],"card_choices":[{"not_picked":["Sentinel","Sword Boomerang"],"picked":"Flame Barrier","floor":1},{"not_picked":["Iron Wave","Thunderclap","Clothesline"],"picked":"SKIP","floor":3},{"not_picked":["Flame Barrier","Bludgeon","Sword Boomerang"],"picked":"SKIP","floor":5},{"not_picked":["Clash","Rage"],"picked":"Carnage","floor":7},{"not_picked":["Armaments","True Grit","Dual Wield"],"picked":"SKIP","floor":10},{"not_picked":["Blood for Blood","Infernal Blade"],"picked":"Demon Form","floor":11},{"not_picked":["Pommel Strike","Body Slam"],"picked":"Flex","floor":13},{"not_picked":["Clothesline","Reckless Charge"],"picked":"Sever Soul","floor":14},{"not_picked":["Corruption","Fiend Fire"],"picked":"Feed","floor":16},{"not_picked":["Shrug It Off","Sword Boomerang"],"picked":"Inflame+1","floor":18},{"not_picked":["Rampage+1","Headbutt"],"picked":"Wild Strike+1","floor":19},{"not_picked":["Dropkick","Perfected Strike","Clothesline"],"picked":"SKIP","floor":22},{"not_picked":["Rupture","Second Wind"],"picked":"Dark Embrace","floor":23},{"not_picked":["Pommel Strike","Sword Boomerang+1","Warcry"],"picked":"SKIP","floor":25}],"player_experience":60636,"relics_obtained":[{"floor":9,"key":"Omamori"},{"floor":11,"key":"Whetstone"},{"floor":23,"key":"Anchor"},{"floor":26,"key":"Bottled Flame"}],"event_choices":[{"damage_healed":0,"gold_gain":275,"player_choice":"Desecrate","damage_taken":0,"max_hp_gain":0,"max_hp_loss":0,"event_name":"Golden Shrine","floor":4,"gold_loss":0,"cards_obtained":["Regret"]},{"damage_healed":0,"gold_gain":0,"player_choice":"Shed Blood","damage_taken":21,"max_hp_gain":5,"max_hp_loss":0,"event_name":"Forgotten Altar","floor":20,"gold_loss":0},{"damage_healed":38,"gold_gain":0,"player_choice":"Full Heal","damage_taken":0,"max_hp_gain":0,"max_hp_loss":0,"event_name":"Wheel of Change","floor":21,"gold_loss":0},{"damage_healed":0,"gold_gain":0,"player_choice":"Upgraded","damage_taken":0,"max_hp_gain":0,"max_hp_loss":0,"event_name":"Upgrade Shrine","floor":24,"gold_loss":0,"cards_upgraded":["Dark Embrace"]}],"is_beta":false,"boss_relics":[{"not_picked":["Black Star","Black Blood"],"picked":"Mark of Pain"}],"items_purged_floors":[6],"is_endless":false,"potions_floor_spawned":[1,5,11,13,19,22,23],"killed_by":"Snake Plant","ascension_level":0}}