{"host":"knoo6yq0od847mqf","time":1612978089,"event":{"mods":["100% Spire Juice","BaseMod","BetterRewards","Bossed Relics","Downfall","Fiend Mod","Hubris","Koishi","Marisa????????","Minty Spire (QoL Compilation)","Replay The Spire","Spire Arcade","StSLib","The Alterego","The Juggle","TheVacant","Wandering Minibosses","Yuri Mod"],"gold_per_floor":[114,128,203,203,188,188,188,208,208,208,192,34,34,44,44,44,44],"floor_reached":16,"language":"ENG","playtime":533,"items_purged":[],"score":92,"play_id":"fead1e01-f679-4ff0-83d0-89e6b5df0725","local_time":"20210210182809","is_ascension_mode":false,"campfire_choices":[{"data":"theVacant:Reconnect","floor":6,"key":"SMITH"},{"data":"theVacant:DarkStrike","floor":13,"key":"SMITH"},{"data":"theVacant:Anguish","floor":15,"key":"SMITH"}],"circlet_count":0,"master_deck":["theVacant:VacantStarterStrike","theVacant:VacantStarterStrike","theVacant:VacantStarterStrike","theVacant:VacantStarterStrike","theVacant:VacantStarterDefend","theVacant:VacantStarterDefend","theVacant:VacantStarterDefend","theVacant:VacantStarterDefend","theVacant:Release","theVacant:Thoughtseize","Injury","theVacant:Reconnect+1","hubris:DuctTapeCard","theVacant:Anguish+1","theVacant:DarkStrike+1","theVacant:SpiritOrb"],"relics":["Sundial","hubris:DuctTape"],"acts_visited":["Exordium"],"potions_floor_usage":[],"damage_taken":[{"damage":3,"enemies":"2 Louse","floor":1,"turns":2},{"damage":3,"enemies":"Small Slimes","floor":2,"turns":5},{"damage":13,"enemies":"Jaw Worm","floor":5,"turns":6},{"damage":3,"enemies":"2 Fungi Beasts","floor":8,"turns":4},{"damage":0,"enemies":"Blue Slaver","floor":11,"turns":6},{"damage":10,"enemies":"Exordium Thugs","floor":14,"turns":4},{"damage":47,"enemies":"The Guardian","floor":16,"turns":5}],"seed_played":"-5725814615553050272","potions_obtained":[{"floor":8,"key":"LiquidMemories"},{"floor":11,"key":"Ancient Potion"}],"is_trial":false,"path_per_floor":["M","M","?","?","M","R","T","M","T","?","M","$","R","M","R","B"],"character_chosen":"THE_VACANT","items_purchased":["theVacant:DarkStrike"],"campfire_rested":0,"item_purchase_floors":[12],"current_hp_per_floor":[85,82,71,71,58,58,58,55,55,55,55,55,55,45,45,0,0],"gold":44,"neow_bonus":"TEN_PERCENT_HP_BONUS","is_daily":false,"chose_seed":false,"campfire_upgraded":3,"win_rate":0.0,"timestamp":1612978089,"path_taken":["M","M","?","?","M","R","?","M","T","?","M","$","R","M","R","BOSS"],"items_purchased_type":["Card"],"build_version":"2020-12-22","purchased_purges":0,"victory":false,"max_hp_per_floor":[88,88,88,88,88,88,88,88,88,88,88,88,88,88,88,88,88],"card_choices":[{"not_picked":["theVacant:Spinshield","theVacant:Jab","theVacant:BattleScars"],"picked":"SKIP","floor":1},{"not_picked":["theVacant:Gloom","theVacant:FranticBlow"],"picked":"theVacant:Thoughtseize","floor":2},{"not_picked":["theVacant:GraveWave","theVacant:Recover"],"picked":"theVacant:Reconnect","floor":5},{"not_picked":["theVacant:Carve","theVacant:FranticBlow"],"picked":"theVacant:EyePoke","floor":8},{"not_picked":["theVacant:Unearth","theVacant:Immaterialize"],"picked":"theVacant:Anguish","floor":11},{"not_picked":["theVacant:Sneeze","theVacant:FranticBlow"],"picked":"theVacant:SpiritOrb","floor":14}],"player_experience":217694,"relics_obtained":[{"floor":7,"key":"Sundial"},{"floor":9,"key":"hubris:DuctTape"}],"event_choices":[{"damage_healed":0,"gold_gain":75,"player_choice":"Gather Gold","damage_taken":11,"max_hp_gain":0,"max_hp_loss":0,"event_name":"World of Goop","floor":3,"gold_loss":0},{"damage_healed":0,"gold_gain":0,"player_choice":"Take Wound","damage_taken":0,"relics_obtained":["Golden Idol"],"max_hp_gain":0,"max_hp_loss":0,"event_name":"Golden Idol","floor":4,"gold_loss":0,"cards_obtained":["Injury"]}],"is_beta":false,"boss_relics":[],"items_purged_floors":[],"is_endless":false,"potions_floor_spawned":[8,11],"killed_by":"The Guardian","ascension_level":0}}