{"host":"8z0h4areh8sio1k0","time":1612933747,"event":{"mods":["10 clothes from DAL","Act Like it!","Aspiration","BaseMod","Colored Map","Conspire","Crowbot","Hubris","Library of Ruina Extra","Mimic Mod","Minty Spire (QoL Compilation)","Replay The Spire","StSLib","TestMod","The Blue Laboratory","The Fake Hero","The Hierophant","TheWitcherMod","[Fun]BeWhatYouAte","【功能Mod】精心准备","【遗物Mod】死灵法师NEW","老伊莉雅"],"gold_per_floor":[113,63,78,253,253,253,284,304,329,329,339,373,388,459,459,561,561,581,597,423,434,113,126,152,169,169,169,197,197,223,223,223,326,376,394,409,192,205,215,246,246,280,307,325,358,13,31,31,31,31,31],"floor_reached":52,"language":"ZHS","playtime":8065,"items_purged":["ReplayTheSpireMod:Splinters","Doubt","Strike_W","Defend_W"],"score":855,"play_id":"db282797-4d3d-4e91-81fb-e92e2a3dc3f5","local_time":"20210210130907","is_ascension_mode":true,"campfire_choices":[{"data":"Acid_Javelin","floor":6.0,"key":"SMITH"},{"data":"Bone_Armor","floor":10.0,"key":"SMITH"},{"data":"Toxic_Smoke_Screen","floor":15.0,"key":"SMITH"},{"data":"Pandemic","floor":27.0,"key":"SMITH"},{"floor":29.0,"key":"REST"},{"floor":32.0,"key":"REST"},{"data":"Summon_Death_Knight","floor":41.0,"key":"SMITH"},{"floor":49,"key":"REST"}],"circlet_count":0,"master_deck":["Strike_W","Strike_W","Defend_W","Defend_W","Defend_W","Negative_Energy_Arrows","Bone_Wall","Negative_Energy_Javelin","ZombiePosion","Vampiric_Strike","Acid_Javelin+1","Bone_Armor+1","PosionRing","Toxic_Smoke_Screen+1","Negative_Energy_Bomb+1","PosionWeak2","Negative_Energy_Mist+1","Toxic_Smoke_Screen","Summon_Undead_Army","Pandemic+1","Summon_Death_Knight+1","finger_Of_Death+1","Bone_Prison+1","Skeleton_Dragon+1","Negative_Energy_Sphere+1","Requiem+1","Bone_Prison","Bone_Spikes+1"],"relics":["Vampire_Amulet","testmod-TestBox","testmod-Antiphasic","Centennial Puzzle","Nunchaku","Bag of Preparation","Pen Nib","testmod-TimeTraveler","aspiration:VileToxins","Omamori","testmod-ObsoleteBoomerang","Oddly Smooth Stone","Pantograph","WarpedTongs","Tiny House","Membership Card","aspiration:AnachronicSnailShell","aspiration:Lifesprig","Replay:Rubber Ducky","Guide Book","Lizard Tail"],"acts_visited":["Exordium","TheCity","TheBeyond"],"potions_floor_usage":[45],"damage_taken":[{"damage":0.0,"enemies":"2 Louse","floor":1.0,"turns":3.0},{"damage":5.0,"enemies":"Small Slimes","floor":3.0,"turns":5.0},{"damage":29.0,"enemies":"Gremlin Nob","floor":7.0,"turns":5.0},{"damage":0.0,"enemies":"Cultist","floor":8.0,"turns":3.0},{"damage":0.0,"enemies":"Red Slaver","floor":11.0,"turns":5.0},{"damage":9.0,"enemies":"Lagavulin","floor":12.0,"turns":8.0},{"damage":1.0,"enemies":"Looter","floor":13.0,"turns":2.0},{"damage":54.0,"enemies":"The Guardian","floor":16.0,"turns":13.0},{"damage":16.0,"enemies":"Spheric Guardian","floor":18.0,"turns":6.0},{"damage":2.0,"enemies":"Shell Parasite","floor":19.0,"turns":4.0},{"damage":11.0,"enemies":"Snecko","floor":21.0,"turns":5.0},{"damage":0.0,"enemies":"Snake Plant","floor":23.0,"turns":4.0},{"damage":10.0,"enemies":"Shelled Parasite and Fungi","floor":25.0,"turns":5.0},{"damage":30.0,"enemies":"Gremlin Leader","floor":28.0,"turns":5.0},{"damage":6.0,"enemies":"Book of Stabbing","floor":30.0,"turns":4.0},{"damage":39.0,"enemies":"Champ","floor":33.0,"turns":11.0},{"damage":2.0,"enemies":"Orb Walker","floor":35.0,"turns":3.0},{"damage":18.0,"enemies":"3 Darklings","floor":36.0,"turns":6.0},{"damage":10.0,"enemies":"Spire Growth","floor":38.0,"turns":3.0},{"damage":13.0,"enemies":"Maw","floor":39.0,"turns":7.0},{"damage":43.0,"enemies":"Reptomancer","floor":40.0,"turns":5.0},{"damage":20.0,"enemies":"Nemesis","floor":42.0,"turns":7.0},{"damage":5,"enemies":"Sphere and 2 Shapes","floor":44,"turns":2},{"damage":38,"enemies":"Reptomancer","floor":45,"turns":7},{"damage":0,"enemies":"Spire Growth","floor":47,"turns":3},{"damage":12,"enemies":"Donu and Deca","floor":50,"turns":6},{"damage":91,"enemies":"Donu and Deca","floor":51,"turns":12}],"seed_played":"-6744038217724868158","potions_obtained":[{"floor":3.0,"key":"Reflective Coating"},{"floor":7.0,"key":"EssenceOfSteel"},{"floor":8.0,"key":"testmod-SpacePotion"},{"floor":14.0,"key":"blueLaboratory:HeartbeatPotion"},{"floor":19.0,"key":"FearPotion"},{"floor":21.0,"key":"testmod-SpacePotion"},{"floor":33.0,"key":"Regen Potion"},{"floor":34.0,"key":"FearPotion"},{"floor":36.0,"key":"AttackPotion"},{"floor":38.0,"key":"BlessingOfTheForge"},{"floor":44,"key":"blueLaboratory:HummingbirdPotion"}],"is_trial":false,"path_per_floor":["M","$","M","?","?","R","E","M","T","R","M","E","M","?","R","B",null,"M","M","$","M","$","M","T","M","T","R","E","R","E","?","R","B",null,"M","M","$","M","M","E","R","E","T","M","E","$","M","?","R","B",null,null],"character_chosen":"NECROMANCER","items_purchased":["Vampiric_Strike","Toxic_Smoke_Screen","Summon_Undead_Army","aspiration:VileToxins","Pandemic","Membership Card","Guide Book","Lizard Tail","Bone_Prison"],"campfire_rested":3,"item_purchase_floors":[2,20,20,22,22,37,46,46,46],"current_hp_per_floor":[75,75,70,70,70,70,46,46,46,46,46,40,43,43,43,7,80,64,65,65,58,58,67,67,57,57,57,27,51,51,51,75,71,85,83,81,81,75,76,53,53,47,47,42,17,17,21,21,49,68,36],"gold":31,"neow_bonus":"RANDOM_EVENT","is_daily":false,"chose_seed":false,"campfire_upgraded":5,"win_rate":0.0,"timestamp":1612933747,"path_taken":["M","$","M","?","?","R","E","M","T","R","M","E","M","?","R","BOSS","M","M","$","?","$","M","?","M","T","R","E","R","E","?","R","BOSS","M","M","$","M","M","E","R","E","T","M","E","$","M","?","R","BOSS"],"items_purchased_type":["Card","Card","Card","Relic","Card","Relic","Relic","Relic","Card"],"build_version":"2020-12-22","purchased_purges":4,"victory":true,"max_hp_per_floor":[75,75,75,75,75,75,75,75,75,75,75,75,75,75,75,80,80,80,80,80,80,80,80,80,80,80,80,80,80,80,80,80,80,85,85,85,85,85,85,90,90,95,95,95,95,95,95,95,95,95,100],"card_choices":[{"not_picked":["Negative_Energy_Javelin","Strike_from_Beyond"],"picked":"ZombiePosion","floor":1.0},{"not_picked":["PosionWeak","Necrotic_Claws"],"picked":"Acid_Javelin","floor":3.0},{"not_picked":["Spectral_Walk","Hellfire"],"picked":"Bone_Armor","floor":7.0},{"not_picked":["Acid_Javelin","Bone_Armor","Hellfire"],"picked":"SKIP","floor":8.0},{"not_picked":["Necrotic_Claws","Life_Tap"],"picked":"PosionRing","floor":11.0},{"not_picked":["Hellfire","Blood_Shield","Thousand_Bone_Knives"],"picked":"SKIP","floor":12.0},{"not_picked":["PosionRing","Corrupt","Acid_Javelin"],"picked":"SKIP","floor":13.0},{"not_picked":["Summon_Undead_Army","Strike_from_Beyond"],"picked":"Toxic_Smoke_Screen","floor":14.0},{"not_picked":["Reap_The_Weak","Epidemic"],"picked":"Negative_Energy_Bomb","floor":16.0},{"not_picked":["Bone_Shift","Life_Drain"],"picked":"PosionWeak2","floor":18.0},{"not_picked":["Bone_Shift","Bone_Spikes+1"],"picked":"Negative_Energy_Mist+1","floor":19.0},{"not_picked":["Scare","Siphon_Strength","Negative_Energy_Mist"],"picked":"SKIP","floor":21.0},{"not_picked":["Toxic_Smoke_Screen","Bone_Shift","Negative_Energy_Burst"],"picked":"SKIP","floor":23.0},{"not_picked":["Blood_Whip","Shackles_Of_Pain","Bone_Spikes"],"picked":"SKIP","floor":25.0},{"not_picked":["Acid_Javelin","Life_Drain+1","Blood_Magic"],"picked":"SKIP","floor":28.0},{"not_picked":["Negative_Energy_Mist","PosionBreak","Bone_Armory"],"picked":"SKIP","floor":30.0},{"not_picked":["Time_Jump","Requiem"],"picked":"Summon_Death_Knight","floor":33.0},{"not_picked":["Uncharnel+1","Siphon_Strength+1"],"picked":"finger_Of_Death+1","floor":35.0},{"not_picked":["Necrotic_Claws","Posionadd+1","finger_Of_Death"],"picked":"SKIP","floor":36.0},{"not_picked":["Bone_Armory+1","PosionRing"],"picked":"Bone_Prison+1","floor":38.0},{"not_picked":["Summon_Undead_Army+1","Vampiric_Strike"],"picked":"Skeleton_Dragon","floor":39.0},{"not_picked":["Summon_Undead_Army+1","Cloudkill","Blood_Whip"],"picked":"SKIP","floor":40.0},{"not_picked":["Blood_Is_Power","Scare","Bone_Spikes"],"picked":"SKIP","floor":42.0},{"not_picked":["Negative_Energy_Mist","Scare+1"],"picked":"Negative_Energy_Sphere+1","floor":44},{"not_picked":["Toxic_Smoke_Screen","Bone_Shift"],"picked":"Requiem","floor":45},{"not_picked":["Toxic_Smoke_Screen+1","ZombiePosion"],"picked":"Bone_Spikes+1","floor":47}],"player_experience":562736,"relics_obtained":[{"floor":7.0,"key":"Centennial Puzzle"},{"floor":9.0,"key":"Nunchaku"},{"floor":12.0,"key":"Bag of Preparation"},{"floor":14.0,"key":"Pen Nib"},{"floor":24.0,"key":"Omamori"},{"floor":26.0,"key":"testmod-ObsoleteBoomerang"},{"floor":28.0,"key":"Oddly Smooth Stone"},{"floor":30.0,"key":"Pantograph"},{"floor":40.0,"key":"aspiration:AnachronicSnailShell"},{"floor":42.0,"key":"aspiration:Lifesprig"},{"floor":45,"key":"Replay:Rubber Ducky"}],"event_choices":[{"damage_healed":0.0,"max_hp_gain":0.0,"max_hp_loss":0.0,"gold_gain":0.0,"cards_transformed":["Strike_W"],"event_name":"Living Wall","player_choice":"Change","floor":0.0,"gold_loss":0.0,"damage_taken":0.0,"cards_obtained":["Negative_Energy_Javelin"]},{"damage_healed":0.0,"max_hp_gain":0.0,"max_hp_loss":0.0,"gold_gain":175.0,"event_name":"Liars Game","player_choice":"AGREE","floor":4.0,"gold_loss":0.0,"damage_taken":0.0,"cards_obtained":["Doubt"]},{"damage_healed":0.0,"max_hp_gain":0.0,"max_hp_loss":0.0,"gold_gain":0.0,"event_name":"conspire:Investor","player_choice":"Leave","floor":5.0,"gold_loss":0.0,"damage_taken":0.0},{"damage_healed":0.0,"max_hp_gain":0.0,"max_hp_loss":0.0,"gold_gain":0.0,"event_name":"Accursed Blacksmith","player_choice":"Rummage","floor":31.0,"gold_loss":0.0,"damage_taken":0.0,"relics_obtained":["WarpedTongs"],"cards_obtained":["Pain"]}],"is_beta":false,"boss_relics":[{"not_picked":["aspiration:IroncladSkillbook","testmod-NegativeEmotionEnhancer"],"picked":"testmod-TimeTraveler"},{"not_picked":["conspire:RoyalGoblet","conspire:SeveredTorchhead"],"picked":"Tiny House"}],"items_purged_floors":[20,22,37,46],"is_endless":false,"potions_floor_spawned":[3,7,8,11,19,21,33,36,38,44],"ascension_level":1}}