{"host":"g1qzxxy7a24sg3a3","time":1612931340,"event":{"mods":["ATMod(阿瑾Mod)","Act Like it!","Arknights","BaseMod","Conspire","Custom Start","Gensokyo","GungeonMod","Hallownest","Lobotomy","LobotomyExtend","Minty Spire (QoL Compilation)","MostiFishMod","Pale of the Ancients","Reliquary","Replay The Spire","SOS（斯巴达之子）","Shop Mod","Spicy Shops","StSLib","TestMod","The Administrix","The Bug Knight","Waifu the Spire","WarShipGirlsR/战舰少女R mod","[IsaacMod]以撒尖塔","【遗物卡牌】REMEMod","残留之物"],"gold_per_floor":[115,115,130,130,130,157,157,157,235,235,270,290,304,64,64,166,166,177,49,49,49,60,60,72,106,106,123,175,175,194,207,207,307,307,319,319,935,953,645,645,677,696,696,712,712,729,743,417,417,417,417],"floor_reached":52,"language":"ZHS","playtime":1884,"items_purged":["BodiesMountain","Defend_R","Defend_R","REME_BodyOfCthun","Defend_R+1"],"score":802,"play_id":"81c7f066-d986-4485-a6d9-56ca5b554a64","local_time":"20210210122900","is_ascension_mode":true,"campfire_choices":[{"data":"AT_FamilyPortrait","floor":7,"key":"SMITH"},{"data":"Seeing Red","floor":10,"key":"SMITH"},{"floor":15,"key":"DIG"},{"floor":29,"key":"RECALL"},{"data":"MostiFishMod:KnuckleDown","floor":32,"key":"SMITH"},{"data":"1","floor":40,"key":"LIFT"},{"data":"2","floor":45,"key":"LIFT"},{"data":"3","floor":49,"key":"LIFT"}],"circlet_count":0,"master_deck":["Strike_R+1","Strike_R","Strike_R","Strike_R+1","Strike_R","Bash","AT_FamilyPortrait+1","Iron Wave+1","CrumblingArmor","Seeing Red+1","MostiFishMod:#F4004","Massacre","MostiFishMod:HellRitual+1","MostiFishMod:KnuckleDown+1","MostiFishMod:DarkDeal","AT_IchimonjiDouble+1","ReplayTheSpireMod:Limb From Limb","Body Slam","MostiFishMod:DarkDeal"],"relics":["Burning Blood","AT_ATBox","DaveBox","testmod-TestBox","REME_ComplimentaryCards","HushsDoor","EGODaCapo","testmod-Fanaticism","SteamSale","CogitoBucket","SynthV:TestCard","DemoMod:JetPack","ReplayTheSpireMod:Lightbulb","Vajra","PlaceholderMod:FlatBlood","Replay:Rubber Ducky","LetterFromLob","testmod-EnergyCheck","DemoMod:MeatBun","reliquary:PurpleTingedLeaf","King of Hearts","MerchantsRug","Girya","testmod-Antiphasic","reliquary:JackalopeAntler","Whetstone"],"acts_visited":["Exordium","TheCity","TheBeyond"],"potions_floor_usage":[16],"damage_taken":[{"damage":21,"enemies":"2 Louse","floor":1,"turns":3},{"damage":5,"enemies":"ats:Genji","floor":3,"turns":3},{"damage":0,"enemies":"Gremlin Nob","floor":6,"turns":2},{"damage":0,"enemies":"HollowMod:MossKnight","floor":11,"turns":5},{"damage":0,"enemies":"Cultist","floor":12,"turns":2},{"damage":25,"enemies":"conspire:2 RoseBushes","floor":13,"turns":4},{"damage":16,"enemies":"Hexaghost","floor":16,"turns":4},{"damage":19,"enemies":"2 Thieves","floor":18,"turns":3},{"damage":8,"enemies":"Shell Parasite","floor":22,"turns":2},{"damage":0,"enemies":"Sentry and Sphere","floor":24,"turns":3},{"damage":69,"enemies":"Book of Stabbing","floor":25,"turns":4},{"damage":0,"enemies":"Snecko","floor":27,"turns":3},{"damage":0,"enemies":"Snake Plant","floor":30,"turns":3},{"damage":46,"enemies":"conspire:HollyBat","floor":31,"turns":6},{"damage":25,"enemies":"Automaton","floor":33,"turns":5},{"damage":12,"enemies":"3 Shapes","floor":35,"turns":3},{"damage":86,"enemies":"3 Darklings","floor":37,"turns":9},{"damage":24,"enemies":"Spire Growth","floor":38,"turns":3},{"damage":41,"enemies":"HollowMod:StalkingDevout","floor":41,"turns":4},{"damage":5,"enemies":"Jaw Worm Horde","floor":42,"turns":2},{"damage":25,"enemies":"Transient","floor":44,"turns":2},{"damage":5,"enemies":"Maw","floor":46,"turns":1},{"damage":5,"enemies":"3 Darklings","floor":47,"turns":1},{"damage":15,"enemies":"Replay:Hell Engine","floor":50,"turns":4}],"seed_played":"-164240018134073915","potions_obtained":[{"floor":13,"key":"testmod-TestPotion"},{"floor":24,"key":"Energy Potion"},{"floor":27,"key":"conspire:TimeTravelPotion"},{"floor":44,"key":"Strength Potion"}],"is_trial":false,"path_per_floor":["M","?","M","?","?","E","R","?","T","R","E","M","M","$","R","B",null,"M","$","?","?","M","E","M","E","T","M","T","R","M","M","R","B",null,"M","?","M","M","$","R","E","M","T","M","R","M","M","$","R","B",null,null],"character_chosen":"IRONCLAD","items_purchased":["Massacre","Vajra","PlaceholderMod:FlatBlood","DemoMod:MeatBun","MerchantsRug","ReplayTheSpireMod:Limb From Limb","Girya","Whetstone"],"campfire_rested":0,"item_purchase_floors":[14,14,14,19,39,39,39,48],"current_hp_per_floor":[72,72,75,60,60,66,66,50,50,50,60,68,80,80,80,80,80,80,80,80,80,80,80,80,80,80,80,80,80,80,80,80,80,80,80,80,80,80,80,80,80,80,80,85,85,85,85,85,85,83,83],"gold":417,"neow_bonus":"","is_daily":false,"chose_seed":false,"campfire_upgraded":3,"win_rate":0.0,"timestamp":1612931340,"path_taken":["M","?","M","?","?","E","R","?","T","R","E","M","M","$","R","BOSS","M","$","?","?","M","E","M","E","T","M","?","R","?","M","R","BOSS","M","?","M","M","$","R","E","M","T","M","R","M","?","$","R","BOSS"],"items_purchased_type":["Card","Relic","Relic","Relic","Relic","Card","Relic","Relic"],"build_version":"2020-12-22","purchased_purges":5,"victory":true,"max_hp_per_floor":[80,80,80,80,80,80,80,80,80,80,80,80,80,80,80,80,80,80,80,80,80,80,80,80,80,80,80,80,80,80,80,80,80,80,80,80,80,80,80,80,80,80,80,85,85,85,85,85,85,85,85],"card_choices":[{"not_picked":["Thunderclap","Pommel Strike"],"picked":"Iron Wave","floor":1},{"not_picked":["VoidDream","PunishingBird"],"picked":"CrumblingArmor","floor":1},{"not_picked":["Wild Strike","Pommel Strike","Perfected Strike","Headbutt"],"picked":"Seeing Red","floor":3},{"not_picked":["OldLady","WallGazer"],"picked":"BodiesMountain","floor":6},{"not_picked":["ReplayTheSpireMod:Strike From Hell","Sword Boomerang","DemoMod:WhiteBlade","Shrug It Off","Cleave"],"picked":"SKIP","floor":6},{"not_picked":["ReplayTheSpireMod:Strike From Hell","Sword Boomerang","DemoMod:WhiteBlade","Shrug It Off","Cleave"],"picked":"SKIP","floor":6},{"not_picked":["Combust","Iron Wave","Pummel","AT_BodySlamDance","Seeing Red","Hemokinesis"],"picked":"SKIP","floor":11},{"not_picked":["Inflame","Dropkick","Rupture","AT_BodySlamDance"],"picked":"MostiFishMod:#F4004","floor":12},{"not_picked":["Clash","ReplayTheSpireMod:LeadingStrike","ReplayTheSpireMod:Strike From Hell","Perfected Strike","Clothesline"],"picked":"SKIP","floor":13},{"not_picked":["AT_Dispersion","MostiFishMod:NewArrival","Exhume","MostiFishMod:WingOfPhoenix"],"picked":"MostiFishMod:HellRitual","floor":16},{"not_picked":["Carnage","Wild Strike","Armaments+1","Clash","Dual Wield+1"],"picked":"SKIP","floor":18},{"not_picked":["Abandon","Clothesline+1","Armaments","AT_BodySlamDance","MostiFishMod:NewArrival"],"picked":"SKIP","floor":22},{"not_picked":["AT_IchimonjiDouble","Massacre","Pummel","AT_CaressingTears+1","Twin Strike+1"],"picked":"SKIP","floor":24},{"not_picked":["Burning Pact","Twin Strike","Body Slam","Havoc","Impervious"],"picked":"SKIP","floor":25},{"not_picked":["AT_BodySlamDance+1","Power Through+1","Run Through","MostiFishMod:404NotFound","Havoc"],"picked":"SKIP","floor":27},{"not_picked":["DemoMod:WhiteBlade+1","REME_Cut","Cleave+1","Thunderclap"],"picked":"MostiFishMod:KnuckleDown","floor":30},{"not_picked":["Perfected Strike","ReplayTheSpireMod:Corrosion Curse","Anger","Burning Pact","Body Slam+1"],"picked":"SKIP","floor":31},{"not_picked":["Eclipse","Fiend Fire","MostiFishMod:TemporaryOutbreak","Demon Form"],"picked":"MostiFishMod:DarkDeal","floor":33},{"not_picked":["Spot Weakness+1","Flex","Run Through","Whirlwind"],"picked":"AT_IchimonjiDouble+1","floor":35},{"not_picked":["Thunderclap","Iron Wave","MostiFishMod:PerfectStrikeMKII","Seeing Red","Perfected Strike+1"],"picked":"SKIP","floor":37},{"not_picked":["AT_CaressingTears","conspire:ExplosiveBarrier","Body Slam","Perfected Strike+1","Abandon+1"],"picked":"SKIP","floor":38},{"not_picked":["Run Through+1","Armaments","Rupture","Cleave","Perfected Strike+1"],"picked":"SKIP","floor":41},{"not_picked":["Shrug It Off+1","Sword Boomerang+1","Thunderclap","Havoc+1"],"picked":"Body Slam","floor":42},{"not_picked":["Pummel+1","Intimidate+1","Headbutt+1","AT_IchimonjiDouble"],"picked":"MostiFishMod:DarkDeal","floor":44},{"not_picked":["Perfected Strike+1","Sword Boomerang","Life Link+1","MostiFishMod:FlyOverUtopia","Flex+1"],"picked":"SKIP","floor":46},{"not_picked":["Uppercut","Pommel Strike","Rupture+1","Run Through","Sword Boomerang"],"picked":"SKIP","floor":47}],"player_experience":84554,"relics_obtained":[{"floor":1,"key":"SynthV:TestCard"},{"floor":6,"key":"DemoMod:JetPack"},{"floor":11,"key":"ReplayTheSpireMod:Lightbulb"},{"floor":15,"key":"Replay:Rubber Ducky"},{"floor":16,"key":"LetterFromLob"},{"floor":25,"key":"REME_PuzzleBoxRelic"},{"floor":26,"key":"reliquary:PurpleTingedLeaf"},{"floor":28,"key":"King of Hearts"},{"floor":41,"key":"testmod-Antiphasic"},{"floor":43,"key":"reliquary:JackalopeAntler"}],"event_choices":[{"damage_healed":0,"gold_gain":0,"player_choice":"Leave","damage_taken":0,"max_hp_gain":0,"max_hp_loss":0,"event_name":"conspire:Investor","floor":2,"gold_loss":0},{"damage_healed":0,"gold_gain":0,"player_choice":"0 cards matched","damage_taken":0,"max_hp_gain":0,"max_hp_loss":0,"event_name":"Match and Keep!","floor":5,"gold_loss":0,"cards_obtained":[]},{"damage_healed":0,"gold_gain":0,"player_choice":"Entered Light","damage_taken":16,"max_hp_gain":0,"max_hp_loss":0,"event_name":"Shining Light","floor":8,"gold_loss":0,"cards_upgraded":["Defend_R","Strike_R"]},{"damage_healed":0,"gold_gain":0,"player_choice":"Upgraded","damage_taken":0,"max_hp_gain":0,"max_hp_loss":0,"event_name":"Upgrade Shrine","floor":20,"gold_loss":0,"cards_upgraded":["MostiFishMod:HellRitual"]},{"cards_removed":["Defend_R"],"damage_healed":0,"gold_gain":0,"player_choice":"Elegance","damage_taken":0,"max_hp_gain":0,"max_hp_loss":0,"event_name":"Back to Basics","floor":21,"gold_loss":0}],"is_beta":false,"boss_relics":[{"not_picked":["RhineFirstAidKit","Abe\u0027s Treasure"],"picked":"testmod-EnergyCheck"},{"not_picked":[]},{"not_picked":["OneHitWonderSystem","testmod-CardMagician","ReplayTheSpireMod:DimensionalGlitch"]}],"items_purged_floors":[14,19,39,48,48],"is_endless":false,"potions_floor_spawned":[11,13,24,27,31,35,44],"ascension_level":3}}