{"host":"ve5hox67eka4rdnb","time":1612945148,"event":{"mods":["ATMod(∞¢Ë™Mod)","AchievementEnabler","Act Like it!","BaseMod","Downfall","Gensokyo","Hermit","Koishi","Lobotomy","LobotomyExtend","Marisa£®ÏF”Í°°ƒß¿Ì…≥£©","Minty Spire (QoL Compilation)","Reimu£®≤©¿ˆ¡È√Œ£©","Remilia£®¿Ÿ√◊¿Ú—«£©","Replay The Spire","Shop Mod","StSLib","The Construct","The Cursed","The Servant 0.9.4"],"gold_per_floor":[115,65,79,98,173,204,53,83,107,107,107],"floor_reached":10,"language":"ZHS","playtime":285,"items_purged":["Strike_B"],"score":84,"play_id":"923db24a-a106-487f-b8bb-b2dd39e232f0","local_time":"20210210161908","is_ascension_mode":true,"campfire_choices":[],"circlet_count":0,"master_deck":["Strike_B","Strike_B","Defend_B","Defend_B","Defend_B","Defend_B","Zap","Dualcast","Sunder","Recycle","Meteor Strike","Ball Lightning+1","Ball Lightning","Parasite"],"relics":["AT_ATBox","Cursed Key","LetterFromLob","Blue Doll","Orichalcum","AT_EbonyIvory"],"acts_visited":["Exordium"],"potions_floor_usage":[6,8],"damage_taken":[{"damage":9,"enemies":"2 Louse","floor":1,"turns":2},{"damage":2,"enemies":"Jaw Worm","floor":3,"turns":3},{"damage":0,"enemies":"Small Slimes","floor":4,"turns":2},{"damage":34,"enemies":"Gremlin Nob","floor":6,"turns":5},{"damage":12,"enemies":"3 Sentries","floor":8,"turns":6},{"damage":12,"enemies":"Lagavulin","floor":10,"turns":2}],"seed_played":"-1342678350488521877","potions_obtained":[{"floor":3,"key":"LiquidBronze"},{"floor":4,"key":"Toxic Potion"}],"is_trial":false,"path_per_floor":["M","?","M","M","?","E","$","E","T","E"],"character_chosen":"DEFECT","items_purchased":["Ball Lightning+1","AttackPotion"],"campfire_rested":0,"item_purchase_floors":[7,7],"current_hp_per_floor":[66,66,64,64,53,19,19,7,7,0,0],"gold":107,"neow_bonus":"BOSS_RELIC","is_daily":false,"chose_seed":false,"campfire_upgraded":0,"win_rate":0.0,"timestamp":1612945148,"path_taken":["M","?","M","M","?","E","$","E","T","E"],"items_purchased_type":["Card","Potion"],"build_version":"2020-12-22","purchased_purges":1,"victory":false,"max_hp_per_floor":[75,75,75,75,75,75,75,75,75,75,75],"card_choices":[{"not_picked":["Rebound","Streamline"],"picked":"Sunder","floor":1},{"not_picked":["Melter","Redo","BasicCrystalCard"],"picked":"SKIP","floor":3},{"not_picked":["Loop","Sweeping Beam"],"picked":"Recycle","floor":4},{"not_picked":["BasicCrystalCard","Redo"],"picked":"Meteor Strike","floor":6},{"not_picked":["Steam Power","Go for the Eyes"],"picked":"Ball Lightning","floor":8}],"player_experience":205703,"relics_obtained":[{"floor":1,"key":"LetterFromLob"},{"floor":6,"key":"Blue Doll"},{"floor":8,"key":"Orichalcum"},{"floor":9,"key":"AT_EbonyIvory"}],"event_choices":[{"cards_removed":["Strike_B"],"damage_healed":0,"gold_gain":0,"player_choice":"Card Removal","damage_taken":0,"max_hp_gain":0,"max_hp_loss":0,"event_name":"The Cleric","floor":2,"gold_loss":50},{"damage_healed":0,"gold_gain":75,"player_choice":"Gather Gold","damage_taken":11,"max_hp_gain":0,"max_hp_loss":0,"event_name":"World of Goop","floor":5,"gold_loss":0}],"is_beta":false,"boss_relics":[],"items_purged_floors":[7],"is_endless":false,"potions_floor_spawned":[3,4],"killed_by":"Lagavulin","ascension_level":2}}