{"host":"ds28d883r3sz42zs","time":1612993866,"event":{"mods":["2.2 Compatiblity","A Penny For Your Troubles","AchievementEnabler","Act Like it!","BaseMod","Bestiary","Better Match","Better Sensory Stone","Better Third Choice","Better-Laid Plans","BetterRewards","Block Reminder","Challenge The Spire","Colored Map","Colored Powertips","DeckTracker","Defuse TimeMaze Blight","Disable Question Mark Monsters","Displayed Cursed Tome","Emptier Cage","GifTheSpireLib","Gold Saver","Hallownest","Infinite Spire","Minty Spire (QoL Compilation)","Permanent Neow","Practice Mode","Quick Restart","Random Character Button","Rare Cards Sparkle","Relic Filter","Relic Sorter","Relic Stats","Reliquary","SacredBarkPlus","Shop Mod","Spire Arcade","StSLib","SuperFastMode","The Bug Knight","Uncapped","Unknown Chances","Wide Potions"],"gold_per_floor":[340,352,367,367,367,367,405,405,428,441,481,27,66,31,31,157,157,177,177,192,192,216,216,256,274,298,298,323,336,375,53,53,53,53],"floor_reached":33,"language":"ENG","playtime":1512,"items_purged":[],"score":439,"play_id":"e7ba5893-55e2-445a-b6a1-64c08fb69198","local_time":"20210210165106","is_ascension_mode":true,"campfire_choices":[{"data":"Armaments","floor":6.0,"key":"SMITH"},{"data":"Flex","floor":8.0,"key":"SMITH"},{"data":"Metallicize","floor":15.0,"key":"SMITH"},{"data":"Feel No Pain","floor":23,"key":"SMITH"},{"data":"Master of Strategy","floor":27,"key":"SMITH"},{"data":"Defend_R","floor":32,"key":"SMITH"}],"circlet_count":0,"master_deck":["Strike_R","Strike_R","Strike_R","Strike_R","Strike_R","Defend_R","Defend_R","Defend_R","Defend_R+1","Bash+1","Twin Strike","Armaments+1","Perfected Strike","Flex+1","Feel No Pain+1","Metallicize+1","Master of Strategy+1","Wild Strike","Corruption","Pommel Strike+1","Burning Pact+1","Entrench","Flame Barrier+1","True Grit+1","Body Slam","Dark Embrace"],"relics":["Burning Blood","reliquary:ExpiredCoupon","Golden Idol","infinitespire:WardingShard","reliquary:RoseTintedGlasses","reliquary:Boomerang","Pocketwatch","reliquary:Knoch","Snecko Eye","Magic Flower","InkBottle","Meat on the Bone","Bottled Tornado"],"acts_visited":["Exordium","TheCity"],"potions_floor_usage":[33],"damage_taken":[{"damage":3.0,"enemies":"2 Louse","floor":1.0,"turns":3.0},{"damage":7.0,"enemies":"Jaw Worm","floor":2.0,"turns":4.0},{"damage":1.0,"enemies":"Cultist","floor":3.0,"turns":3.0},{"damage":25.0,"enemies":"3 Sentries","floor":7.0,"turns":8.0},{"damage":2.0,"enemies":"Exordium Wildlife","floor":10.0,"turns":5.0},{"damage":21.0,"enemies":"Gremlin Nob","floor":11.0,"turns":4.0},{"damage":11.0,"enemies":"3 Sentries","floor":13.0,"turns":6.0},{"damage":17.0,"enemies":"The Guardian","floor":16.0,"turns":9.0},{"damage":1,"enemies":"Spheric Guardian","floor":18,"turns":4},{"damage":5,"enemies":"Shell Parasite","floor":20,"turns":4},{"damage":7,"enemies":"Nightmare","floor":24,"turns":6},{"damage":18,"enemies":"Sentry and Sphere","floor":25,"turns":6},{"damage":0,"enemies":"Centurion and Healer","floor":28,"turns":3},{"damage":0,"enemies":"Snecko","floor":29,"turns":3},{"damage":7,"enemies":"Book of Stabbing","floor":30,"turns":7},{"damage":101,"enemies":"Automaton","floor":33,"turns":12}],"seed_played":"-5842350263544481910","potions_obtained":[{"floor":1.0,"key":"Dexterity Potion"},{"floor":3.0,"key":"Fire Potion"},{"floor":11.0,"key":"Ancient Potion"},{"floor":18,"key":"Dexterity Potion"},{"floor":28,"key":"GamblersBrew"}],"is_trial":false,"path_per_floor":["M","M","M","?","?","R","E","R","T","M","E","$","E","?","R","B",null,"M","?","M","?","T","R","NM","M","T","R","M","M","E","$","R","B"],"character_chosen":"IRONCLAD","items_purchased":["Pocketwatch","Master of Strategy","Bottled Tornado","Dark Embrace"],"campfire_rested":0,"item_purchase_floors":[12,12,31,31],"current_hp_per_floor":[75,74,79,79,59,59,40,40,40,44,29,29,24,44,44,33,68,73,54,55,55,55,55,54,45,45,45,54,63,65,65,65,0,0],"gold":53,"neow_bonus":"UPGRADE_CARD","is_daily":false,"chose_seed":false,"campfire_upgraded":6,"win_rate":0.0,"timestamp":1612993866,"path_taken":["M","M","M","?","?","R","E","R","T","M","E","$","E","?","R","BOSS","M","?","M","?","?","R","NM","M","T","R","M","M","E","$","R","BOSS"],"items_purchased_type":["Relic","Card","Relic","Card"],"build_version":"2020-12-22","purchased_purges":0,"victory":false,"max_hp_per_floor":[80,80,80,80,80,80,80,80,80,80,80,80,80,80,80,80,80,80,80,80,80,80,80,80,80,80,80,80,80,80,80,80,80,80],"relic_stats":{"counters":[16,87],"Golden Idol":87,"Snecko Eye":[121,106,115,122],"Magic Flower":[12],"obtain_stats":[{"reliquary:Boomerang":11,"Golden Idol":5,"Magic Flower":24,"Bottled Tornado":31,"Burning Blood":0,"reliquary:FerryPass":22,"reliquary:ExpiredCoupon":4,"infinitespire:WardingShard":7,"Snecko Eye":17,"reliquary:RoseTintedGlasses":9,"reliquary:Knoch":13,"InkBottle":24,"Pocketwatch":12,"Meat on the Bone":30},{"reliquary:Boomerang":6,"Golden Idol":3,"Magic Flower":11,"Bottled Tornado":15,"Burning Blood":0,"reliquary:FerryPass":10,"reliquary:ExpiredCoupon":3,"infinitespire:WardingShard":4,"Snecko Eye":8,"reliquary:RoseTintedGlasses":4,"reliquary:Knoch":7,"InkBottle":11,"Pocketwatch":6,"Meat on the Bone":15},{"reliquary:Boomerang":27,"Golden Idol":10,"Magic Flower":56,"Bottled Tornado":75,"Burning Blood":0,"reliquary:FerryPass":50,"reliquary:ExpiredCoupon":10,"infinitespire:WardingShard":18,"Snecko Eye":42,"reliquary:RoseTintedGlasses":18,"reliquary:Knoch":33,"InkBottle":56,"Pocketwatch":27,"Meat on the Bone":75}],"Burning Blood":102,"InkBottle":[12],"Pocketwatch":[80],"Meat on the Bone":0},"card_choices":[{"not_picked":["Rage","Body Slam"],"picked":"Twin Strike","floor":1.0},{"not_picked":["Ghostly Armor","Iron Wave"],"picked":"Armaments","floor":2.0},{"not_picked":["Fire Breathing","Flex"],"picked":"Perfected Strike","floor":3.0},{"not_picked":["Heavy Blade","Bloodletting"],"picked":"Flex","floor":7.0},{"not_picked":["Body Slam","Berserk"],"picked":"Feel No Pain","floor":10.0},{"not_picked":["infinitespire:OneForAll","Carnage"],"picked":"Metallicize","floor":11.0},{"not_picked":["Cleave","Uppercut"],"picked":"Wild Strike","floor":13.0},{"not_picked":["Brutality","Limit Break"],"picked":"Corruption","floor":16.0},{"not_picked":["Combust","Blood for Blood"],"picked":"Pommel Strike+1","floor":18},{"not_picked":["infinitespire:Starlight","infinitespire:Menacing"],"picked":"infinitespire:SealOfDarkness+","floor":19},{"not_picked":["Wild Strike","Headbutt+1"],"picked":"Burning Pact+1","floor":20},{"not_picked":["Combust","Iron Wave+1","Warcry"],"picked":"SKIP","floor":24},{"not_picked":["Headbutt","Anger"],"picked":"Entrench","floor":25},{"not_picked":["Second Wind","True Grit+1"],"picked":"Flame Barrier+1","floor":28},{"not_picked":["Rage","Seeing Red"],"picked":"True Grit+1","floor":29},{"not_picked":["Reckless Charge","Combust+1"],"picked":"Body Slam","floor":30}],"player_experience":778588,"relics_obtained":[{"floor":4.0,"key":"reliquary:ExpiredCoupon"},{"floor":7.0,"key":"infinitespire:WardingShard"},{"floor":9.0,"key":"reliquary:RoseTintedGlasses"},{"floor":11.0,"key":"reliquary:Boomerang"},{"floor":13.0,"key":"reliquary:Knoch"},{"floor":22,"key":"reliquary:FerryPass"},{"floor":24,"key":"Magic Flower"},{"floor":24,"key":"InkBottle"},{"floor":30,"key":"Meat on the Bone"}],"event_choices":[{"damage_healed":0.0,"max_hp_gain":0.0,"max_hp_loss":0.0,"gold_gain":0.0,"event_name":"Golden Idol","player_choice":"Take Damage","floor":5.0,"gold_loss":0.0,"damage_taken":20.0,"relics_obtained":["Golden Idol"]},{"damage_healed":20.0,"max_hp_gain":0.0,"max_hp_loss":0.0,"gold_gain":0.0,"event_name":"The Cleric","player_choice":"Healed","floor":14.0,"gold_loss":35.0,"damage_taken":0.0},{"damage_healed":0,"gold_gain":0,"player_choice":"Ignored","damage_taken":0,"max_hp_gain":0,"max_hp_loss":0,"event_name":"Vampires","floor":21,"gold_loss":0}],"is_beta":false,"boss_relics":[{"not_picked":["Runic Cube","Runic Pyramid"],"picked":"Snecko Eye"}],"items_purged_floors":[],"is_endless":false,"potions_floor_spawned":[1,3,11,18,20,28],"killed_by":"Automaton","ascension_level":9}}