{"host":"cnq91ghfhf6lz0gv","time":1612918752,"event":{"mods":["BaseMod","Clockwork Mod","Colored Map","Colored Powertips","Conspire","Downfall","Googly Eyes","Highlight Path","Minty Spire (QoL Compilation)","Replay The Spire","StSLib","SuperFastMode","The IronCluck","The Showman","slay the spire mod where everything is the same but ironclad has a cowboy hat"],"gold_per_floor":[116,129,89,102,102,137,137,137,164,174,192,211,243,22,22,119,119,137,137,5,5,5],"floor_reached":21,"language":"ENG","playtime":804,"items_purged":["Strike_G"],"score":252,"play_id":"05feacd7-620a-4e99-872c-c84b263632a7","local_time":"20210209195912","is_ascension_mode":true,"campfire_choices":[{"data":"Draining Mist","floor":7.0,"key":"SMITH"},{"floor":15.0,"key":"DIG"}],"circlet_count":0,"master_deck":["Strike_G","Defend_G","Defend_G","Defend_G+1","Defend_G","Defend_G","Survivor+1","Neutralize","Draining Mist+1","Draining Mist","Leg Sweep","Footwork","ReplayTheSpireMod:Speed Training","Footwork","ReplayTheSpireMod:Necrosis+1","Footwork","Footwork"],"relics":["Ring of the Snake","Ring of Panic","ReplayTheSpireMod:Ring of Collecting","Centennial Puzzle","Ring of Fangs","Replay:Rubber Ducky","War Paint","Replay:Baseball","Replay:Grab Bag","Cursed Key","ReplayTheSpireMod:Onyx Gauntlets","Replay:Drink Me"],"acts_visited":["Exordium","TheCity"],"potions_floor_usage":[21],"damage_taken":[{"damage":0.0,"enemies":"Cultist","floor":1.0,"turns":5.0},{"damage":5.0,"enemies":"Jaw Worm","floor":2.0,"turns":4.0},{"damage":0.0,"enemies":"Small Slimes","floor":4.0,"turns":7.0},{"damage":30.0,"enemies":"Gremlin Nob","floor":6.0,"turns":5.0},{"damage":0.0,"enemies":"Gremlin Gang","floor":10.0,"turns":9.0},{"damage":0.0,"enemies":"Looter","floor":11.0,"turns":3.0},{"damage":5.0,"enemies":"Red Slaver","floor":12.0,"turns":3.0},{"damage":8.0,"enemies":"Lagavulin","floor":13.0,"turns":7.0},{"damage":12.0,"enemies":"Hexaghost","floor":16.0,"turns":12.0},{"damage":0.0,"enemies":"Spheric Guardian","floor":18.0,"turns":2.0},{"damage":0,"enemies":"Shell Parasite","floor":21,"turns":10}],"seed_played":"-3180581069260020994","potions_obtained":[{"floor":4.0,"key":"BlessingOfTheForge"},{"floor":11.0,"key":"Poison Potion"},{"floor":12.0,"key":"Toxic Potion"}],"is_trial":false,"path_per_floor":["M","M","$","M","?","E","R","?","T","M","M","M","E","$","R_BF","B",null,"M","?","$","M"],"character_chosen":"THE_SILENT","items_purchased":["Leg Sweep","Footwork","War Paint","Footwork"],"campfire_rested":0,"item_purchase_floors":[3,14,14,20],"current_hp_per_floor":[77,72,72,72,72,42,42,42,42,42,42,37,29,29,29,17,58,58,58,58,58,58],"gold":5,"neow_bonus":"TEN_PERCENT_HP_BONUS","is_daily":false,"chose_seed":false,"campfire_upgraded":1,"win_rate":0.0,"timestamp":1612918752,"path_taken":["M","?","$","M","?","E","R","?","T","?","M","M","E","$","R_BF","BOSS","M","?","$","?"],"items_purchased_type":["Card","Card","Relic","Card"],"build_version":"2020-12-22","purchased_purges":1,"victory":false,"max_hp_per_floor":[77,77,77,77,77,77,77,77,77,77,77,77,77,77,77,77,58,58,58,58,58,58],"card_choices":[{"not_picked":["Deflect","Cloak And Dagger"],"picked":"Draining Mist","floor":1.0},{"not_picked":["Backflip","Setup"],"picked":"Draining Mist","floor":2.0},{"not_picked":["Crippling Poison","ReplayTheSpireMod:The Works","Blade Dance"],"picked":"SKIP","floor":4.0},{"not_picked":["Accuracy","Blade Dance"],"picked":"Footwork","floor":6.0},{"not_picked":["Eviscerate","Bane","Dagger Throw"],"picked":"SKIP","floor":10.0},{"not_picked":["Dagger Spray","Deadly Poison"],"picked":"ReplayTheSpireMod:Speed Training","floor":11.0},{"not_picked":["Acrobatics","Setup","Flying Knee"],"picked":"SKIP","floor":12.0},{"not_picked":["Predator","Acrobatics","Deflect"],"picked":"SKIP","floor":13.0},{"not_picked":["Venomology","A Thousand Cuts"],"picked":"ReplayTheSpireMod:Necrosis","floor":16.0},{"not_picked":["Backstab","Underhanded Strike","Dodge and Roll"],"picked":"SKIP","floor":18.0}],"player_experience":219098,"relics_obtained":[{"floor":5.0,"key":"Ring of Panic"},{"floor":5.0,"key":"ReplayTheSpireMod:Ring of Collecting"},{"floor":6.0,"key":"Centennial Puzzle"},{"floor":9.0,"key":"Ring of Fangs"},{"floor":13.0,"key":"Replay:Rubber Ducky"},{"floor":15.0,"key":"Replay:Baseball"}],"event_choices":[{"damage_healed":0.0,"max_hp_gain":0.0,"max_hp_loss":0.0,"gold_gain":0.0,"event_name":"The Woman in Blue","player_choice":"Bought 0 Potions","floor":8.0,"gold_loss":0.0,"damage_taken":0.0},{"damage_healed":0.0,"max_hp_gain":0.0,"max_hp_loss":0.0,"gold_gain":0.0,"event_name":"Upgrade Shrine","player_choice":"Upgraded","floor":19.0,"gold_loss":0.0,"damage_taken":0.0,"cards_upgraded":["ReplayTheSpireMod:Necrosis"]}],"is_beta":false,"boss_relics":[{"not_picked":["Pandora\u0027s Box","Astrolabe"],"picked":"Replay:Grab Bag"},{"not_picked":["Philosopher\u0027s Stone","ChewingGum"],"picked":"Cursed Key"},{"not_picked":["bronze:MakeshiftBattery","conspire:RoyalGoblet"],"picked":"ReplayTheSpireMod:Onyx Gauntlets"},{"not_picked":["Snecko Heart","SacredBark"],"picked":"Replay:Drink Me"}],"items_purged_floors":[20],"is_endless":false,"potions_floor_spawned":[4,11,12],"killed_by":"Shell Parasite","ascension_level":4}}