{"host":"zsf7u5n6ehqeseos","time":1612956167,"event":{"mods":["AchievementEnabler","BaseMod","Colored Map","Colored Powertips","Googly Eyes","Minty Spire (QoL Compilation)"],"gold_per_floor":[359,24,35,35,35,35,68,68,68,92,53,53,28,72,72,192,192,215,215,215,44,56,56,85,85,85,120,84,84,134,144,144,247,247,262,4,20,35,35,35,35,60,60,92,106,117,0,16,16,16],"floor_reached":51,"language":"ENG","playtime":2984,"items_purged":[],"score":1186,"play_id":"8d4480ec-b83d-49dc-8b2c-0a92e5bfb817","local_time":"20210210122247","is_ascension_mode":true,"campfire_choices":[{"floor":6.0,"key":"REST"},{"floor":8.0,"key":"REST"},{"floor":15.0,"key":"REST"},{"data":"Apotheosis","floor":23.0,"key":"SMITH"},{"floor":25.0,"key":"REST"},{"data":"Defragment","floor":32.0,"key":"SMITH"},{"data":"Magnetism","floor":40.0,"key":"SMITH"},{"data":"Redo","floor":49.0,"key":"SMITH"}],"circlet_count":0,"master_deck":["AscendersBane","Strike_B","Strike_B","Strike_B","Defend_B","Defend_B","Defend_B+1","Defend_B","Zap+1","Dualcast","Skim","Seek","Redo+1","Ball Lightning","Stack","Sweeping Beam","Stack","Electrodynamics","Hologram","Apotheosis+1","Chill","Coolheaded","Sunder","Defragment+1","Leap+1","CurseOfTheBell","Sweeping Beam+1","Magnetism+1","Redo+1","Conserve Battery+1","Sunder+1","Hologram+1","Hologram+1"],"relics":["Cracked Core","White Beast Statue","Bloody Idol","Anchor","Letter Opener","TungstenRod","Cables","Busted Crown","Ginger","Symbiotic Virus","Ornamental Fan","Calling Bell","FossilizedHelix","Toxic Egg 2","Art of War","Boot","Bottled Lightning","Regal Pillow","Red Mask"],"acts_visited":["Exordium","TheCity","TheBeyond"],"potions_floor_usage":[50,50],"damage_taken":[{"damage":5.0,"enemies":"Small Slimes","floor":1.0,"turns":3.0},{"damage":0.0,"enemies":"2 Louse","floor":3.0,"turns":2.0},{"damage":32.0,"enemies":"3 Sentries","floor":7.0,"turns":9.0},{"damage":0.0,"enemies":"Cultist","floor":10.0,"turns":3.0},{"damage":11.0,"enemies":"Gremlin Nob","floor":14.0,"turns":4.0},{"damage":42.0,"enemies":"Hexaghost","floor":16.0,"turns":10.0},{"damage":6.0,"enemies":"Chosen","floor":18.0,"turns":4.0},{"damage":6.0,"enemies":"2 Thieves","floor":22.0,"turns":3.0},{"damage":17.0,"enemies":"Slavers","floor":24.0,"turns":2.0},{"damage":0.0,"enemies":"Gremlin Leader","floor":27.0,"turns":4.0},{"damage":0.0,"enemies":"Sentry and Sphere","floor":31.0,"turns":3.0},{"damage":24.0,"enemies":"Automaton","floor":33.0,"turns":11.0},{"damage":0.0,"enemies":"3 Shapes","floor":35.0,"turns":3.0},{"damage":0.0,"enemies":"Orb Walker","floor":37.0,"turns":4.0},{"damage":3.0,"enemies":"Maw","floor":38.0,"turns":7.0},{"damage":22.0,"enemies":"Giant Head","floor":42.0,"turns":8.0},{"damage":0.0,"enemies":"Nemesis","floor":44.0,"turns":6.0},{"damage":0.0,"enemies":"Sphere and 2 Shapes","floor":45.0,"turns":3.0},{"damage":0.0,"enemies":"4 Shapes","floor":46.0,"turns":2.0},{"damage":5.0,"enemies":"Writhing Mass","floor":48.0,"turns":5.0},{"damage":14,"enemies":"Time Eater","floor":50,"turns":10}],"seed_played":"8410378376367644322","potions_obtained":[{"floor":3.0,"key":"Dexterity Potion"},{"floor":7.0,"key":"EntropicBrew"},{"floor":10.0,"key":"Dexterity Potion"},{"floor":14.0,"key":"EssenceOfSteel"},{"floor":16.0,"key":"FearPotion"},{"floor":18.0,"key":"FearPotion"},{"floor":22.0,"key":"BlessingOfTheForge"},{"floor":24.0,"key":"FocusPotion"},{"floor":27.0,"key":"SpeedPotion"},{"floor":31.0,"key":"FearPotion"},{"floor":33.0,"key":"BlessingOfTheForge"},{"floor":35.0,"key":"DuplicationPotion"},{"floor":38.0,"key":"EntropicBrew"},{"floor":42.0,"key":"PotionOfCapacity"},{"floor":45.0,"key":"ColorlessPotion"}],"is_trial":false,"path_per_floor":["M","$","M","?","?","R","E","R","T","M","?","T","$","E","R","B",null,"M","?","?","$","M","R","E","R","T","E","$","?","?","M","R","B",null,"M","$","M","M","?","R","?","E","T","E","M","M","?","M","R","B",null],"character_chosen":"DEFECT","items_purchased":["Seek","White Beast Statue","Sweeping Beam","Apotheosis","Sunder","Magnetism","Redo+1","Conserve Battery+1"],"campfire_rested":4,"item_purchase_floors":[2,2,13,21,28,36,36,36],"current_hp_per_floor":[45,45,45,45,31,51,19,39,39,39,39,39,39,28,48,6,53,47,47,47,47,51,51,39,59,59,64,64,64,69,69,69,50,64,69,69,69,69,66,66,66,49,49,54,59,64,64,64,64,50],"gold":16,"neow_bonus":"TWO_FIFTY_GOLD","is_daily":false,"chose_seed":false,"campfire_upgraded":4,"win_rate":0.0,"timestamp":1612956167,"path_taken":["M","$","M","?","?","R","E","R","T","M","?","?","?","E","R","BOSS","M","?","?","$","?","R","E","R","T","E","$","?","?","M","R","BOSS","M","$","M","M","?","R","?","E","T","E","?","M","?","M","R","BOSS"],"items_purchased_type":["Card","Relic","Card","Card","Card","Card","Card","Card"],"build_version":"2020-12-22","purchased_purges":0,"victory":true,"max_hp_per_floor":[75,75,75,69,69,69,69,69,69,69,69,69,69,69,69,69,69,69,69,69,69,69,69,69,69,69,69,69,69,69,69,69,69,69,69,69,69,69,66,66,66,66,66,66,66,66,66,66,66,66],"card_choices":[{"not_picked":["Beam Cell","Coolheaded"],"picked":"Skim","floor":1.0},{"not_picked":["Barrage","Go for the Eyes"],"picked":"Redo","floor":3.0},{"not_picked":["Gash","Cold Snap"],"picked":"Ball Lightning","floor":7.0},{"not_picked":["Rainbow","Sweeping Beam"],"picked":"Stack","floor":10.0},{"not_picked":["Streamline","Sunder"],"picked":"Stack","floor":14.0},{"not_picked":["Seek","All For One"],"picked":"Electrodynamics","floor":16.0},{"not_picked":[],"picked":"Hologram","floor":18.0},{"not_picked":[],"picked":"Chill","floor":22.0},{"not_picked":["Hologram"],"picked":"SKIP","floor":24.0},{"not_picked":[],"picked":"Coolheaded","floor":27.0},{"not_picked":[],"picked":"Leap+1","floor":31.0},{"not_picked":[],"picked":"Sweeping Beam+1","floor":35.0},{"not_picked":["Cold Snap"],"picked":"SKIP","floor":37.0},{"not_picked":["Leap+1"],"picked":"SKIP","floor":38.0},{"not_picked":[],"picked":"Sunder+1","floor":42.0},{"not_picked":[],"picked":"Hologram+1","floor":44.0},{"not_picked":[],"picked":"Hologram+1","floor":45.0},{"not_picked":["Blizzard"],"picked":"SKIP","floor":46.0},{"not_picked":["Cold Snap"],"picked":"SKIP","floor":48.0}],"player_experience":225466,"relics_obtained":[{"floor":7.0,"key":"Anchor"},{"floor":9.0,"key":"Letter Opener"},{"floor":12.0,"key":"TungstenRod"},{"floor":14.0,"key":"Cables"},{"floor":24.0,"key":"Ginger"},{"floor":26.0,"key":"Symbiotic Virus"},{"floor":27.0,"key":"Ornamental Fan"},{"floor":34.0,"key":"FossilizedHelix"},{"floor":34.0,"key":"Toxic Egg 2"},{"floor":34.0,"key":"Art of War"},{"floor":42.0,"key":"Boot"},{"floor":43.0,"key":"Bottled Lightning"},{"floor":44.0,"key":"Regal Pillow"}],"event_choices":[{"damage_healed":0.0,"max_hp_gain":0.0,"max_hp_loss":6.0,"gold_gain":0.0,"event_name":"Golden Idol","player_choice":"Lose Max HP","floor":4.0,"gold_loss":0.0,"damage_taken":0.0,"relics_obtained":["Golden Idol"]},{"damage_healed":0.0,"max_hp_gain":0.0,"max_hp_loss":0.0,"gold_gain":0.0,"event_name":"Shining Light","player_choice":"Entered Light","floor":5.0,"gold_loss":0.0,"damage_taken":14.0,"cards_upgraded":["Zap","Defend_B"]},{"damage_healed":0.0,"max_hp_gain":0.0,"max_hp_loss":0.0,"gold_gain":0.0,"event_name":"World of Goop","player_choice":"Left Gold","floor":11.0,"gold_loss":39.0,"damage_taken":0.0},{"damage_healed":0.0,"max_hp_gain":0.0,"max_hp_loss":0.0,"gold_gain":0.0,"event_name":"Forgotten Altar","player_choice":"Gave Idol","floor":19.0,"relics_lost":["Golden Idol"],"gold_loss":0.0,"damage_taken":0.0,"relics_obtained":["Bloody Idol"]},{"cards_removed":["Strike_B"],"damage_healed":0.0,"max_hp_gain":0.0,"max_hp_loss":0.0,"gold_gain":0.0,"event_name":"Bonfire Elementals","player_choice":"Offered Basic","floor":20.0,"gold_loss":0.0,"damage_taken":0.0},{"damage_healed":0.0,"max_hp_gain":0.0,"max_hp_loss":0.0,"gold_gain":0.0,"event_name":"The Library","player_choice":"Read","floor":29.0,"gold_loss":0.0,"damage_taken":0.0,"cards_obtained":["Defragment"]},{"damage_healed":0.0,"max_hp_gain":0.0,"max_hp_loss":0.0,"gold_gain":100.0,"event_name":"The Joust","player_choice":"Bet on Murderer","floor":30.0,"gold_loss":50.0,"damage_taken":0.0},{"damage_healed":0.0,"max_hp_gain":0.0,"max_hp_loss":3.0,"gold_gain":0.0,"event_name":"Winding Halls","player_choice":"Max HP","floor":39.0,"gold_loss":0.0,"damage_taken":0.0},{"damage_healed":0.0,"max_hp_gain":0.0,"max_hp_loss":0.0,"gold_gain":0.0,"event_name":"SecretPortal","player_choice":"Ignored","floor":41.0,"gold_loss":0.0,"damage_taken":0.0},{"damage_healed":0.0,"max_hp_gain":0.0,"max_hp_loss":0.0,"gold_gain":0.0,"event_name":"Tomb of Lord Red Mask","player_choice":"Paid","floor":47.0,"gold_loss":117.0,"damage_taken":0.0,"relics_obtained":["Red Mask"]}],"is_beta":false,"boss_relics":[{"not_picked":["Tiny House","Empty Cage"],"picked":"Busted Crown"},{"not_picked":["Black Star","Nuclear Battery"],"picked":"Calling Bell"}],"items_purged_floors":[],"is_endless":false,"potions_floor_spawned":[3,7,10,14,16,18,22,24,27,31,33,35,37,38,42,44,45,46,48],"ascension_level":11}}