{"host":"y0i0tbisecj7yjyn","time":1612982263,"event":{"mods":["AchievementEnabler","AlwaysNeverKeys","BaseMod","BetterRewards","Colored Map","Colored Powertips","Curses Come First","Disable Question Mark Monsters","Displayed Cursed Tome","Highlight Path","Keyboard Shortcuts","Minty Spire (QoL Compilation)","Quick Restart","Random Character Button","Rare Cards Sparkle","StSLib","SuperFastMode","Transform Curses","Weighted Paths"],"gold_per_floor":[119,119,119,119,129,156,1,1,74,94,106,141,154,154,154,252,252,270,369,388,388,388,413,115,146,146,146,161,161,161],"floor_reached":29,"language":"ENG","playtime":2519,"items_purged":[],"score":346,"play_id":"93cdd1ef-1646-4669-8dd8-7b230f79ac60","local_time":"20210210123743","is_ascension_mode":false,"campfire_choices":[{"data":"Eruption","floor":8,"key":"SMITH"},{"data":"Swivel","floor":15,"key":"SMITH"},{"floor":27,"key":"REST"}],"circlet_count":0,"master_deck":["Strike_P+1","Strike_P","Strike_P+1","Strike_P","Defend_P","Defend_P+1","Defend_P","Defend_P+1","Eruption+1","Vigilance","SashWhip","PathToVictory+1","ReachHeaven","Swivel+1","Wallop","Blasphemy","FollowUp","Consecrate","Prostrate","PathToVictory+1"],"relics":["PureWater","NeowsBlessing","Happy Flower","Whetstone","Bottled Lightning","HornCleat","Snecko Eye","Nilry\u0027s Codex","MutagenicStrength","Omamori","Tiny Chest","HandDrill","Bird Faced Urn","The Courier"],"acts_visited":["Exordium","TheCity"],"potions_floor_usage":[12,18,25,29,29],"damage_taken":[{"damage":0,"enemies":"Jaw Worm","floor":1,"turns":1},{"damage":0,"enemies":"Cultist","floor":5,"turns":1},{"damage":0,"enemies":"Lagavulin","floor":6,"turns":1},{"damage":0,"enemies":"Small Slimes","floor":10,"turns":3},{"damage":4,"enemies":"Looter","floor":11,"turns":2},{"damage":2,"enemies":"Gremlin Nob","floor":12,"turns":3},{"damage":4,"enemies":"3 Louse","floor":13,"turns":2},{"damage":0,"enemies":"Slime Boss","floor":16,"turns":4},{"damage":0,"enemies":"Spheric Guardian","floor":18,"turns":3},{"damage":2,"enemies":"Chosen","floor":20,"turns":3},{"damage":6,"enemies":"Slavers","floor":23,"turns":5},{"damage":19,"enemies":"Gremlin Leader","floor":25,"turns":7},{"damage":3,"enemies":"Centurion and Healer","floor":28,"turns":8},{"damage":99999,"enemies":"Slavers","floor":29,"turns":2}],"seed_played":"-7176258525977567350","potions_obtained":[{"floor":2,"key":"GamblersBrew"},{"floor":2,"key":"Ambrosia"},{"floor":2,"key":"Strength Potion"},{"floor":5,"key":"Weak Potion"},{"floor":6,"key":"DistilledChaos"},{"floor":13,"key":"Ambrosia"},{"floor":23,"key":"DistilledChaos"}],"is_trial":false,"path_per_floor":["M","?","?","?","M","E","$","R","T","M","M","E","M","?","R","B",null,"M","?","M","?","?","E","$","E","T","R","M","E"],"character_chosen":"WATCHER","items_purchased":["Whetstone","Tiny Chest","HandDrill"],"campfire_rested":1,"item_purchase_floors":[7,24,24],"current_hp_per_floor":[72,72,58,58,58,58,58,58,58,58,54,52,48,48,48,48,72,72,72,70,54,54,48,48,29,29,50,47,0,0],"gold":161,"neow_bonus":"THREE_ENEMY_KILL","is_daily":false,"chose_seed":false,"campfire_upgraded":2,"win_rate":0.0,"timestamp":1612982263,"path_taken":["M","?","?","?","M","E","?","R","T","M","M","E","?","?","R","BOSS","M","?","M","?","?","E","$","E","T","R","?","E"],"items_purchased_type":["Relic","Relic","Relic"],"build_version":"2020-12-22","purchased_purges":0,"victory":false,"max_hp_per_floor":[72,72,72,72,72,72,72,72,72,72,72,72,72,72,72,72,72,72,72,72,72,72,72,72,72,72,72,72,72,72],"card_choices":[{"not_picked":["CutThroughFate","Sanctity"],"picked":"SashWhip","floor":1},{"not_picked":["Nirvana","Fasting2"],"picked":"PathToVictory","floor":5},{"not_picked":["Conclude","Collect"],"picked":"ReachHeaven","floor":6},{"not_picked":["WheelKick","JustLucky"],"picked":"Swivel","floor":10},{"not_picked":["ClearTheMind","FlyingSleeves","Evaluate"],"picked":"SKIP","floor":11},{"not_picked":["EmptyMind","Alpha"],"picked":"Wallop","floor":12},{"not_picked":["Study","Protect","Swivel"],"picked":"SKIP","floor":13},{"not_picked":["Brilliance","Omniscience"],"picked":"Blasphemy","floor":16},{"not_picked":["FlyingSleeves","Worship+1"],"picked":"FollowUp","floor":18},{"not_picked":["MasterReality","CutThroughFate"],"picked":"Consecrate","floor":20},{"not_picked":["Vengeance","ClearTheMind"],"picked":"Prostrate","floor":23},{"not_picked":["FlyingSleeves","Worship"],"picked":"PathToVictory+1","floor":25},{"not_picked":["InnerPeace","BowlingBash","SashWhip+1"],"picked":"SKIP","floor":28}],"player_experience":425295,"relics_obtained":[{"floor":6,"key":"Happy Flower"},{"floor":9,"key":"Bottled Lightning"},{"floor":12,"key":"HornCleat"},{"floor":23,"key":"Omamori"},{"floor":25,"key":"Bird Faced Urn"},{"floor":26,"key":"The Courier"}],"event_choices":[{"damage_healed":0,"gold_gain":0,"player_choice":"Got Potions","damage_taken":0,"max_hp_gain":0,"max_hp_loss":0,"event_name":"Lab","floor":2,"gold_loss":0},{"damage_healed":0,"gold_gain":0,"player_choice":"Entered Light","damage_taken":14,"max_hp_gain":0,"max_hp_loss":0,"event_name":"Shining Light","floor":3,"gold_loss":0,"cards_upgraded":["Defend_P","Defend_P"]},{"damage_healed":0,"gold_gain":0,"player_choice":"Ignored","damage_taken":0,"max_hp_gain":0,"max_hp_loss":0,"event_name":"Golden Wing","floor":4,"gold_loss":0},{"damage_healed":0,"gold_gain":0,"player_choice":"Grow","damage_taken":0,"max_hp_gain":0,"max_hp_loss":0,"event_name":"Living Wall","floor":14,"gold_loss":0,"cards_upgraded":["PathToVictory"]},{"damage_healed":0,"gold_gain":99,"player_choice":"Stole From Cult","damage_taken":0,"max_hp_gain":0,"max_hp_loss":0,"event_name":"Nest","floor":19,"gold_loss":0},{"damage_healed":0,"gold_gain":0,"player_choice":"Obtained Book","damage_taken":16,"max_hp_gain":0,"max_hp_loss":0,"event_name":"Cursed Tome","floor":21,"gold_loss":0},{"damage_healed":0,"gold_gain":0,"player_choice":"Inject Mutagens","damage_taken":0,"relics_obtained":["MutagenicStrength"],"max_hp_gain":0,"max_hp_loss":0,"event_name":"Drug Dealer","floor":22,"gold_loss":0}],"is_beta":false,"boss_relics":[{"not_picked":["Astrolabe","Runic Dome"],"picked":"Snecko Eye"}],"items_purged_floors":[],"is_endless":false,"potions_floor_spawned":[5,6,11,13,23],"killed_by":"Slavers","ascension_level":0}}