{"host":"kx62hxkutszy5nb0","time":1612936615,"event":{"mods":["2.2 Compatiblity","AchievementEnabler","Aspiration","BaseMod","Better Altar","Better Match","Better Note","Better Sensory Stone","Better Skull","Better Third Choice","Better Vampires","CCEM2","Colored Map","Colored Powertips","Conspire","Custom Start","Dark Map","Defuse TimeMaze Blight","Displayed Cursed Tome","Downfall","Fiend Mod","Hermit","Hubris","Infinite Spire","Jorbs\u0027s Wanderer Trilogy","Koishi","Marked Mod","Minty Spire (QoL Compilation)","Prisma Mod","Relic Sorter","Relic Stats","Replay The Spire","Shade Mod","Shop Mod","Spikes Relics","StSLib","Td1madao Mod","The Alterego","The Construct","The Cursed","The Exalted","The Forsaken","The Judge","The Jungle","The Marked","TheSwordswoman","TheVacant","Uncapped","Virulent Crown","Yuri Mod","everything is the same but u backflip on backflip"],"gold_per_floor":[117,136,89,106,106,146,146,146,218,218,183,198,213,251,251,251,251],"floor_reached":16,"language":"ENG","playtime":466,"items_purged":[],"score":110,"play_id":"de832e80-96a2-4258-bb6e-a91685e0a537","local_time":"20210210155655","is_ascension_mode":false,"campfire_choices":[{"floor":7,"key":"REST"},{"floor":10,"key":"REST"},{"floor":15,"key":"REST"}],"circlet_count":0,"master_deck":["Strike_C","Strike_C","Strike_C","Strike_C","Defend_C","Defend_C","Defend_C","Defend_C","Knight Kick","Chip","Black Dance","Fire Blade","Here Defend Chip+1","Provocative","Floating Swing Kick+1","Perfect Defend","Lunge","Defend System"],"relics":["Apod","NeowsBlessing","Golden Idol","infinitespire:Eraser","Meat on the Bone","Bromod:ArcaneMomentum"],"acts_visited":["Exordium"],"potions_floor_usage":[14,14],"damage_taken":[{"damage":0,"enemies":"conspire:RoseBush","floor":1,"turns":1},{"damage":0,"enemies":"2 Louse","floor":2,"turns":1},{"damage":0,"enemies":"Jaw Worm","floor":4,"turns":1},{"damage":28,"enemies":"Gremlin Nob","floor":6,"turns":5},{"damage":1,"enemies":"3 Louse","floor":12,"turns":2},{"damage":12,"enemies":"Gremlin Gang","floor":13,"turns":2},{"damage":19,"enemies":"Lagavulin","floor":14,"turns":7},{"damage":59,"enemies":"The Guardian","floor":16,"turns":6}],"seed_played":"8429594318418129618","potions_obtained":[{"floor":6,"key":"Reflective Coating"},{"floor":13,"key":"Block Potion"}],"is_trial":false,"path_per_floor":["M","M","$","M","?","E","R","?","T","R","?","M","M","E","R","B"],"character_chosen":"TD1MADAO_CLASS","items_purchased":["Here Defend Chip"],"campfire_rested":3,"item_purchase_floors":[3],"current_hp_per_floor":[70,70,70,70,53,25,46,32,32,53,70,69,57,38,59,0,0],"gold":251,"neow_bonus":"THREE_ENEMY_KILL","is_daily":false,"chose_seed":false,"campfire_upgraded":0,"win_rate":0.0,"timestamp":1612936615,"path_taken":["M","M","$","M","?","E","R","?","T","R","?","M","M","E","R","BOSS"],"items_purchased_type":["Card"],"build_version":"2020-12-22","purchased_purges":0,"victory":false,"max_hp_per_floor":[70,70,70,70,70,70,70,70,70,70,70,70,70,70,70,70,70],"relic_stats":{"counters":[8,24],"Golden Idol":22,"obtain_stats":[{"NeowsBlessing":0,"Golden Idol":5,"Apod":0,"infinitespire:Eraser":6,"Meat on the Bone":9,"Bromod:ArcaneMomentum":14},{"NeowsBlessing":0,"Golden Idol":3,"Apod":0,"infinitespire:Eraser":4,"Meat on the Bone":4,"Bromod:ArcaneMomentum":7},{"NeowsBlessing":0,"Golden Idol":3,"Apod":0,"infinitespire:Eraser":7,"Meat on the Bone":7,"Bromod:ArcaneMomentum":18}],"Meat on the Bone":0},"card_choices":[{"not_picked":["Bugfix","Twin Teeth"],"picked":"Black Dance","floor":1},{"not_picked":["Three Hit","Oblique Hack"],"picked":"Fire Blade","floor":2},{"not_picked":["Machining","Recovery Mechanism"],"picked":"Provocative","floor":4},{"not_picked":["Rupture","Moon Tear"],"picked":"Floating Swing Kick","floor":6},{"not_picked":["Black Dance","Sudden Beat"],"picked":"Perfect Defend","floor":12},{"not_picked":["Twin Teeth","Oblique Hack"],"picked":"Lunge","floor":13},{"not_picked":["Cursed Blade","Rupture"],"picked":"Defend System","floor":14}],"player_experience":758017,"relics_obtained":[{"floor":6,"key":"infinitespire:Eraser"},{"floor":9,"key":"Meat on the Bone"},{"floor":14,"key":"Bromod:ArcaneMomentum"}],"event_choices":[{"damage_healed":0,"gold_gain":0,"player_choice":"Take Damage","damage_taken":17,"relics_obtained":["Golden Idol"],"max_hp_gain":0,"max_hp_loss":0,"event_name":"Golden Idol","floor":5,"gold_loss":0},{"damage_healed":46,"gold_gain":0,"player_choice":"Upgrade","damage_taken":14,"max_hp_gain":0,"max_hp_loss":70,"event_name":"betterThird:BetterShining","floor":8,"gold_loss":0,"cards_upgraded":["Here Defend Chip","Floating Swing Kick"]},{"damage_healed":17,"gold_gain":0,"player_choice":"Healed","damage_taken":0,"max_hp_gain":0,"max_hp_loss":0,"event_name":"The Cleric","floor":11,"gold_loss":35}],"is_beta":false,"boss_relics":[],"items_purged_floors":[],"is_endless":false,"potions_floor_spawned":[6,13],"killed_by":"The Guardian","ascension_level":0}}