{"host":"at5b10nm0iti0w4x","time":1612915710,"event":{"mods":["2.2 Compatiblity","AchievementEnabler","BaseMod","Bestiary","Block Reminder","Colored Map","Colored Powertips","Highlight Path","Keyboard Shortcuts","Minty Spire (QoL Compilation)","Relic Stats","Slay the Relics Exporter","StSLib","SuperFastMode","Unknown Chances"],"gold_per_floor":[113,130,130,230,245,245,59,91,91,108,108,121,121,121,121,121,121],"floor_reached":16,"language":"ENG","playtime":307,"items_purged":[],"score":100,"play_id":"2d8b44d2-51ab-4ac8-b057-64b022e34572","local_time":"20210209190830","is_ascension_mode":false,"campfire_choices":[{"data":"Flame Barrier","floor":6,"key":"SMITH"},{"floor":11,"key":"REST"},{"floor":13,"key":"REST"},{"data":"Barricade","floor":15,"key":"SMITH"}],"circlet_count":0,"master_deck":["Strike_R","Strike_R","Strike_R","Strike_R","Strike_R","Defend_R","Defend_R","Defend_R","Defend_R","Bash","Flame Barrier+1","Spot Weakness","Perfected Strike","Barricade+1","Spot Weakness","Heavy Blade","Perfected Strike"],"relics":["Runic Cube"],"acts_visited":["Exordium"],"potions_floor_usage":[],"damage_taken":[{"damage":8,"enemies":"Jaw Worm","floor":1,"turns":3},{"damage":1,"enemies":"2 Louse","floor":2,"turns":2},{"damage":4,"enemies":"Cultist","floor":5,"turns":4},{"damage":42,"enemies":"Gremlin Nob","floor":8,"turns":5},{"damage":20,"enemies":"Exordium Thugs","floor":10,"turns":6},{"damage":5,"enemies":"3 Louse","floor":12,"turns":4},{"damage":50,"enemies":"Hexaghost","floor":16,"turns":10}],"seed_played":"6596971598417069077","potions_obtained":[{"floor":2,"key":"Regen Potion"},{"floor":12,"key":"Fire Potion"}],"is_trial":false,"path_per_floor":["M","M","?","?","M","R","$","E","T","M","R","M","R","$","R","B"],"character_chosen":"IRONCLAD","items_purchased":["Perfected Strike","Barricade"],"campfire_rested":2,"item_purchase_floors":[7,7],"current_hp_per_floor":[72,71,71,71,67,67,67,25,25,5,29,24,48,48,48,0,0],"gold":121,"neow_bonus":"BOSS_RELIC","is_daily":false,"chose_seed":false,"campfire_upgraded":2,"win_rate":0.0,"timestamp":1612915710,"path_taken":["M","M","?","?","?","R","$","E","T","M","R","M","R","$","R","BOSS"],"items_purchased_type":["Card","Card"],"build_version":"2020-12-22","purchased_purges":0,"victory":false,"max_hp_per_floor":[80,80,80,80,80,80,80,80,80,80,80,80,80,80,80,80,80],"relic_stats":{"counters":[7,34],"obtain_stats":[{"Burning Blood":0,"Runic Cube":0},{"Burning Blood":0,"Runic Cube":0},{"Burning Blood":0,"Runic Cube":0}],"Runic Cube":[21]},"card_choices":[{"not_picked":["Wild Strike","Havoc"],"picked":"Flame Barrier","floor":1},{"not_picked":["Sword Boomerang","Pommel Strike","Thunderclap"],"picked":"SKIP","floor":2},{"not_picked":["Headbutt","Shockwave"],"picked":"Spot Weakness","floor":5},{"not_picked":["Battle Trance","Dark Embrace"],"picked":"Spot Weakness","floor":8},{"not_picked":["Wild Strike","Dark Embrace"],"picked":"Heavy Blade","floor":10},{"not_picked":["Cleave","Bloodletting"],"picked":"Perfected Strike","floor":12}],"player_experience":86607,"relics_obtained":[],"event_choices":[{"damage_healed":0,"gold_gain":0,"player_choice":"Fled","damage_taken":0,"max_hp_gain":0,"max_hp_loss":0,"event_name":"Scrap Ooze","floor":3,"gold_loss":0},{"damage_healed":0,"gold_gain":100,"player_choice":"Pray","damage_taken":0,"max_hp_gain":0,"max_hp_loss":0,"event_name":"Golden Shrine","floor":4,"gold_loss":0}],"is_beta":false,"boss_relics":[],"items_purged_floors":[],"is_endless":false,"potions_floor_spawned":[2,12],"killed_by":"Hexaghost","ascension_level":0}}