{"host":"dg9bmj64xsaxvoc5","time":1612973421,"event":{"mods":["AchievementEnabler","BaseMod","Highlight Path","Minty Spire (QoL Compilation)","Quick Restart","Relic Stats"],"gold_per_floor":[115,115,190,205,49,90,40,40,91,103,25,25,64,83,83,206,206,219,243,21,21,21,21,21,21,21,120,133,164,164,188,188,316,316,341,341,366,382,124,124,124,457,508,508,508],"floor_reached":44,"language":"ENG","playtime":971,"items_purged":["Strike_R","Strike_R"],"score":480,"play_id":"8e5cd449-63f1-4953-916b-7aee11c68162","local_time":"20210210111021","is_ascension_mode":false,"campfire_choices":[{"floor":12,"key":"REST"},{"data":"Spot Weakness","floor":15,"key":"SMITH"},{"floor":23,"key":"REST"},{"floor":25,"key":"REST"},{"floor":32,"key":"REST"},{"floor":40,"key":"REST"}],"circlet_count":0,"master_deck":["Strike_R","Defend_R","Defend_R","Defend_R+1","Bash","Carnage","Headbutt+1","Inflame","Spot Weakness+1","Headbutt","Berserk","Clash","Bludgeon+1","Spot Weakness+1","Dropkick","Infernal Blade","Demon Form","Pommel Strike+1","Flex+1","Clash+1","Berserk","Madness","Madness","Cleave","Pummel","Shrug It Off","Pain"],"relics":["Burning Blood","NeowsBlessing","Regal Pillow","MawBank","Shuriken","Juzu Bracelet","Empty Cage","Vajra","Oddly Smooth Stone","Kunai","Blood Vial","Cursed Key","Membership Card","Centennial Puzzle"],"acts_visited":["Exordium","TheCity","TheBeyond"],"potions_floor_usage":[13,19,29,29],"damage_taken":[{"damage":0,"enemies":"Small Slimes","floor":1,"turns":1},{"damage":0,"enemies":"2 Louse","floor":4,"turns":1},{"damage":0,"enemies":"Lagavulin","floor":6,"turns":1},{"damage":23,"enemies":"Gremlin Nob","floor":13,"turns":4},{"damage":6,"enemies":"Jaw Worm","floor":14,"turns":3},{"damage":58,"enemies":"The Guardian","floor":16,"turns":8},{"damage":43,"enemies":"Shell Parasite","floor":18,"turns":4},{"damage":40,"enemies":"2 Thieves","floor":19,"turns":4},{"damage":29,"enemies":"Centurion and Healer","floor":28,"turns":4},{"damage":36,"enemies":"Book of Stabbing","floor":29,"turns":5},{"damage":21,"enemies":"Snake Plant","floor":31,"turns":3},{"damage":64,"enemies":"Champ","floor":33,"turns":7},{"damage":39,"enemies":"3 Shapes","floor":35,"turns":4},{"damage":16,"enemies":"3 Darklings","floor":37,"turns":3},{"damage":15,"enemies":"Transient","floor":38,"turns":5},{"damage":72,"enemies":"2 Orb Walkers","floor":44,"turns":3}],"seed_played":"-7865790349465440910","potions_obtained":[{"floor":1,"key":"Strength Potion"},{"floor":13,"key":"Fruit Juice"},{"floor":16,"key":"Block Potion"},{"floor":19,"key":"Weak Potion"},{"floor":33,"key":"CultistPotion"}],"is_trial":false,"path_per_floor":["M","?","?","M","$","E","?","?","T","?","$","R","E","M","R","B",null,"M","M","$","?","?","R","$","R","T","?","M","E","?","M","R","B",null,"M","?","M","M","$","R","?","?","T","?"],"character_chosen":"IRONCLAD","items_purchased":["Inflame","Spot Weakness","Headbutt","Vajra","Infernal Blade","Membership Card","Pummel","Shrug It Off"],"campfire_rested":5,"item_purchase_floors":[5,11,11,20,20,39,39,39],"current_hp_per_floor":[80,60,49,55,55,61,61,45,45,38,38,77,65,65,65,13,85,48,14,14,14,14,54,54,85,85,85,62,32,60,47,85,27,85,52,41,33,26,26,66,66,66,66,0,0],"gold":508,"neow_bonus":"THREE_ENEMY_KILL","is_daily":false,"chose_seed":false,"campfire_upgraded":1,"win_rate":0.0,"timestamp":1612973421,"path_taken":["M","?","?","M","$","E","?","?","T","?","?","R","E","M","R","BOSS","M","M","$","?","?","R","$","R","T","?","M","E","?","M","R","BOSS","M","?","M","M","$","R","?","?","T","?"],"items_purchased_type":["Card","Card","Card","Relic","Card","Relic","Card","Card"],"build_version":"2020-12-22","purchased_purges":2,"victory":false,"max_hp_per_floor":[80,80,80,80,80,80,80,80,80,80,80,80,85,85,85,85,85,85,85,85,85,85,85,85,85,85,85,85,85,85,85,85,85,85,85,85,85,85,85,85,85,85,85,85,85],"relic_stats":{"Blood Vial":8,"Regal Pillow":64,"Centennial Puzzle":[3],"counters":[16,60],"Shuriken":[9],"Juzu Bracelet":2,"Kunai":[8],"MawBank":24,"Cursed Key":1,"obtain_stats":[{"Regal Pillow":6,"NeowsBlessing":0,"Golden Idol":2,"Vajra":20,"Oddly Smooth Stone":22,"Juzu Bracelet":13,"MawBank":9,"Empty Cage":17,"Cursed Key":34,"Burning Blood":0,"Blood Vial":29,"Centennial Puzzle":43,"Shuriken":10,"Kunai":26,"Membership Card":39},{"Regal Pillow":3,"NeowsBlessing":0,"Golden Idol":1,"Vajra":8,"Oddly Smooth Stone":8,"Juzu Bracelet":4,"MawBank":3,"Empty Cage":6,"Cursed Key":12,"Burning Blood":0,"Blood Vial":10,"Centennial Puzzle":15,"Shuriken":3,"Kunai":8,"Membership Card":15},{"Regal Pillow":3,"NeowsBlessing":0,"Golden Idol":1,"Vajra":26,"Oddly Smooth Stone":26,"Juzu Bracelet":7,"MawBank":3,"Empty Cage":18,"Cursed Key":45,"Burning Blood":0,"Blood Vial":35,"Centennial Puzzle":57,"Shuriken":3,"Kunai":26,"Membership Card":57}],"Burning Blood":84},"card_choices":[{"not_picked":["Seeing Red","Combust"],"picked":"Carnage","floor":1},{"not_picked":["Rampage","Warcry"],"picked":"Headbutt","floor":4},{"not_picked":["Clothesline","Perfected Strike","Warcry"],"picked":"SKIP","floor":6},{"not_picked":["Juggernaut","Iron Wave"],"picked":"Berserk","floor":13},{"not_picked":["Pommel Strike","Anger"],"picked":"Clash","floor":14},{"not_picked":["Brutality","Offering"],"picked":"Bludgeon","floor":16},{"not_picked":["Disarm","Fire Breathing"],"picked":"Spot Weakness+1","floor":18},{"not_picked":["Pommel Strike","Clothesline"],"picked":"Dropkick","floor":19},{"not_picked":["Body Slam+1","Reckless Charge"],"picked":"Pommel Strike+1","floor":28},{"not_picked":["Corruption","Pommel Strike"],"picked":"Flex+1","floor":29},{"not_picked":["Iron Wave","Rage"],"picked":"Clash+1","floor":31},{"not_picked":["Bludgeon","Feed"],"picked":"Berserk","floor":33},{"not_picked":["Perfected Strike","True Grit","Whirlwind"],"picked":"SKIP","floor":35},{"not_picked":["Second Wind+1","Wild Strike+1","Uppercut"],"picked":"SKIP","floor":37},{"not_picked":["Iron Wave+1","Shockwave+1"],"picked":"Cleave","floor":38}],"player_experience":5098,"relics_obtained":[{"floor":6,"key":"Regal Pillow"},{"floor":9,"key":"MawBank"},{"floor":13,"key":"Juzu Bracelet"},{"floor":26,"key":"Kunai"},{"floor":29,"key":"Blood Vial"},{"floor":43,"key":"Centennial Puzzle"}],"event_choices":[{"damage_healed":0,"gold_gain":0,"player_choice":"Take Damage","damage_taken":20,"relics_obtained":["Golden Idol"],"max_hp_gain":0,"max_hp_loss":0,"event_name":"Golden Idol","floor":2,"gold_loss":0},{"damage_healed":0,"gold_gain":75,"player_choice":"Gather Gold","damage_taken":11,"max_hp_gain":0,"max_hp_loss":0,"event_name":"World of Goop","floor":3,"gold_loss":0},{"cards_removed":["Strike_R"],"damage_healed":0,"gold_gain":0,"player_choice":"Card Removal","damage_taken":0,"max_hp_gain":0,"max_hp_loss":0,"event_name":"The Cleric","floor":7,"gold_loss":50},{"damage_healed":0,"gold_gain":0,"player_choice":"Entered Light","damage_taken":16,"max_hp_gain":0,"max_hp_loss":0,"event_name":"Shining Light","floor":8,"gold_loss":0,"cards_upgraded":["Defend_R","Headbutt"]},{"damage_healed":0,"gold_gain":0,"player_choice":"Success","damage_taken":7,"relics_obtained":["Shuriken"],"max_hp_gain":0,"max_hp_loss":0,"event_name":"Scrap Ooze","floor":10,"gold_loss":0},{"damage_healed":0,"gold_gain":0,"player_choice":"1 cards matched","damage_taken":0,"max_hp_gain":0,"max_hp_loss":0,"event_name":"Match and Keep!","floor":21,"gold_loss":0,"cards_obtained":["Demon Form"]},{"damage_healed":0,"gold_gain":0,"player_choice":"Opened","damage_taken":0,"relics_obtained":["Oddly Smooth Stone"],"max_hp_gain":0,"max_hp_loss":0,"event_name":"The Mausoleum","floor":22,"gold_loss":0},{"damage_healed":0,"gold_gain":99,"player_choice":"Stole From Cult","damage_taken":0,"max_hp_gain":0,"max_hp_loss":0,"event_name":"Nest","floor":27,"gold_loss":0},{"damage_healed":28,"gold_gain":0,"player_choice":"Heal","damage_taken":0,"max_hp_gain":0,"max_hp_loss":0,"event_name":"The Library","floor":30,"gold_loss":0},{"damage_healed":0,"gold_gain":0,"player_choice":"Embrace Madness","damage_taken":11,"max_hp_gain":0,"max_hp_loss":0,"event_name":"Winding Halls","floor":36,"gold_loss":0,"cards_obtained":["Madness","Madness"]},{"damage_healed":0,"gold_gain":0,"player_choice":"Upgraded","damage_taken":0,"max_hp_gain":0,"max_hp_loss":0,"event_name":"Upgrade Shrine","floor":41,"gold_loss":0,"cards_upgraded":["Bludgeon"]},{"damage_healed":0,"gold_gain":333,"player_choice":"Gave Idol","damage_taken":0,"max_hp_gain":0,"max_hp_loss":0,"event_name":"The Moai Head","floor":42,"relics_lost":["Golden Idol"],"gold_loss":0},{"damage_healed":0,"gold_gain":0,"player_choice":"Fight","damage_taken":0,"max_hp_gain":0,"max_hp_loss":0,"event_name":"Mysterious Sphere","floor":44,"gold_loss":0}],"is_beta":false,"boss_relics":[{"not_picked":["Snecko Eye","SlaversCollar"],"picked":"Empty Cage"},{"not_picked":["Runic Pyramid","Tiny House"],"picked":"Cursed Key"}],"items_purged_floors":[5,39],"is_endless":false,"potions_floor_spawned":[1,13,16,19,33],"killed_by":"2 Orb Walkers","ascension_level":0}}