{"host":"Qube","time":1612991055,"event":{"mods":["AchievementEnabler","BaseMod","Colored Map","Colored Powertips","Highlight Path","Minty Spire (QoL Compilation)","Permanent Neow","Quick Restart","Random Character Button","StSLib"],"gold_per_floor":[113,131,0,0,15,15,15,15,15,35,0,0,16,36,36,36,36],"floor_reached":16,"language":"ENG","playtime":794,"items_purged":["Shame"],"score":184,"play_id":"d3e24f4f-6aac-4859-8843-a3078d4990e9","local_time":"20210210130415","is_ascension_mode":true,"campfire_choices":[{"data":"Zap","floor":6,"key":"SMITH"},{"data":"Cold Snap","floor":8,"key":"SMITH"},{"floor":12,"key":"REST"},{"floor":15,"key":"REST"}],"circlet_count":0,"master_deck":["AscendersBane","Strike_B","Strike_B","Strike_B","Defend_B","Defend_B","Defend_B","Defend_B","Zap+1","Dualcast+1","Core Surge","Go for the Eyes","Cold Snap+1","Gash","Darkness+1","Sweeping Beam","Double Energy","Steam"],"relics":["Cracked Core","Darkstone Periapt"],"acts_visited":["Exordium"],"potions_floor_usage":[10,16],"damage_taken":[{"damage":2,"enemies":"Jaw Worm","floor":1,"turns":3},{"damage":6,"enemies":"2 Louse","floor":2,"turns":2},{"damage":3,"enemies":"Small Slimes","floor":5,"turns":4},{"damage":20,"enemies":"Exordium Wildlife","floor":10,"turns":4},{"damage":7,"enemies":"Red Slaver","floor":13,"turns":2},{"damage":1,"enemies":"Blue Slaver","floor":14,"turns":3},{"damage":38,"enemies":"The Guardian","floor":16,"turns":5}],"seed_played":"-580828066611053108","potions_obtained":[{"floor":1,"key":"Strength Potion"},{"floor":13,"key":"SmokeBomb"},{"floor":14,"key":"LiquidBronze"}],"is_trial":false,"path_per_floor":["M","M","$","?","M","R","?","R","T","M","?","R","M","M","R","B"],"character_chosen":"DEFECT","items_purchased":["Gash"],"campfire_rested":2,"item_purchase_floors":[3],"current_hp_per_floor":[62,56,56,49,46,46,25,25,25,5,5,26,19,18,39,1,1],"gold":36,"neow_bonus":"THREE_RARE_CARDS","is_daily":false,"chose_seed":false,"campfire_upgraded":2,"win_rate":0.0,"timestamp":1612991055,"path_taken":["M","M","$","?","M","R","?","R","T","M","?","R","M","M","R","BOSS"],"items_purchased_type":["Card"],"build_version":"2020-12-18","purchased_purges":1,"victory":false,"max_hp_per_floor":[71,71,71,71,71,71,71,71,71,71,71,71,71,71,71,71,71],"card_choices":[{"not_picked":["Buffer","Fission"],"picked":"Core Surge","floor":0},{"not_picked":["Stack","Hologram"],"picked":"Go for the Eyes","floor":1},{"not_picked":["Hologram","Static Discharge"],"picked":"Cold Snap","floor":2},{"not_picked":["Rebound","Hello World"],"picked":"Darkness","floor":5},{"not_picked":["Compile Driver","Sunder"],"picked":"Sweeping Beam","floor":10},{"not_picked":["Sweeping Beam","Meteor Strike"],"picked":"Double Energy","floor":13},{"not_picked":["Melter","Darkness"],"picked":"Steam","floor":14}],"player_experience":1135039,"relics_obtained":[{"floor":9,"key":"Darkstone Periapt"}],"event_choices":[{"cards_removed":["Strike_B"],"damage_healed":0,"gold_gain":0,"player_choice":"Card Removal","damage_taken":7,"max_hp_gain":0,"max_hp_loss":0,"event_name":"Golden Wing","floor":4,"gold_loss":0},{"damage_healed":0,"gold_gain":0,"player_choice":"Entered Light","damage_taken":21,"max_hp_gain":0,"max_hp_loss":0,"event_name":"Shining Light","floor":7,"gold_loss":0,"cards_upgraded":["Dualcast","Darkness"]},{"damage_healed":0,"gold_gain":0,"player_choice":"Left Gold","damage_taken":0,"max_hp_gain":0,"max_hp_loss":0,"event_name":"World of Goop","floor":11,"gold_loss":35}],"is_beta":true,"boss_relics":[],"items_purged_floors":[3],"is_endless":false,"potions_floor_spawned":[1,13,14],"killed_by":"The Guardian","ascension_level":20}}