{"host":"a5lz0e76zb3fcwkm","time":1612951532,"event":{"mods":["AchievementEnabler","BaseMod","Colored Map","Colored Powertips","Minty Spire (QoL Compilation)","StSLib","SuperFastMode"],"gold_per_floor":[115,115,115,40,55,55,98,111,111,131,31,54,69,85,85,85,85],"floor_reached":16,"language":"KOR","playtime":435,"items_purged":["Regret","Strike_G"],"score":208,"play_id":"6a391711-ada8-4e82-a4f2-ada59c4676da","local_time":"20210210190532","is_ascension_mode":true,"campfire_choices":[{"data":"Tactician","floor":6,"key":"SMITH"},{"data":"Prepared","floor":15,"key":"SMITH"}],"circlet_count":0,"master_deck":["AscendersBane","Strike_G","Strike_G","Strike_G","Strike_G","Defend_G","Defend_G","Defend_G","Defend_G","Defend_G","Survivor","Neutralize","Sadistic Nature","Tactician+1","Acrobatics","Dagger Throw","Crippling Poison","Prepared+1","Underhanded Strike"],"relics":["Ring of the Snake","Letter Opener","Golden Idol","Incense Burner"],"acts_visited":["Exordium"],"potions_floor_usage":[7,16,16],"damage_taken":[{"damage":2,"enemies":"Jaw Worm","floor":1,"turns":5},{"damage":4,"enemies":"Cultist","floor":5,"turns":4},{"damage":24,"enemies":"Lagavulin","floor":7,"turns":6},{"damage":1,"enemies":"Small Slimes","floor":8,"turns":3},{"damage":4,"enemies":"Blue Slaver","floor":10,"turns":3},{"damage":0,"enemies":"Exordium Wildlife","floor":12,"turns":2},{"damage":0,"enemies":"2 Fungi Beasts","floor":13,"turns":1},{"damage":1,"enemies":"Looter","floor":14,"turns":2},{"damage":30,"enemies":"Slime Boss","floor":16,"turns":5}],"seed_played":"-4926622723886158875","potions_obtained":[{"floor":5,"key":"PowerPotion"},{"floor":10,"key":"SneckoOil"},{"floor":13,"key":"EssenceOfSteel"},{"floor":14,"key":"LiquidMemories"}],"is_trial":false,"path_per_floor":["M","?","?","$","M","R","E","M","T","M","$","M","M","M","R","B"],"character_chosen":"THE_SILENT","items_purchased":[],"campfire_rested":0,"item_purchase_floors":[],"current_hp_per_floor":[57,52,52,52,48,48,24,23,23,19,19,19,19,18,18,0,0],"gold":85,"neow_bonus":"RANDOM_COLORLESS_2","is_daily":false,"chose_seed":false,"campfire_upgraded":2,"win_rate":0.0,"timestamp":1612951532,"path_taken":["M","?","?","?","?","R","E","M","T","M","?","M","?","M","R","BOSS"],"items_purchased_type":[],"build_version":"2020-12-22","purchased_purges":2,"victory":false,"max_hp_per_floor":[66,66,60,60,60,60,60,60,60,60,60,60,60,60,60,60,60],"card_choices":[{"not_picked":["Mayhem","Secret Weapon"],"picked":"Sadistic Nature","floor":0},{"not_picked":["Concentrate","Outmaneuver"],"picked":"Tactician","floor":1},{"not_picked":["Finisher","Concentrate"],"picked":"Acrobatics","floor":5},{"not_picked":["Outmaneuver","Masterful Stab"],"picked":"Dagger Throw","floor":7},{"not_picked":["Terror","Bane"],"picked":"Crippling Poison","floor":8},{"not_picked":["Bullet Time","Predator","Dodge and Roll"],"picked":"SKIP","floor":10},{"not_picked":["Dodge and Roll","Flying Knee"],"picked":"Prepared","floor":12},{"not_picked":["Dodge and Roll","Deflect"],"picked":"Underhanded Strike","floor":13},{"not_picked":["Quick Slash","Sucker Punch","Slice"],"picked":"SKIP","floor":14}],"player_experience":1854780,"relics_obtained":[{"floor":7,"key":"Incense Burner"}],"event_choices":[{"damage_healed":0,"gold_gain":0,"player_choice":"Success","damage_taken":5,"relics_obtained":["Letter Opener"],"max_hp_gain":0,"max_hp_loss":0,"event_name":"Scrap Ooze","floor":2,"gold_loss":0},{"damage_healed":0,"gold_gain":0,"player_choice":"Lose Max HP","damage_taken":0,"relics_obtained":["Golden Idol"],"max_hp_gain":0,"max_hp_loss":6,"event_name":"Golden Idol","floor":3,"gold_loss":0}],"is_beta":false,"boss_relics":[],"items_purged_floors":[4,11],"is_endless":false,"potions_floor_spawned":[5,10,13,14],"killed_by":"Slime Boss","ascension_level":20}}