{"host":"djoj10dqzzvtkauc","time":1612948889,"event":{"mods":["2.2 Compatiblity","BaseMod","Colored Map","DeckTracker","Highlight Path","Keyboard Shortcuts","Marisa£¨Ùöéë¡¡Øª×âÞÞ£©","Minty Spire (QoL Compilation)","Permanent Neow","Quick Restart","Random Character Button","StSLib","SuperFastMode","everything is the same but u backflip on backflip"],"gold_per_floor":[11,11,29,44,44,44,73,73,73,104,104,116,135,25,25,129,129,129,129,13,13,13,13,13,13,13,13,13,13],"floor_reached":28,"language":"KOR","playtime":798,"items_purged":["Strike_G"],"score":363,"play_id":"7b92bb9a-e770-4105-8a38-b3493d2011f0","local_time":"20210210182129","is_ascension_mode":true,"campfire_choices":[{"data":"Bouncing Flask","floor":6.0,"key":"SMITH"},{"data":"Bane","floor":8.0,"key":"SMITH"},{"floor":15.0,"key":"REST"},{"data":"Well Laid Plans","floor":23.0,"key":"SMITH"}],"circlet_count":0,"master_deck":["AscendersBane","Strike_G","Strike_G","Strike_G","Strike_G","Defend_G","Defend_G","Defend_G","Defend_G","Defend_G","Survivor","Neutralize","Riddle With Holes+1","Bouncing Flask+1","Infinite Blades","Bane+1","Leg Sweep","Masterful Stab","Poisoned Stab","Footwork","Corpse Explosion","Crippling Poison","Footwork","Well Laid Plans+1","Catalyst","Dagger Spray","Backflip","Bouncing Flask","Blur","Backflip+1"],"relics":["Ring of the Snake","TungstenRod","White Beast Statue","Oddly Smooth Stone","Darkstone Periapt","Ectoplasm","Bottled Lightning"],"acts_visited":["Exordium","TheCity"],"potions_floor_usage":[25,28],"damage_taken":[{"damage":0.0,"enemies":"2 Louse","floor":1.0,"turns":3.0},{"damage":0.0,"enemies":"Jaw Worm","floor":3.0,"turns":4.0},{"damage":0.0,"enemies":"Cultist","floor":4.0,"turns":3.0},{"damage":17.0,"enemies":"3 Sentries","floor":7.0,"turns":8.0},{"damage":18.0,"enemies":"Lagavulin","floor":10.0,"turns":5.0},{"damage":0.0,"enemies":"Exordium Thugs","floor":11.0,"turns":1.0},{"damage":0.0,"enemies":"Red Slaver","floor":12.0,"turns":4.0},{"damage":8.0,"enemies":"Blue Slaver","floor":13.0,"turns":4.0},{"damage":22.0,"enemies":"Slime Boss","floor":16.0,"turns":7.0},{"damage":4.0,"enemies":"Spheric Guardian","floor":18.0,"turns":3.0},{"damage":8.0,"enemies":"3 Byrds","floor":21.0,"turns":4.0},{"damage":15.0,"enemies":"3 Cultists","floor":22.0,"turns":6.0},{"damage":23,"enemies":"Shelled Parasite and Fungi","floor":24,"turns":7},{"damage":9,"enemies":"Snecko","floor":25,"turns":5},{"damage":25,"enemies":"Centurion and Healer","floor":27,"turns":8},{"damage":6,"enemies":"Book of Stabbing","floor":28,"turns":3}],"seed_played":"-8869467355856713683","potions_obtained":[{"floor":1.0,"key":"Explosive Potion"},{"floor":3.0,"key":"EntropicBrew"},{"floor":10.0,"key":"Explosive Potion"},{"floor":12.0,"key":"Swift Potion"},{"floor":13.0,"key":"Strength Potion"},{"floor":16.0,"key":"FairyPotion"},{"floor":18.0,"key":"GamblersBrew"},{"floor":21.0,"key":"Energy Potion"},{"floor":24,"key":"Regen Potion"},{"floor":25,"key":"Swift Potion"},{"floor":27,"key":"Swift Potion"}],"is_trial":false,"path_per_floor":["M","?","M","M","?","R","E","R","T","E","M","M","M","$","R","B",null,"M","?","$","M","M","R","M","M","T","M","E"],"character_chosen":"THE_SILENT","items_purchased":["Footwork","Well Laid Plans","Catalyst"],"campfire_rested":1,"item_purchase_floors":[14,20,20],"current_hp_per_floor":[63,63,63,63,68,68,51,51,51,33,33,33,25,25,47,25,63,59,59,59,51,36,36,13,19,19,22,16,16],"gold":13,"neow_bonus":"ONE_RARE_RELIC","is_daily":false,"chose_seed":false,"campfire_upgraded":3,"win_rate":0.0,"timestamp":1612948889,"path_taken":["M","?","M","M","?","R","E","R","T","E","M","M","M","$","R","BOSS","M","?","$","M","M","R","M","M","T","?","E"],"items_purchased_type":["Card","Card","Card"],"build_version":"2020-12-22","purchased_purges":1,"victory":false,"max_hp_per_floor":[70,70,70,70,75,75,75,75,75,75,75,75,75,75,75,75,75,75,75,75,75,75,75,75,75,75,75,75,75],"card_choices":[{"not_picked":["Eviscerate","Bane"],"picked":"Riddle With Holes","floor":1.0},{"not_picked":["Dodge and Roll","Bane"],"picked":"Bouncing Flask","floor":3.0},{"not_picked":["Poisoned Stab","Dodge and Roll"],"picked":"Infinite Blades","floor":4.0},{"not_picked":["Eviscerate","Setup"],"picked":"Bane","floor":7.0},{"not_picked":["Cloak And Dagger","Phantasmal Killer"],"picked":"Leg Sweep","floor":10.0},{"not_picked":["Flying Knee","Deadly Poison"],"picked":"Masterful Stab","floor":12.0},{"not_picked":["Concentrate","Dodge and Roll"],"picked":"Poisoned Stab","floor":13.0},{"not_picked":["Malaise","Venomology"],"picked":"Corpse Explosion","floor":16.0},{"not_picked":["Prepared+1","Heel Hook"],"picked":"Crippling Poison","floor":18.0},{"not_picked":["Setup+1","Quick Slash"],"picked":"Dagger Spray","floor":21.0},{"not_picked":["Poisoned Stab","Expertise+1"],"picked":"Backflip","floor":22.0},{"not_picked":["Dagger Throw","Dodge and Roll"],"picked":"Bouncing Flask","floor":24},{"not_picked":["Quick Slash+1","Bouncing Flask"],"picked":"Blur","floor":25},{"not_picked":["Blur+1","PiercingWail"],"picked":"Backflip+1","floor":27}],"player_experience":213397,"relics_obtained":[{"floor":7.0,"key":"White Beast Statue"},{"floor":9.0,"key":"Oddly Smooth Stone"},{"floor":10.0,"key":"Darkstone Periapt"},{"floor":26,"key":"Bottled Lightning"}],"event_choices":[{"damage_healed":0.0,"max_hp_gain":0.0,"max_hp_loss":0.0,"gold_gain":0.0,"event_name":"Living Wall","player_choice":"Grow","floor":2.0,"gold_loss":0.0,"damage_taken":0.0,"cards_upgraded":["Riddle With Holes"]},{"damage_healed":0.0,"max_hp_gain":5.0,"max_hp_loss":0.0,"gold_gain":0.0,"event_name":"Big Fish","player_choice":"Donut","floor":5.0,"gold_loss":0.0,"damage_taken":0.0},{"damage_healed":0.0,"max_hp_gain":0.0,"max_hp_loss":0.0,"gold_gain":0.0,"event_name":"Duplicator","player_choice":"Copied","floor":19.0,"gold_loss":0.0,"damage_taken":0.0,"cards_obtained":["Footwork"]}],"is_beta":false,"boss_relics":[{"not_picked":["Cursed Key","Black Star"],"picked":"Ectoplasm"}],"items_purged_floors":[14],"is_endless":false,"potions_floor_spawned":[1,3,10,11,12,13,16,18,21,22,24,25,27],"killed_by":"Book of Stabbing","ascension_level":11}}