{"host":"d8cz15m779bv9isj","time":1612963629,"event":{"mods":["Aspiration","BaseMod","Colored Map","Colored Powertips","DeckTracker","Downfall","Hermit","Highlight Path","Hubris","Infinite Spire","Minty Spire (QoL Compilation)","Quick Restart","Random Character Button","Relic Sorter","Replay The Spire","StSLib","SuperFastMode","Synergy Search","The Cursed","The Disciple","The Jungle","The Runesmith"],"gold_per_floor":[117,167,9,9,25,58,58,78,78,107,107,107,107,125,125,244,244,228,76,76,31,55,55,55],"floor_reached":23,"language":"ENG","playtime":726,"items_purged":["Strike_P"],"score":245,"play_id":"1230d3eb-a09b-4a66-ae1b-485a553b18b0","local_time":"20210210142709","is_ascension_mode":false,"campfire_choices":[{"data":"Eruption","floor":7,"key":"SMITH"},{"data":"Perseverance","floor":11,"key":"SMITH"},{"data":"DeceiveReality","floor":15,"key":"SMITH"}],"circlet_count":0,"master_deck":["Strike_P","Strike_P","Strike_P","Defend_P","Defend_P","Defend_P","Defend_P","Eruption+1","Vigilance","Tantrum","DeceiveReality+1","Brilliance","Perseverance+1","Consecrate","Replay:Vibes","Replay:BluntJabs","Conclude","Judgement","Replay:Battleflow+1","EmptyMind","Judgement","ClearTheMind"],"relics":["HolyWater","NeowsBlessing","infinitespire:ShieldingShard","NlothsMask","aspiration:TomeofQuesting","Replay:Mystery Machine","ReplayFunnel","Golden Idol","Centennial Puzzle"],"acts_visited":["Exordium","TheCity"],"potions_floor_usage":[8,14,16,18],"damage_taken":[{"damage":0,"enemies":"Small Slimes","floor":1,"turns":1},{"damage":0,"enemies":"Cultist","floor":5,"turns":1},{"damage":0,"enemies":"Lagavulin","floor":6,"turns":1},{"damage":0,"enemies":"Jaw Worm","floor":8,"turns":4},{"damage":0,"enemies":"Gremlin Nob","floor":10,"turns":3},{"damage":0,"enemies":"Lots of Slimes","floor":14,"turns":3},{"damage":15,"enemies":"Hexaghost","floor":16,"turns":8},{"damage":6,"enemies":"2 Thieves","floor":18,"turns":4},{"damage":30,"enemies":"Book of Stabbing","floor":23,"turns":11}],"seed_played":"7475593315353693542","potions_obtained":[{"floor":1,"key":"Languid Potion"},{"floor":2,"key":"sneckomod:MuddlingPotion"},{"floor":5,"key":"Swift Potion"},{"floor":10,"key":"Dexterity Potion"},{"floor":14,"key":"Fruit Juice"},{"floor":16,"key":"Doom Potion"}],"is_trial":false,"path_per_floor":["M","?","$","?","M","E","R","M","T","E","R","?","?","M","R","B",null,"M","$","?","$","T","E"],"character_chosen":"WATCHER","items_purchased":["Brilliance","EmptyMind","ClearTheMind"],"campfire_rested":0,"item_purchase_floors":[3,19,21],"current_hp_per_floor":[72,54,54,54,54,54,54,54,54,54,54,54,36,41,41,26,77,71,71,71,71,71,41,41],"gold":55,"neow_bonus":"THREE_ENEMY_KILL","is_daily":false,"chose_seed":false,"campfire_upgraded":3,"win_rate":0.0,"timestamp":1612963629,"path_taken":["M","?","?","?","?","E","R","M","T","E","R","?","?","M","R","BOSS","M","$","?","?","?","E"],"items_purchased_type":["Card","Card","Card"],"build_version":"2020-12-22","purchased_purges":1,"victory":false,"max_hp_per_floor":[72,72,72,72,72,72,72,72,72,72,72,72,72,77,77,77,77,77,77,77,77,77,77,77],"card_choices":[{"not_picked":["PathToVictory","Swivel"],"picked":"Tantrum","floor":1},{"not_picked":["TalkToTheHand","FlurryOfBlows"],"picked":"DeceiveReality","floor":2},{"not_picked":["ThirdEye","Replay:ManipulateFuture"],"picked":"Perseverance","floor":5},{"not_picked":["Halt","ThirdEye"],"picked":"Consecrate","floor":6},{"not_picked":["Crescendo","Meditate"],"picked":"Replay:Vibes","floor":8},{"not_picked":["Evaluate","Omniscience"],"picked":"Replay:BluntJabs","floor":10},{"not_picked":["Replay:Cycle","WreathOfFlame"],"picked":"Conclude","floor":14},{"not_picked":["Replay:LoomingThreat","Vault"],"picked":"Judgement","floor":16},{"not_picked":["InnerPeace","CutThroughFate"],"picked":"Replay:Battleflow+1","floor":18}],"player_experience":244066,"relics_obtained":[{"floor":2,"key":"infinitespire:ShieldingShard"},{"floor":6,"key":"aspiration:TomeofQuesting"},{"floor":10,"key":"Replay:Mystery Machine"},{"floor":12,"key":"ReplayFunnel"},{"floor":22,"key":"Centennial Puzzle"}],"event_choices":[{"damage_healed":0,"gold_gain":0,"player_choice":"Trade","damage_taken":0,"relics_obtained":["NlothsMask"],"max_hp_gain":0,"max_hp_loss":0,"event_name":"FaceTrader","floor":4,"gold_loss":0},{"damage_healed":0,"gold_gain":0,"player_choice":"Take Damage","damage_taken":18,"relics_obtained":["Golden Idol"],"max_hp_gain":0,"max_hp_loss":0,"event_name":"Golden Idol","floor":13,"gold_loss":0},{"damage_healed":0,"gold_gain":0,"player_choice":"Copied","damage_taken":0,"max_hp_gain":0,"max_hp_loss":0,"event_name":"Duplicator","floor":20,"gold_loss":0,"cards_obtained":["Judgement"]}],"is_beta":false,"boss_relics":[{"not_picked":["aspiration:DefectSkillbook","Kintsugi"],"picked":"HolyWater"}],"items_purged_floors":[19],"is_endless":false,"potions_floor_spawned":[1,5,10,14,16],"killed_by":"Book of Stabbing","ascension_level":0}}