{"host":"4kmvpqjeiacgn1pr","time":1612982924,"event":{"mods":["A Penny For Your Troubles","AchievementEnabler","AlwaysNeverKeys","Aspiration","BaseMod","Bestiary","Better Altar","Better Match","Better Note","Better Sensory Stone","Better Skull","Better Third Choice","Better Vampires","BetterRewards","Colored Map","Colored Powertips","Conspire","Curses Come First","Downfall","Halation","Highlight Path","Infinite Spire","Minty Spire (QoL Compilation)","Permanent Neow","Quick Restart","Rare Cards Sparkle","Relic Sorter","Relic Stats","Replay The Spire","Reworked Bosses","Shop Mod","Smile Girya","Spicy Shops","Spikes Relics","StSLib","Waifu the Spire"],"gold_per_floor":[18,18,37,37,37,71,86,86,158,185,185,39,39,39,39,136,136,152,77,77,95,108,144,144,178,253,291,310,411,441,455,455,559,559,579,579,683,683,85,114,132,143,143,143,186,205,238,295,295,308,408,409,412,11,17,117,133,100,100],"floor_reached":58,"language":"ENG","playtime":3645,"items_purged":["Normality","Strike_G"],"score":1238,"play_id":"5fb998da-1ff7-4ec0-b1ff-2fe7d0f6c505","local_time":"20210210134844","is_ascension_mode":true,"campfire_choices":[{"data":"Replay:Dark Deal","floor":8,"key":"SMITH"},{"data":"Neutralize","floor":15,"key":"SMITH"},{"data":"Draining Mist","floor":24,"key":"SMITH"},{"floor":32,"key":"DIG"},{"data":"infinitespire:NeuralNetwork","floor":49,"key":"SMITH"}],"circlet_count":0,"master_deck":["AscendersBane","Strike_G","Strike_G","Defend_G","Defend_G","Defend_G","Defend_G","Defend_G","Survivor","Neutralize+1","Die Die Die","Flying Knee","Replay:Dark Deal+1","Blade Dance","ReplayTheSpireMod:Speed Training","Guardian:Gem_Red","Replay:Dark Deal+1","Blur+1","Malaise","Draining Mist+1","Replay:Dark Deal+1","All Out Attack","Distraction","Bouncing Flask+1","Masterful Stab","Setup+1","Escape Plan+1","Draining Mist","After Image+1","Adrenaline+1","Replay:Hysterical Blindness","Slimebound:Split","Poison Darts+1","Panacea","ReplayTheSpireMod:??????????????????????","Leg Sweep+1","ReplayTheSpireMod:Book of Names","Cloak And Dagger+1","infinitespire:NeuralNetwork+1","Glass Knife+1","Slice+1","Terror","HandOfGreed+1","Flash of Steel","Good Instincts","Well Laid Plans+1","Replay:Fractal Strike","Tools of the Trade+1","Choke+1","Panache+1"],"relics":["m_GuardianBlood","Shuriken","Blood Vial","Replay:Baseball","ReplayTheSpireMod:SealedPack","TungstenRod","Replay:Bottled Steam","Garlic","Mercury Hourglass","infinitespire:EmpoweringShard","Golden Egg","Ring of Fury","Meat on the Bone","halation:EternalFortune","DollysMirror","LugNut","halation:PromiseList","infinitespire:Cubic Diamond","Counterbalance","halation:IllGainedPizza","SacredBark","aspiration:HatOfInfinitePower","Replay:Kaleidoscope","Darkstone Periapt","ZombieTooth","WingedGreaves","conspire:SpecialSausage","ReplayTheSpireMod:ShopPack","Toy Ornithopter","BranchBurnRelic","Replay:Wanted Poster","Chemical X","RollingBoulder"],"acts_visited":["Exordium","TheCity","TheBeyond","Exordium"],"potions_floor_usage":[10,23,23,27,33,45,50,50],"damage_taken":[{"damage":0,"enemies":"Cultist","floor":1,"turns":4},{"damage":0,"enemies":"2 Louse","floor":3,"turns":3},{"damage":23,"enemies":"Lagavulin","floor":6,"turns":6},{"damage":0,"enemies":"Jaw Worm","floor":7,"turns":3},{"damage":18,"enemies":"3 Sentries","floor":10,"turns":6},{"damage":0,"enemies":"The Guardian","floor":16,"turns":1},{"damage":0,"enemies":"Spheric Guardian","floor":18,"turns":1},{"damage":4,"enemies":"Chosen","floor":21,"turns":3},{"damage":14,"enemies":"Centurion and Healer","floor":22,"turns":3},{"damage":11,"enemies":"Slavers","floor":23,"turns":2},{"damage":18,"enemies":"Gremlin Leader","floor":25,"turns":3},{"damage":5,"enemies":"Book of Stabbing","floor":27,"turns":4},{"damage":0,"enemies":"3 Cultists","floor":28,"turns":3},{"damage":5,"enemies":"Colosseum Slavers","floor":29,"turns":2},{"damage":0,"enemies":"Colosseum Nobs","floor":29,"turns":2},{"damage":6,"enemies":"Gremlin Leader","floor":30,"turns":5},{"damage":0,"enemies":"Sentry and Sphere","floor":31,"turns":3},{"damage":56,"enemies":"bossMod:newChamp","floor":33,"turns":11},{"damage":0,"enemies":"Orb Walker","floor":35,"turns":3},{"damage":5,"enemies":"infinitespire:Three Voidlings","floor":37,"turns":3},{"damage":0,"enemies":"Nightmare_Alpha","floor":37,"turns":1},{"damage":0,"enemies":"Reptomancer","floor":40,"turns":2},{"damage":0,"enemies":"3 Darklings","floor":41,"turns":3},{"damage":0,"enemies":"Maw","floor":42,"turns":1},{"damage":12,"enemies":"4 Shapes","floor":45,"turns":3},{"damage":2,"enemies":"Spire Growth","floor":46,"turns":3},{"damage":1,"enemies":"Nightmare","floor":47,"turns":4},{"damage":4,"enemies":"Mind Bloom Boss Battle","floor":48,"turns":4},{"damage":20,"enemies":"infinitespire:MassOfShapes","floor":50,"turns":6},{"damage":4,"enemies":"Small Slimes","floor":52,"turns":2},{"damage":0,"enemies":"Cultist","floor":53,"turns":2},{"damage":23,"enemies":"Jaw Worm","floor":55,"turns":2},{"damage":15,"enemies":"3 Sentries","floor":57,"turns":3},{"damage":99,"enemies":"Nightmare","floor":58,"turns":5}],"seed_played":"-6175845580604467319","potions_obtained":[{"floor":6,"key":"Swift Potion"},{"floor":7,"key":"ColorlessPotion"},{"floor":10,"key":"Energy Potion"},{"floor":18,"key":"Reflective Coating"},{"floor":23,"key":"Strength Potion"},{"floor":25,"key":"Block Potion"},{"floor":30,"key":"PowerPotion"},{"floor":33,"key":"Swift Potion"},{"floor":41,"key":"EssenceOfSteel"},{"floor":53,"key":"Venom Potion"}],"is_trial":false,"path_per_floor":["M","?","M","?","?","E","M","R","T","E","?","$","?","?","R","B",null,"M","?","?","M","M","E","R","E","T","E","M","?","E","M","R_BF","B",null,"M","?","?","?","$","E","M","M","T","AVR","M","M","NM","?","R","B",null,"M","M","$","M","?","E","NM"],"character_chosen":"THE_SILENT","items_purchased":["DollysMirror","ZombieTooth","Replay:Baseball","Blood Vial","Chemical X","Counterbalance","Panache"],"campfire_rested":0,"item_purchase_floors":[12,39,39,39,54,54,54],"current_hp_per_floor":[63,63,63,63,63,46,52,52,52,52,55,55,55,55,55,61,70,73,73,73,73,68,63,63,51,51,52,58,65,65,71,71,36,74,83,83,91,70,76,84,92,97,97,97,91,97,97,97,97,97,97,97,100,100,96,96,89,0,0],"gold":100,"neow_bonus":"THREE_RARE_CARDS","is_daily":false,"chose_seed":false,"campfire_upgraded":4,"win_rate":0.0,"timestamp":1612982924,"path_taken":["M","?","M","?","?","E","?","R","T","E","?","?","?","?","R","BOSS","M","?","?","M","M","E","R","E","T","E","?","?","E","M","R_BF","BOSS","M","?","?","?","?","E","M","M","T","AVR","?","M","NM","?","R","BOSS","M","M","$","M","?","E","NM"],"items_purchased_type":["Relic","Relic","Relic","Relic","Relic","Relic","Card"],"build_version":"2020-12-22","purchased_purges":2,"victory":false,"max_hp_per_floor":[70,70,70,70,70,70,70,70,70,70,73,73,73,73,73,73,73,73,73,73,73,76,76,76,76,76,76,76,76,76,76,76,79,85,88,88,91,91,97,97,97,97,97,97,97,97,97,97,97,97,97,97,100,100,103,103,103,103,103],"relic_stats":{"Blood Vial":12,"Darkstone Periapt":12,"counters":[34,111],"Shuriken":[19],"Chemical X":[1],"obtain_stats":[{"Darkstone Periapt":32,"Golden Egg":25,"SacredBark":17,"conspire:SpecialSausage":44,"infinitespire:Cubic Diamond":4,"m_GuardianBlood":4,"Blood Vial":39,"Replay:Wanted Poster":51,"BranchBurnRelic":49,"ZombieTooth":39,"DollysMirror":12,"RollingBoulder":57,"WingedGreaves":43,"halation:PromiseList":2,"Chemical X":54,"LugNut":6,"Ring of the Snake":0,"Replay:Bottled Steam":30,"Dead Branch":48,"Counterbalance":54,"halation:IllGainedPizza":10,"ReplayTheSpireMod:SealedPack":34,"Replay:Kaleidoscope":29,"Mercury Hourglass":27,"Replay:Baseball":39,"Shuriken":40,"halation:EternalFortune":11,"Ring of Fury":13,"infinitespire:EmpoweringShard":26,"Garlic":29,"aspiration:HatOfInfinitePower":23,"TungstenRod":37,"Toy Ornithopter":47,"Meat on the Bone":9,"ReplayTheSpireMod:ShopPack":44},{"Darkstone Periapt":17,"Golden Egg":11,"SacredBark":6,"conspire:SpecialSausage":24,"infinitespire:Cubic Diamond":2,"m_GuardianBlood":2,"Blood Vial":21,"Replay:Wanted Poster":29,"BranchBurnRelic":28,"ZombieTooth":21,"DollysMirror":5,"RollingBoulder":33,"WingedGreaves":24,"halation:PromiseList":1,"Chemical X":31,"LugNut":3,"Ring of the Snake":0,"Replay:Bottled Steam":16,"Dead Branch":28,"Counterbalance":31,"halation:IllGainedPizza":5,"ReplayTheSpireMod:SealedPack":18,"Replay:Kaleidoscope":15,"Mercury Hourglass":12,"Replay:Baseball":21,"Shuriken":22,"halation:EternalFortune":5,"Ring of Fury":5,"infinitespire:EmpoweringShard":11,"Garlic":15,"aspiration:HatOfInfinitePower":10,"TungstenRod":21,"Toy Ornithopter":27,"Meat on the Bone":4,"ReplayTheSpireMod:ShopPack":24},{"Darkstone Periapt":54,"Golden Egg":35,"SacredBark":23,"conspire:SpecialSausage":77,"infinitespire:Cubic Diamond":7,"m_GuardianBlood":7,"Blood Vial":71,"Replay:Wanted Poster":97,"BranchBurnRelic":91,"ZombieTooth":71,"DollysMirror":22,"RollingBoulder":106,"WingedGreaves":77,"halation:PromiseList":4,"Chemical X":101,"LugNut":13,"Ring of the Snake":0,"Replay:Bottled Steam":51,"Dead Branch":91,"Counterbalance":101,"halation:IllGainedPizza":22,"ReplayTheSpireMod:SealedPack":64,"Replay:Kaleidoscope":46,"Mercury Hourglass":39,"Replay:Baseball":71,"Shuriken":73,"halation:EternalFortune":22,"Ring of Fury":22,"infinitespire:EmpoweringShard":35,"Garlic":46,"aspiration:HatOfInfinitePower":32,"TungstenRod":71,"Toy Ornithopter":87,"Meat on the Bone":16,"ReplayTheSpireMod:ShopPack":77}],"TungstenRod":24,"Toy Ornithopter":10,"Mercury Hourglass":[307],"Meat on the Bone":24},"card_choices":[{"not_picked":["Bullet Time","Envenom"],"picked":"Die Die Die","floor":0},{"not_picked":["Sucker Punch","Noxious Fumes"],"picked":"Flying Knee","floor":1},{"not_picked":["ReplayTheSpireMod:Shiv Toss","ShadowRift","Backflip"],"picked":"SKIP","floor":3},{"not_picked":["Chrysalis","Discovery"],"picked":"Replay:Dark Deal","floor":5},{"not_picked":["Dagger Throw","Spot Weakness"],"picked":"Blade Dance","floor":6},{"not_picked":["Quick Slash","Poisoned Stab"],"picked":"ReplayTheSpireMod:Speed Training","floor":7},{"not_picked":["Infinite Blades","Dodge and Roll"],"picked":"Guardian:Gem_Red","floor":10},{"not_picked":["ReplayTheSpireMod:Necrosis","Guardian:HyperBeam_Guardian"],"picked":"Malaise","floor":16},{"not_picked":["Hidden Blade","Dagger Throw"],"picked":"Draining Mist","floor":18},{"not_picked":["Hidden Blade+1","Deadly Poison"],"picked":"All Out Attack","floor":21},{"not_picked":["Sucker Punch","Tactician+1"],"picked":"Distraction","floor":22},{"not_picked":["Quick Slash","Flechettes"],"picked":"Bouncing Flask+1","floor":23},{"not_picked":["Malaise","Backflip"],"picked":"Masterful Stab","floor":25},{"not_picked":["Bane","Dash"],"picked":"Setup+1","floor":27},{"not_picked":["Dagger Spray","Dodge and Roll"],"picked":"Escape Plan+1","floor":28},{"not_picked":["Underhanded Strike","Acrobatics"],"picked":"Draining Mist","floor":29},{"not_picked":["InfectiousVector","Leg Sweep"],"picked":"After Image","floor":30},{"not_picked":["Dagger Spray","ReplayTheSpireMod:Speed Training","Draining Mist"],"picked":"SKIP","floor":31},{"not_picked":["Storm of Steel","After Image"],"picked":"Adrenaline","floor":33},{"not_picked":["m_Survivalism","Guardian:TwinSlam"],"picked":"Slimebound:Split","floor":34},{"not_picked":["After Image","infinitespire:Neurotoxin"],"picked":"Poison Darts","floor":34},{"not_picked":["Replay:BasicMightCard","Dramatic Entrance"],"picked":"Panacea","floor":34},{"not_picked":["infinitespire:DeathsTouch","infinitespire:Oblivion"],"picked":"ReplayTheSpireMod:??????????????????????","floor":34},{"not_picked":["ReplayTheSpireMod:Tripwire","ReplayTheSpireMod:Exploit Weakness+1"],"picked":"Leg Sweep+1","floor":35},{"not_picked":["infinitespire:DeathsTouch","infinitespire:Fortify"],"picked":"ReplayTheSpireMod:Book of Names","floor":37},{"not_picked":["All Out Attack","Hidden Blade+1"],"picked":"Cloak And Dagger+1","floor":37},{"not_picked":["infinitespire:UltimateForm","infinitespire:TheBestDefense"],"picked":"infinitespire:NeuralNetwork","floor":38},{"not_picked":["Well Laid Plans+1","ShadowRift+1"],"picked":"Glass Knife","floor":40},{"not_picked":["Leg Sweep+1","Poisoned Stab+1"],"picked":"Slice+1","floor":41},{"not_picked":["Flying Knee","Sucker Punch"],"picked":"Terror","floor":42},{"not_picked":["Secret Technique","The Bomb"],"picked":"HandOfGreed","floor":44},{"not_picked":["Swift Strike","PanicButton"],"picked":"Flash of Steel","floor":44},{"not_picked":["Purity","Replay:Sssssssssstrike"],"picked":"Good Instincts","floor":44},{"not_picked":["Sucker Punch","Backflip","Deadly Poison"],"picked":"SKIP","floor":45},{"not_picked":["Underhanded Strike+1","Backflip+1"],"picked":"Well Laid Plans+1","floor":46},{"not_picked":["ReplayTheSpireMod:Book of Names","infinitespire:SevenWalls"],"picked":"Replay:Fractal Strike","floor":47},{"not_picked":["ReplayTheSpireMod:Tripwire+1","ReplayTheSpireMod:Exploit Weakness+1"],"picked":"Tools of the Trade","floor":47},{"not_picked":["Leg Sweep+1","Deadly Poison"],"picked":"Choke+1","floor":48},{"not_picked":["Riddle With Holes","Flying Knee","Blade Dance"],"picked":"SKIP","floor":52},{"not_picked":["Setup","Footwork","Dodge and Roll"],"picked":"SKIP","floor":53},{"not_picked":["Acrobatics","Escape Plan","Caltrops"],"picked":"SKIP","floor":55},{"not_picked":["Cloak And Dagger","Backflip","PiercingWail"],"picked":"SKIP","floor":57}],"player_experience":460346,"relics_obtained":[{"floor":2,"key":"halation:PromiseList"},{"floor":6,"key":"LugNut"},{"floor":9,"key":"Meat on the Bone"},{"floor":10,"key":"halation:IllGainedPizza"},{"floor":13,"key":"Ring of Fury"},{"floor":22,"key":"halation:EternalFortune"},{"floor":23,"key":"aspiration:HatOfInfinitePower"},{"floor":25,"key":"Golden Egg"},{"floor":26,"key":"infinitespire:EmpoweringShard"},{"floor":27,"key":"Mercury Hourglass"},{"floor":29,"key":"Replay:Kaleidoscope"},{"floor":29,"key":"Garlic"},{"floor":30,"key":"Replay:Bottled Steam"},{"floor":32,"key":"Darkstone Periapt"},{"floor":33,"key":"halation:EternalFortune"},{"floor":35,"key":"halation:EternalFortune"},{"floor":37,"key":"TungstenRod"},{"floor":37,"key":"halation:EternalFortune"},{"floor":40,"key":"Shuriken"},{"floor":43,"key":"WingedGreaves"},{"floor":47,"key":"Toy Ornithopter"},{"floor":48,"key":"Dead Branch"},{"floor":53,"key":"halation:EternalFortune"},{"floor":55,"key":"halation:EternalFortune"},{"floor":57,"key":"RollingBoulder"}],"event_choices":[{"damage_healed":0,"gold_gain":1,"player_choice":"1","damage_taken":0,"max_hp_gain":0,"max_hp_loss":0,"event_name":"betterStone:BetterStone","floor":5,"gold_loss":0},{"cards_removed":["Hallucinations"],"damage_healed":0,"gold_gain":0,"player_choice":"Gave Gold","damage_taken":0,"max_hp_gain":0,"max_hp_loss":0,"event_name":"Beggar","floor":19,"gold_loss":75},{"damage_healed":0,"gold_gain":0,"player_choice":"Copied","damage_taken":0,"max_hp_gain":0,"max_hp_loss":0,"event_name":"Duplicator","floor":20,"gold_loss":0,"cards_obtained":["Replay:Dark Deal"]},{"damage_healed":0,"gold_gain":0,"player_choice":"Fight","damage_taken":0,"max_hp_gain":0,"max_hp_loss":0,"event_name":"Colosseum","floor":29,"gold_loss":0},{"damage_healed":0,"gold_gain":0,"player_choice":"Fought Nobs","damage_taken":0,"max_hp_gain":0,"max_hp_loss":0,"event_name":"Colosseum","floor":29,"gold_loss":0},{"cards_removed":["Strike_G"],"damage_healed":0,"gold_gain":0,"player_choice":"Removed Attack","damage_taken":0,"max_hp_gain":0,"max_hp_loss":0,"event_name":"Falling","floor":36,"gold_loss":0},{"damage_healed":0,"gold_gain":0,"player_choice":"Fight","damage_taken":0,"max_hp_gain":0,"max_hp_loss":0,"event_name":"MindBloom","floor":48,"gold_loss":0},{"damage_healed":0,"gold_gain":100,"player_choice":"Gold","damage_taken":0,"max_hp_gain":0,"max_hp_loss":0,"event_name":"Wheel of Change","floor":56,"gold_loss":0}],"is_beta":false,"boss_relics":[{"not_picked":["halation:SmartPhone","halation:Yufonium"],"picked":"SacredBark"},{"not_picked":["infinitespire:Cupcake","Abe\u0027s Treasure"],"picked":"ReplayTheSpireMod:SealedPack"},{"not_picked":["halation:HeavySnake","Cursed Key"],"picked":"Replay:Wanted Poster"}],"items_purged_floors":[39,39],"is_endless":true,"potions_floor_spawned":[6,7,10,18,23,25,29,30,33,35,37,41,42,53],"killed_by":"Nightmare","ascension_level":10}}