{"host":"z609fbm6pkeriks8","time":1612918359,"event":{"mods":["AchievementEnabler","BaseMod","Colored Map","Colored Powertips","Highlight Path","Minty Spire (QoL Compilation)","StSLib"],"gold_per_floor":[112,127,127,57,75,101,118,118,142,153,68,125,125,85,85,183,183,197,197,37,37,55,55,82,10,60,70,70,100,25,25,25,25,25],"floor_reached":33,"language":"ZHS","playtime":989,"items_purged":["Defend_R"],"score":362,"play_id":"40d8b521-cfba-4297-accb-4ba437b8a242","local_time":"20210210085239","is_ascension_mode":true,"campfire_choices":[{"floor":8,"key":"REST"},{"floor":13,"key":"REST"},{"data":"Armaments","floor":15,"key":"SMITH"},{"data":"Enlightenment","floor":23,"key":"SMITH"},{"data":"Inflame","floor":32,"key":"SMITH"}],"circlet_count":0,"master_deck":["Defend_R","Defend_R","Defend_R","Bash","Blood for Blood","Heavy Blade+1","Second Wind","Inflame","Battle Trance","Armaments+1","Flex","Inflame","Twin Strike","Reaper","Shrug It Off+1","Enlightenment+1","Inflame+1","Sentinel+1","Bite","Bite","Bite","Bite","Bite"],"relics":["Burning Blood","Regal Pillow","Boot","Ancient Tea Set","Sozu","Enchiridion","Oddly Smooth Stone","Juzu Bracelet","MutagenicStrength","Red Skull"],"acts_visited":["Exordium","TheCity"],"potions_floor_usage":[27,27,33],"damage_taken":[{"damage":1,"enemies":"Cultist","floor":1,"turns":3},{"damage":2,"enemies":"Jaw Worm","floor":2,"turns":3},{"damage":6,"enemies":"2 Louse","floor":5,"turns":2},{"damage":46,"enemies":"Gremlin Nob","floor":6,"turns":5},{"damage":20,"enemies":"Large Slime","floor":7,"turns":5},{"damage":9,"enemies":"Red Slaver","floor":10,"turns":4},{"damage":41,"enemies":"Gremlin Nob","floor":12,"turns":4},{"damage":42,"enemies":"The Guardian","floor":16,"turns":8},{"damage":19,"enemies":"Chosen","floor":18,"turns":4},{"damage":23,"enemies":"3 Byrds","floor":22,"turns":5},{"damage":38,"enemies":"Book of Stabbing","floor":24,"turns":4},{"damage":16,"enemies":"3 Cultists","floor":27,"turns":5},{"damage":19,"enemies":"Slavers","floor":29,"turns":5},{"damage":103,"enemies":"Champ","floor":33,"turns":8}],"seed_played":"6271950830794876678","potions_obtained":[{"floor":5,"key":"Dexterity Potion"},{"floor":6,"key":"Explosive Potion"},{"floor":10,"key":"LiquidMemories"},{"floor":14,"key":"DistilledChaos"},{"floor":14,"key":"HeartOfIron"},{"floor":14,"key":"BloodPotion"}],"is_trial":false,"path_per_floor":["M","M","?","$","M","E","M","R","T","M","$","?","R","?","R","B",null,"M","?","$","?","M","R","E","$","T","M","?","E","?","?","R","B"],"character_chosen":"IRONCLAD","items_purchased":["Inflame","Flex","Inflame","Enlightenment","Inflame"],"campfire_rested":2,"item_purchase_floors":[4,11,11,20,25],"current_hp_per_floor":[80,80,64,64,64,24,10,49,49,46,46,11,50,50,50,14,80,73,58,58,42,40,40,17,17,17,59,59,66,66,59,59,0,0],"gold":25,"neow_bonus":"TRANSFORM_CARD","is_daily":false,"chose_seed":false,"campfire_upgraded":3,"win_rate":0.0,"timestamp":1612918359,"path_taken":["M","?","?","$","M","E","M","R","T","M","$","?","R","?","R","BOSS","M","?","$","?","M","R","E","$","T","M","?","E","?","?","R","BOSS"],"items_purchased_type":["Card","Card","Card","Card","Card"],"build_version":"2020-12-22","purchased_purges":1,"victory":false,"max_hp_per_floor":[80,80,80,80,80,80,80,80,80,80,80,80,80,80,80,80,80,80,85,85,85,85,85,85,85,85,85,85,85,85,59,59,59,59],"card_choices":[{"not_picked":["Clothesline","Burning Pact"],"picked":"Heavy Blade","floor":1},{"not_picked":["Pommel Strike","Heavy Blade"],"picked":"Second Wind","floor":2},{"not_picked":["Entrench","Metallicize"],"picked":"Battle Trance","floor":5},{"not_picked":["Battle Trance","Body Slam","Headbutt"],"picked":"SKIP","floor":6},{"not_picked":["Havoc","Cleave"],"picked":"Armaments","floor":7},{"not_picked":["Clash","Heavy Blade","Cleave"],"picked":"SKIP","floor":10},{"not_picked":["Clothesline","Body Slam"],"picked":"Twin Strike","floor":12},{"not_picked":["Berserk","Offering"],"picked":"Reaper","floor":16},{"not_picked":["Body Slam+1","Rupture+1"],"picked":"Shrug It Off+1","floor":18},{"not_picked":["Clothesline","Iron Wave","Wild Strike"],"picked":"SKIP","floor":22},{"not_picked":["Ghostly Armor","Thunderclap","True Grit"],"picked":"SKIP","floor":24},{"not_picked":["Sword Boomerang","Clash+1"],"picked":"Sentinel+1","floor":27},{"not_picked":["Sentinel","Entrench","Armaments"],"picked":"SKIP","floor":29}],"player_experience":50608,"relics_obtained":[{"floor":6,"key":"Regal Pillow"},{"floor":9,"key":"Boot"},{"floor":12,"key":"Ancient Tea Set"},{"floor":21,"key":"Enchiridion"},{"floor":24,"key":"Oddly Smooth Stone"},{"floor":26,"key":"Juzu Bracelet"},{"floor":29,"key":"Red Skull"}],"event_choices":[{"damage_healed":0,"gold_gain":0,"player_choice":"Entered Light","damage_taken":16,"max_hp_gain":0,"max_hp_loss":0,"event_name":"Shining Light","floor":3,"gold_loss":0,"cards_upgraded":["Heavy Blade","Strike_R"]},{"damage_healed":0,"gold_gain":30,"player_choice":"Searched \u00273\u0027 times","damage_taken":0,"max_hp_gain":0,"max_hp_loss":0,"event_name":"Dead Adventurer","floor":12,"gold_loss":0},{"damage_healed":0,"gold_gain":0,"player_choice":"Bought 3 Potions","damage_taken":0,"max_hp_gain":0,"max_hp_loss":0,"event_name":"The Woman in Blue","floor":14,"gold_loss":0},{"damage_healed":0,"gold_gain":0,"player_choice":"Shed Blood","damage_taken":20,"max_hp_gain":5,"max_hp_loss":0,"event_name":"Forgotten Altar","floor":19,"gold_loss":0},{"damage_healed":0,"gold_gain":0,"player_choice":"Obtained Book","damage_taken":16,"max_hp_gain":0,"max_hp_loss":0,"event_name":"Cursed Tome","floor":21,"gold_loss":0},{"damage_healed":0,"gold_gain":0,"player_choice":"Inject Mutagens","damage_taken":0,"relics_obtained":["MutagenicStrength"],"max_hp_gain":0,"max_hp_loss":0,"event_name":"Drug Dealer","floor":28,"gold_loss":0},{"cards_removed":["Strike_R"],"damage_healed":0,"gold_gain":0,"player_choice":"Gave Gold","damage_taken":0,"max_hp_gain":0,"max_hp_loss":0,"event_name":"Beggar","floor":30,"gold_loss":75},{"damage_healed":0,"gold_gain":0,"player_choice":"Became a vampire","damage_taken":0,"max_hp_gain":0,"max_hp_loss":26,"event_name":"Vampires","floor":31,"gold_loss":0,"cards_obtained":["Bite","Bite","Bite","Bite","Bite"]}],"is_beta":false,"boss_relics":[{"not_picked":["Empty Cage","Fusion Hammer"],"picked":"Sozu"}],"items_purged_floors":[20],"is_endless":false,"potions_floor_spawned":[5,6,10,22,29],"killed_by":"Champ","ascension_level":4}}