{"host":"36t3qd3wjvajtu1z","time":1612939456,"event":{"mods":["2.2 Compatiblity","AchievementEnabler","BaseMod","Bestiary","Block Reminder","Colored Powertips","Curses Come First","Highlight Path","Minty Spire (QoL Compilation)","Permanent Neow","Quick Restart","Random Character Button","Rare Cards Sparkle","Relic Stats","Slay-I","StSLib","Unknown Chances"],"gold_per_floor":[116,129,147,165,185,185,211,211,211,244,12,12,12,12,12,83,83,95,113,128,128,139,139,139,139],"floor_reached":24,"language":"ENG","playtime":1689,"items_purged":["Strike_G"],"score":416,"play_id":"cd2dc4e2-641c-456f-b3fe-4cc8123b5e68","local_time":"20210209224416","is_ascension_mode":true,"campfire_choices":[{"data":"Setup","floor":6.0,"key":"SMITH"},{"floor":8.0,"key":"REST"},{"data":"After Image","floor":13.0,"key":"SMITH"},{"data":"Neutralize","floor":15.0,"key":"SMITH"},{"data":"Catalyst","floor":23.0,"key":"SMITH"}],"circlet_count":0,"master_deck":["AscendersBane","Strike_G","Strike_G","Strike_G","Defend_G","Defend_G","Defend_G","Defend_G","Survivor","Neutralize+1","Poisoned Stab","Setup+1","Cloak And Dagger","Deadly Poison","Dagger Throw","Backflip","After Image+1","Corpse Explosion","Acrobatics+1","Blade Dance","Underhanded Strike+1","Catalyst+1"],"relics":["Ring of the Snake","Bag of Marbles","Molten Egg 2","Darkstone Periapt","Toy Ornithopter","Snake Skull","Paper Crane","Empty Cage"],"acts_visited":["Exordium","TheCity"],"potions_floor_usage":[24],"damage_taken":[{"damage":0.0,"enemies":"Cultist","floor":1.0,"turns":3.0},{"damage":1.0,"enemies":"Small Slimes","floor":2.0,"turns":3.0},{"damage":3.0,"enemies":"2 Louse","floor":3.0,"turns":3.0},{"damage":1.0,"enemies":"Lots of Slimes","floor":4.0,"turns":4.0},{"damage":1.0,"enemies":"Exordium Wildlife","floor":5.0,"turns":3.0},{"damage":36.0,"enemies":"Lagavulin","floor":7.0,"turns":6.0},{"damage":2.0,"enemies":"Gremlin Nob","floor":10.0,"turns":3.0},{"damage":4.0,"enemies":"The Guardian","floor":16.0,"turns":10.0},{"damage":0.0,"enemies":"Spheric Guardian","floor":18.0,"turns":5.0},{"damage":6.0,"enemies":"Shell Parasite","floor":19.0,"turns":7.0},{"damage":24.0,"enemies":"Snake Plant","floor":20.0,"turns":7.0},{"damage":0.0,"enemies":"Centurion and Healer","floor":22.0,"turns":6.0},{"damage":24,"enemies":"Book of Stabbing","floor":24,"turns":6}],"seed_played":"-1092914940978337761","potions_obtained":[{"floor":1.0,"key":"LiquidBronze"},{"floor":2.0,"key":"Strength Potion"},{"floor":7.0,"key":"AttackPotion"},{"floor":18.0,"key":"Fire Potion"},{"floor":22.0,"key":"GamblersBrew"}],"is_trial":false,"path_per_floor":["M","M","M","M","M","R","E","R","T","E","$","?","R","?","R","B",null,"M","M","M","?","M","R","E"],"character_chosen":"THE_SILENT","items_purchased":["Toy Ornithopter"],"campfire_rested":1,"item_purchase_floors":[11],"current_hp_per_floor":[59,58,55,54,53,53,17,36,36,34,34,34,34,34,34,35,58,58,52,28,28,33,33,14,14],"gold":139,"neow_bonus":"THREE_CARDS","is_daily":false,"chose_seed":false,"campfire_upgraded":4,"win_rate":0.0,"timestamp":1612939456,"path_taken":["M","?","M","M","M","R","E","R","T","E","$","?","R","?","R","BOSS","M","M","M","?","M","R","E"],"items_purchased_type":["Relic"],"build_version":"2020-12-22","purchased_purges":1,"victory":false,"max_hp_per_floor":[66,66,66,66,66,66,66,66,66,66,66,66,66,66,66,66,66,66,66,66,66,66,66,66,66],"relic_stats":{"Darkstone Periapt":0,"counters":[13,66],"Snake Skull":[24],"obtain_stats":[{"Darkstone Periapt":10,"Molten Egg 2":9,"Snake Skull":12,"Bag of Marbles":7,"Paper Crane":14,"Empty Cage":17,"Toy Ornithopter":11,"Ring of the Snake":0},{"Darkstone Periapt":7,"Molten Egg 2":6,"Snake Skull":7,"Bag of Marbles":6,"Paper Crane":7,"Empty Cage":8,"Toy Ornithopter":7,"Ring of the Snake":0},{"Darkstone Periapt":25,"Molten Egg 2":22,"Snake Skull":25,"Bag of Marbles":22,"Paper Crane":25,"Empty Cage":35,"Toy Ornithopter":25,"Ring of the Snake":0}],"Toy Ornithopter":15,"Ring of the Snake":[26]},"card_choices":[{"not_picked":["Escape Plan","Setup"],"picked":"Poisoned Stab","floor":0.0},{"not_picked":["Finisher","Distraction"],"picked":"Poisoned Stab","floor":1.0},{"not_picked":["Calculated Gamble","PiercingWail"],"picked":"Setup","floor":2.0},{"not_picked":["Calculated Gamble","Dagger Throw"],"picked":"Cloak And Dagger","floor":3.0},{"not_picked":["Cloak And Dagger","Sucker Punch"],"picked":"Deadly Poison","floor":4.0},{"not_picked":["Flying Knee","Sucker Punch"],"picked":"Dagger Throw","floor":5.0},{"not_picked":["Bane","Escape Plan"],"picked":"Backflip","floor":7.0},{"not_picked":["Sucker Punch+1","PiercingWail"],"picked":"After Image","floor":10.0},{"not_picked":["Phantasmal Killer","Adrenaline"],"picked":"Corpse Explosion","floor":16.0},{"not_picked":["Outmaneuver","Sucker Punch+1"],"picked":"Acrobatics+1","floor":18.0},{"not_picked":["Deadly Poison+1","Acrobatics"],"picked":"Blade Dance","floor":19.0},{"not_picked":["Dagger Throw+1","Quick Slash+1"],"picked":"Underhanded Strike+1","floor":20.0},{"not_picked":["Underhanded Strike+1","Skewer+1"],"picked":"Catalyst","floor":22.0}],"player_experience":461020,"relics_obtained":[{"floor":7.0,"key":"Bag of Marbles"},{"floor":9.0,"key":"Molten Egg 2"},{"floor":10.0,"key":"Darkstone Periapt"}],"event_choices":[{"damage_healed":0.0,"max_hp_gain":0.0,"max_hp_loss":0.0,"gold_gain":0.0,"event_name":"Dead Adventurer","player_choice":"Searched \u00271\u0027 times","floor":12.0,"gold_loss":0.0,"damage_taken":0.0,"relics_obtained":["Snake Skull"]},{"damage_healed":0.0,"max_hp_gain":0.0,"max_hp_loss":0.0,"gold_gain":0.0,"event_name":"Dead Adventurer","player_choice":"Searched \u00271\u0027 times","floor":12.0,"gold_loss":0.0,"damage_taken":0.0,"relics_obtained":["Snake Skull"]},{"cards_removed":["Poisoned Stab"],"damage_healed":0.0,"max_hp_gain":0.0,"max_hp_loss":0.0,"gold_gain":0.0,"event_name":"WeMeetAgain","player_choice":"Gave Card","floor":14.0,"gold_loss":0.0,"damage_taken":0.0,"relics_obtained":["Paper Crane"]},{"damage_healed":0.0,"max_hp_gain":0.0,"max_hp_loss":0.0,"gold_gain":0.0,"event_name":"Vampires","player_choice":"Ignored","floor":21.0,"gold_loss":0.0,"damage_taken":0.0}],"is_beta":false,"boss_relics":[{"not_picked":["Ring of the Serpent","Velvet Choker"],"picked":"Empty Cage"}],"items_purged_floors":[11],"is_endless":false,"potions_floor_spawned":[1,2,3,7,18,22],"killed_by":"Book of Stabbing","ascension_level":20}}