{"host":"bplbr8uekuotory4","time":1612940359,"event":{"mods":["Act Like it!","BaseMod","GungeonMod","Hermit","KinomotoSakuraMod(木之本樱)","Marisa（F雨　魔理沙）","Minty Spire (QoL Compilation)","Prisma Mod","Quick Restart","Reimu（博丽灵梦）","SOS（斯巴达之子）","Spicy Shops","StSLib","TestMod","The Blackbeard","The Cursed","The Mystic","The Poker Player","The Saiyan","The Senshi","The Servant 0.9.4","Yuri Mod","[IsaacMod]以撒尖塔"],"gold_per_floor":[112,126,126,126,13,56,75,35,35,51,95,146,167,4,4,117,117,133,142,142,156,176,223,223,154,180,196,8,27,126,144,144,242,242,259,1276,1216,1228,1237,1262,1262,1289,1342,1342,1342,1370,1370,1386,1386,1390,1390,1390,1390,1425,1425,1425,1450,1455],"floor_reached":56,"language":"ZHS","playtime":1392,"items_purged":["theSenshi:LunasBite","Decay","Normality","theSenshi:SailorBlock","theSenshi:MoonCosmicPowerMakeUp","theSenshi:SailorKick","theSenshi:SailorBlock","theSenshi:UranusStrength+1","theSenshi:MoonKick+1","theSenshi:UranusStrength+1"],"score":1972,"play_id":"b4f94afb-fd35-4914-8561-f130cd08319e","local_time":"20210210145919","is_ascension_mode":true,"campfire_choices":[{"data":"theSenshi:UranusStrength","floor":15,"key":"SMITH"},{"data":"theSenshi:MoonPrismPowerMakeUp","floor":24,"key":"SMITH"},{"data":"theSenshi:MoonPrincessHalation","floor":32,"key":"SMITH"},{"floor":44,"key":"RECALL"},{"data":"1","floor":49,"key":"LIFT"},{"data":"2","floor":52,"key":"LIFT"},{"data":"3","floor":52,"key":"LIFT"}],"circlet_count":1,"master_deck":["theSenshi:RoseThrow+1","theSenshi:MoonPrismPowerMakeUp+1","theSenshi:MoonPrincessHalation+1","theSenshi:SailorCosmosAssists+1","theSenshi:CrisisMakeUp+1","theSenshi:MoonCrisisMakeUp+1"],"relics":["theSenshi:TransformationBroochRelic","testmod-TestBox","HushsDoor","SteamSale","testmod-Temperance","NeowsBlessing","testmod-Acrobat","theSenshi:SailorFukuRelic","CeramicFish","The Courier","DeathBook","testmod-Justice","theSenshi:ChokerRelic","testmod-PortableAltar","GuppysHairball","FossilizedHelix","ClockworkSouvenir","Medical Kit","theSenshi:RoseRelic","theSenshi:CutieMoonRodRelic","MagicMushroom","Membership Card","theSenshi:TiaraRelic","DemoMod:BlueGuonStone","DemoMod:WhiteGuonStone","testmod-ArcanaOfDestiny","testmod-LifeArmor","testmod-AssaultLearning","War Paint","Centennial Puzzle","Mango","Kunai","DemoMod:MeltedRock","theSenshi:FeatherClipsRelic","Mastiff:ReiMu","Question Card","Oddly Smooth Stone","Toy Ornithopter","StrikeDummy","Strawberry","BelialBook","DemoMod:MemoryAlloy","theSenshi:CosmicHeartCompactRelic","Ginger","StoneCalendar","Diplopia","BookOfRevelations","Mercury Hourglass","Omamori","DemoMod:PinkGuonStone","Shuriken","theSenshi:CrisisMoonCompactRelic","Vajra","Orichalcum","Nunchaku","HowToJump","Bag of Preparation","Molten Egg 2","Akabeko","TheBean","DemoMod:GundromedaStrain","RuthlessExorcism:ReiMu","testmod-RainbowHikingShoes","Bag of Marbles","DemoMod:OrangeGuonStone","PreservedInsect","testmod-Fortitude","yuri:PortableGlitches","Bronze Scales","Letter Opener","testmod-IndustrialRevolution","testmod-RealStoneCalender","DemoMod:ClearGuonStone","Blood Vial","Ancient Tea Set","Meat on the Bone","Boot","Thread and Needle","Happy Flower","Dead Branch","Juzu Bracelet","TentaclePot:ReiMu","PureWhite:ReiMu","Potion Belt","Toxic Egg 2","testmod-CasingShield","Turnip","testmod-Hope","Frozen Egg 2","Anchor","DemoMod:JetPack","Pantograph","Darkstone Periapt","Mummified Hand","InkBottle","Ice Cream","Ornamental Fan","Pear","Singing Bowl","BookofShadows","theSenshi:TransformationPenRelic","SatanicBible","Dream Catcher","Sundial","DemoMod:GlassGuonStoneRelic","theSenshi:CrescentMoonWandRelic","Strange Spoon","Tea:ReiMu","theSenshi:HolyGrailRelic","testmod-FatalChain","DeadEye","HornCleat","Bottled Tornado","TheBible","TuHaoJin","DoctorsRemote","GnawedLeaf","BloodDonationMachine","CrazyTorch:ReiMu","D6","testmod-BlackFramedGlasses","GuppysHead","testmod-CyclicPeriapt","Lizard Tail","Du-Vu Doll","Calipers","theSenshi:HolyMoonChaliceRelic","Torii","theSenshi:RedHairPiecesRelic","Toolbox","DemoMod:VorpalBullet","testmod-Alchemist","DemoMod:RingOfEthereal","DemoMod:NanoMachines","DemoMod:Armor","testmod-CrystalShield","testmod-IntensifyImprint","CaptainsWheel","testmod-HeartOfStrike","GuppysPaw","testmod-TheFather","TungstenRod","NineVolt","testmod-EqualTreatment","MoneyPower","testmod-Brilliant","Girya","Unceasing Top","testmod-ObsoleteBoomerang","testmod-Maize","DemoMod:AgedBell","DemoMod:GreenGuonStone","DemoMod:Relodestone","Gambling Chip","DemoMod:SuperHotWatch","testmod-InjuryResistance","DemoMod:Antibody","theSenshi:EternalTiareRelic","Incense Burner","DemoMod:Orange","GuppysTail","DemoMod:MeatBun","Circlet"],"acts_visited":["Exordium","TheCity","TheBeyond","TheEnding"],"potions_floor_usage":[11,11,22,23,33,33,37,38,55,55],"damage_taken":[{"damage":0.0,"enemies":"Small Slimes","floor":1.0,"turns":1.0},{"damage":0.0,"enemies":"2 Louse","floor":2.0,"turns":2.0},{"damage":0.0,"enemies":"Lagavulin","floor":6.0,"turns":2.0},{"damage":8.0,"enemies":"Jaw Worm","floor":7.0,"turns":3.0},{"damage":0,"enemies":"2 Fungi Beasts","floor":10,"turns":1},{"damage":0,"enemies":"Gremlin Nob","floor":11,"turns":2},{"damage":8,"enemies":"Looter","floor":13,"turns":3},{"damage":2,"enemies":"Hexaghost","floor":16,"turns":6},{"damage":1,"enemies":"3 Byrds","floor":18,"turns":1},{"damage":12,"enemies":"Spheric Guardian","floor":21,"turns":3},{"damage":22,"enemies":"Snake Plant","floor":22,"turns":3},{"damage":41,"enemies":"Slavers","floor":23,"turns":5},{"damage":19,"enemies":"Shelled Parasite and Fungi","floor":27,"turns":4},{"damage":6,"enemies":"3 Cultists","floor":29,"turns":4},{"damage":1,"enemies":"Snecko","floor":31,"turns":3},{"damage":8,"enemies":"Champ","floor":33,"turns":4},{"damage":0,"enemies":"Orb Walker","floor":35,"turns":1},{"damage":0,"enemies":"3 Shapes","floor":38,"turns":1},{"damage":0,"enemies":"Reptomancer","floor":40,"turns":2},{"damage":0,"enemies":"Nemesis","floor":42,"turns":1},{"damage":0,"enemies":"Jaw Worm Horde","floor":46,"turns":1},{"damage":0,"enemies":"3 Darklings","floor":48,"turns":1},{"damage":0,"enemies":"Time Eater","floor":50,"turns":1},{"damage":0,"enemies":"Shield and Spear","floor":54,"turns":1},{"damage":0,"enemies":"Shield and Spear","floor":54,"turns":1},{"damage":0,"enemies":"The Heart","floor":55,"turns":1}],"seed_played":"-1639141122410844804","potions_obtained":[{"floor":2.0,"key":"Weak Potion"},{"floor":6.0,"key":"Weak Potion"},{"floor":7.0,"key":"SkillPotion"},{"floor":22,"key":"Fire Potion"},{"floor":29,"key":"LiquidMemories"},{"floor":31,"key":"GamblersBrew"},{"floor":33,"key":"testmod-EscapePotion"},{"floor":38,"key":"Strength Potion"}],"is_trial":false,"path_per_floor":["M","M","?","?","$","E","M","$","T","M","E","?","M","$","R","B",null,"M","?","?","M","M","E","R","$","T","M","$","M","?","M","R","B",null,"M","?","$","M","$","E","?","E","T","R","$","M","$","M","R","B",null,"R","$","E","R","$","E","B",null],"character_chosen":"THE_SENSHI","items_purchased":["testmod-Acrobat","theSenshi:SailorFukuRelic","theSenshi:MoonPrincessHalation","testmod-Justice","theSenshi:ChokerRelic","GuppysHairball","ClockworkSouvenir","Medical Kit","theSenshi:RoseRelic","theSenshi:CutieMoonRodRelic","Membership Card","theSenshi:TiaraRelic","testmod-SpacePotion","DemoMod:BlueGuonStone","DemoMod:WhiteGuonStone","testmod-ArcanaOfDestiny","testmod-LifeArmor","testmod-AssaultLearning","War Paint","Centennial Puzzle","Mango","Kunai","DemoMod:MeltedRock","theSenshi:FeatherClipsRelic","Mastiff:ReiMu","Question Card","Oddly Smooth Stone","Toy Ornithopter","StrikeDummy","Strawberry","BelialBook","DemoMod:MemoryAlloy","theSenshi:CosmicHeartCompactRelic","Ginger","StoneCalendar","Diplopia","BookOfRevelations","Mercury Hourglass","Omamori","DemoMod:PinkGuonStone","Shuriken","theSenshi:CrisisMoonCompactRelic","Vajra","Orichalcum","Nunchaku","HowToJump","Bag of Preparation","Molten Egg 2","Akabeko","TheBean","DemoMod:GundromedaStrain","RuthlessExorcism:ReiMu","testmod-RainbowHikingShoes","Strength Potion","Fire Potion","Bag of Marbles","DemoMod:OrangeGuonStone","PreservedInsect","testmod-Fortitude","yuri:PortableGlitches","Bronze Scales","Letter Opener","testmod-IndustrialRevolution","testmod-RealStoneCalender","DemoMod:ClearGuonStone","theSenshi:MoonKick+1","Blood Vial","Ancient Tea Set","Meat on the Bone","Boot","Thread and Needle","TentaclePot:ReiMu","PureWhite:ReiMu","Potion Belt","Toxic Egg 2","testmod-CasingShield","Turnip","testmod-Hope","Frozen Egg 2","Anchor","DemoMod:JetPack","Pantograph","Darkstone Periapt","Mummified Hand","InkBottle","Ice Cream","Ornamental Fan","Pear","Singing Bowl","BookofShadows","theSenshi:TransformationPenRelic","SatanicBible","Dream Catcher","Sundial","DemoMod:BlankPotion","EssenceOfSteel","theSenshi:CrescentMoonWandRelic","Strange Spoon","Tea:ReiMu","theSenshi:HolyGrailRelic","testmod-FatalChain","DeadEye","HornCleat","Bottled Tornado","TheBible","TuHaoJin","DoctorsRemote","GnawedLeaf","BloodDonationMachine","CrazyTorch:ReiMu","D6","testmod-BlackFramedGlasses","GuppysHead","testmod-CyclicPeriapt","Lizard Tail","Du-Vu Doll","Calipers","theSenshi:HolyMoonChaliceRelic","Torii","theSenshi:RedHairPiecesRelic","Toolbox","DemoMod:VorpalBullet","testmod-Alchemist","DemoMod:RingOfEthereal","DemoMod:NanoMachines","testmod-CrystalShield","testmod-IntensifyImprint","CaptainsWheel","testmod-HeartOfStrike","GuppysPaw","testmod-TheFather","TungstenRod","NineVolt","testmod-EqualTreatment","MoneyPower","testmod-Brilliant","Girya","Unceasing Top","testmod-ObsoleteBoomerang","testmod-Maize","DemoMod:AgedBell","DemoMod:GreenGuonStone","DemoMod:Relodestone","ForgetMeNow","Gambling Chip","DemoMod:SuperHotWatch","testmod-InjuryResistance","DemoMod:Antibody","theSenshi:EternalTiareRelic","Incense Burner","DemoMod:Orange","testmod-TestPotion","DemoMod:MeatBun","FairyPotion"],"campfire_rested":0,"item_purchase_floors":[5,5,8,14,14,17,25,28,28,28,37,37,37,37,37,37,37,37,37,37,37,37,37,37,37,37,37,37,37,37,37,37,37,37,37,37,37,37,37,37,37,37,37,37,37,37,37,37,37,37,37,37,37,37,37,39,39,39,39,39,39,39,39,39,39,39,39,39,39,39,39,45,45,45,45,45,45,45,45,45,45,45,45,45,45,45,45,45,45,45,45,45,45,45,45,45,47,47,47,47,47,47,47,47,47,47,47,47,47,47,47,47,47,47,47,47,47,47,47,47,47,47,47,47,47,47,47,47,47,47,47,47,47,47,47,47,47,53,53,53,53,53,53,53,53,53,53,53,53,53,53,53,53,53],"current_hp_per_floor":[75,75,75,68,68,68,60,60,60,60,60,45,37,37,37,35,65,63,63,124,111,89,48,48,48,48,29,29,23,23,22,22,14,117,116,115,142,141,140,139,131,130,129,128,137,136,135,136,135,134,133,132,143,144,143,142,148,147],"gold":1455,"neow_bonus":"THREE_ENEMY_KILL","is_daily":false,"chose_seed":false,"campfire_upgraded":3,"win_rate":0.0,"timestamp":1612940359,"path_taken":["M","M","?","?","$","E","M","$","T","M","E","?","M","$","R","BOSS","M","?","?","M","M","E","R","$","T","M","$","?","?","M","R","BOSS","M","?","$","?","?","E","?","E","T","R","$","M","$","M","R","BOSS","R","$","E","R","$","E","BOSS"],"items_purchased_type":["Relic","Relic","Card","Relic","Relic","Relic","Relic","Relic","Relic","Relic","Relic","Relic","Potion","Relic","Relic","Relic","Relic","Relic","Relic","Relic","Relic","Relic","Relic","Relic","Relic","Relic","Relic","Relic","Relic","Relic","Relic","Relic","Relic","Relic","Relic","Relic","Relic","Relic","Relic","Relic","Relic","Relic","Relic","Relic","Relic","Relic","Relic","Relic","Relic","Relic","Relic","Relic","Relic","Potion","Potion","Relic","Relic","Relic","Relic","Relic","Relic","Relic","Relic","Relic","Relic","Card","Relic","Relic","Relic","Relic","Relic","Relic","Relic","Relic","Relic","Relic","Relic","Relic","Relic","Relic","Relic","Relic","Relic","Relic","Relic","Relic","Relic","Relic","Relic","Relic","Relic","Relic","Relic","Relic","Undefined","Potion","Relic","Relic","Relic","Relic","Relic","Relic","Relic","Relic","Relic","Relic","Relic","Relic","Relic","Relic","Relic","Relic","Relic","Relic","Relic","Relic","Relic","Relic","Relic","Relic","Relic","Relic","Relic","Relic","Relic","Relic","Relic","Relic","Relic","Relic","Relic","Relic","Relic","Relic","Relic","Relic","Relic","Relic","Relic","Relic","Relic","Relic","Relic","Relic","Relic","Relic","Relic","Relic","Relic","Relic","Relic","Potion","Relic","Potion"],"build_version":"2020-12-22","purchased_purges":10,"victory":true,"max_hp_per_floor":[75,75,75,75,75,75,75,75,75,75,75,75,75,75,75,75,65,64,63,124,123,122,121,120,119,118,117,116,115,114,113,112,111,117,116,115,142,141,140,139,131,130,129,128,137,136,135,136,135,134,133,132,143,144,143,142,148,147],"card_choices":[{"not_picked":[],"picked":"Bomb","floor":0.0},{"not_picked":["theSenshi:SchoolBag","theSenshi:SailorStarFighterAssists","theSenshi:SailorMarsAssists"],"picked":"SKIP","floor":1.0},{"not_picked":["theSenshi:MoonlightKnight","theSenshi:EncouragingSpeech"],"picked":"Bomb","floor":2.0},{"not_picked":["theSenshi:StudyParty","theSenshi:YouCanTalk"],"picked":"theSenshi:LunasBite","floor":6.0},{"not_picked":["theSenshi:MoonTiaraMagic","theSenshi:Sidestep","theSenshi:SupersonicWaves"],"picked":"SKIP","floor":7.0},{"not_picked":["theSenshi:MoonHealingEscalation","theSenshi:MoonPrincessHalation","theSenshi:PlutosSolemnity"],"picked":"SKIP","floor":10},{"not_picked":["theSenshi:SilverMoonCrystalPowerKiss","theSenshi:LateForSchool"],"picked":"theSenshi:UranusStrength","floor":11},{"not_picked":["theSenshi:SailorVenusAssists","theSenshi:SaturnsMystery"],"picked":"theSenshi:MoonCosmicPowerMakeUp","floor":13},{"not_picked":["theSenshi:SailorPlutoAssists","theSenshi:SailorStarHealerAssists"],"picked":"theSenshi:SailorCosmosAssists","floor":16},{"not_picked":["theSenshi:SailorStarMakerAssists","theSenshi:MoonKick","theSenshi:MoonsReflection"],"picked":"SKIP","floor":18},{"not_picked":["theSenshi:TallSilhouette","theSenshi:LunasBite","theSenshi:LateForSchool+1"],"picked":"SKIP","floor":21},{"not_picked":["theSenshi:SaturnsMystery","theSenshi:SailorChibiMoonAssists","theSenshi:SailorVenusAssists"],"picked":"SKIP","floor":22},{"not_picked":["theSenshi:LunaSensingAllies","theSenshi:DramaticEntrance+1"],"picked":"theSenshi:CrisisMakeUp+1","floor":23},{"not_picked":["theSenshi:EncouragingSpeech+1","theSenshi:MoonPunch","theSenshi:GatheringStrength"],"picked":"SKIP","floor":27},{"not_picked":["theSenshi:MoonKick","theSenshi:MoonsReflection","theSenshi:SteeledNerves"],"picked":"SKIP","floor":29},{"not_picked":["theSenshi:LunasBite+1","theSenshi:HesSoDreamy","theSenshi:Sidestep"],"picked":"SKIP","floor":31},{"not_picked":["theSenshi:YouCanTalk+1","theSenshi:TallSilhouette","theSenshi:SailorMarsAssists"],"picked":"SKIP","floor":35},{"not_picked":["theSenshi:TuxedoSmokingBomber+1","theSenshi:OdangoHead","theSenshi:KlutzyLuck","theSenshi:SupersonicWaves+1"],"picked":"SKIP","floor":38},{"not_picked":["theSenshi:KlutzyLuck+1","theSenshi:OdangoHead","theSenshi:MoonSpiralHeartAttack+1","theSenshi:SchoolBag+1"],"picked":"SKIP","floor":40},{"not_picked":["theSenshi:SailorV+1","theSenshi:LunaSensingAllies","theSenshi:SailorVenusAssists+1","theSenshi:GatheringStrength"],"picked":"SKIP","floor":42},{"not_picked":["theSenshi:PlutosSolemnity+1","theSenshi:TuxedoSmokingBomber+1","theSenshi:UranusStrength+1"],"picked":"theSenshi:MoonCrisisMakeUp+1","floor":46},{"not_picked":["theSenshi:MercurysCunning+1","theSenshi:MoonPunch+1","theSenshi:TallSilhouette+1","theSenshi:SailorChibiMoonAssists+1"],"picked":"Singing Bowl","floor":48},{"not_picked":["theSenshi:TuxedoSmokingBomber+1","theSenshi:SailorStarHealerAssists+1","theSenshi:HesSoDreamy+1","theSenshi:OdangoHead+1"],"picked":"Singing Bowl","floor":54},{"not_picked":["theSenshi:MoonTiaraMagic+1","theSenshi:SailorStarFighterAssists+1","theSenshi:VenusGlamour+1","theSenshi:SailorChibiMoonAssists+1"],"picked":"Singing Bowl","floor":54}],"player_experience":1132904,"relics_obtained":[{"floor":6.0,"key":"CeramicFish"},{"floor":9,"key":"The Courier"},{"floor":11,"key":"DeathBook"},{"floor":23,"key":"FossilizedHelix"},{"floor":40,"key":"Happy Flower"},{"floor":42,"key":"Dead Branch"},{"floor":43,"key":"Juzu Bracelet"},{"floor":54,"key":"GuppysTail"},{"floor":54,"key":"Circlet"}],"event_choices":[{"cards_removed":["theSenshi:SailorBlock"],"damage_healed":0.0,"max_hp_gain":0.0,"max_hp_loss":0.0,"gold_gain":0.0,"event_name":"Living Wall","player_choice":"Forget","floor":3.0,"gold_loss":0.0,"damage_taken":0.0},{"cards_removed":["theSenshi:SailorKick"],"damage_healed":0.0,"max_hp_gain":0.0,"max_hp_loss":0.0,"gold_gain":0.0,"event_name":"Golden Wing","player_choice":"Card Removal","floor":4.0,"gold_loss":0.0,"damage_taken":7.0},{"damage_healed":0,"gold_gain":0,"player_choice":"Copied","damage_taken":0,"max_hp_gain":0,"max_hp_loss":0,"event_name":"Duplicator","floor":19,"gold_loss":0,"cards_obtained":["theSenshi:UranusStrength"]},{"damage_healed":0,"gold_gain":0,"player_choice":"Swap Relic","damage_taken":0,"relics_obtained":["testmod-HarvestTotem"],"max_hp_gain":0,"max_hp_loss":0,"event_name":"给自己的盒子","floor":20,"relics_lost":["testmod-HarvestTotem"],"gold_loss":0},{"damage_healed":0,"gold_gain":99,"player_choice":"Stole From Cult","damage_taken":0,"max_hp_gain":0,"max_hp_loss":0,"event_name":"Nest","floor":30,"gold_loss":0},{"damage_healed":0,"gold_gain":999,"player_choice":"Gold","damage_taken":0,"max_hp_gain":0,"max_hp_loss":0,"event_name":"MindBloom","floor":36,"gold_loss":0,"cards_obtained":["Normality","Normality"]},{"damage_healed":0,"gold_gain":0,"player_choice":"Max HP","damage_taken":0,"max_hp_gain":0,"max_hp_loss":7,"event_name":"Winding Halls","floor":41,"gold_loss":0}],"is_beta":false,"boss_relics":[{"not_picked":["testmod-KeyOfTheVoid","Fusion Hammer"],"picked":"testmod-PortableAltar"},{"not_picked":[]},{"not_picked":["Snecko Eye","testmod-Recursion"],"picked":"MagicMushroom"},{"not_picked":[]}],"items_purged_floors":[25,28,37,37,39,45,45,47,47,53],"is_endless":false,"potions_floor_spawned":[2,6,7,22,29,31,33,38,40,46],"ascension_level":4}}