{"host":"8a72fthmlk1o8pdb","time":1612942701,"event":{"mods":["AchievementEnabler","Aspiration","Astrologer","Bard","BaseMod","Beaked The Cultist","Better Sensory Stone","Better Skull","Better Third Choice","ChefMod","Colored Map","Colored Powertips","Dark Map","Downfall","Friendly Minions","GifTheSpireLib","Googly Eyes","Gremlin Mod","Hermit","Hubris","JesterMod","Jorbs\u0027s Wanderer Trilogy","Marisa????????","Minty Spire (QoL Compilation)","Permanent Neow","Random Character Button","Rare Cards Sparkle","Relic Stats","Reliquary","Robot Space Explorer","Shade Mod","Shop Mod","Somnambulant","StSLib","The Animator","The Blue Laboratory","The Construct","The Cursed","The Disciple","The Hayseed","The Hierophant","The Jungle","The Marked","The Mystic","The Necromancer","The Poker Player","The Problem Sleuth","The Runesmith","thorton"],"gold_per_floor":[109,109,121,221,231,231,246,272,351,351,316,347,307,332,332,435,435,445,110,130,150,150,150,183,183,183,193,224,224,242,242,242,342,342,354,354,368,385,88,113,113,144,144,199,51,69,69,120,120,120,120,120,24,59,66],"floor_reached":56,"language":"ENG","playtime":4772,"items_purged":["hermit:Strike_Hermit","hermit:Strike_Hermit","hermit:Strike_Hermit"],"score":1338,"play_id":"4cf3cf49-b751-414f-bb4f-43843ce12ee2","local_time":"20210209233821","is_ascension_mode":true,"campfire_choices":[{"data":"hermit:Dive","floor":6,"key":"SMITH"},{"data":"hermit:Quickdraw","floor":10,"key":"SMITH"},{"data":"hermit:Snapshot","floor":15,"key":"SMITH"},{"data":"hermit:Determination","floor":23,"key":"SMITH"},{"floor":25,"key":"REST"},{"floor":32,"key":"REST"},{"data":"1","floor":41,"key":"LIFT"},{"floor":47,"key":"RECALL"},{"floor":49,"key":"REST"},{"data":"hermit:Gestalt","floor":52,"key":"SMITH"}],"circlet_count":0,"master_deck":["hermit:Defend_Hermit","hermit:Defend_Hermit","hermit:Defend_Hermit","hermit:Defend_Hermit","hermit:Snapshot+1","hermit:Covet","hermit:Dive+1","hermit:Roulette","hermit:Quickdraw+1","hermit:RoundhouseKick","hermit:Midnight","hubris:NaturalOne","hermit:Glare+1","hermit:Coalescence","hermit:FlashPowder","hubris:DuctTapeCard","downfall:Haunted","hermit:Gestalt+1","hermit:Manifest","hermit:FlashPowder+1","hermit:Scavenge+1","Discovery"],"relics":["SacredBark","aspiration:EmptySkull","aspiration:HummingbirdHeart","Shuriken","Letter Opener","reliquary:RedCape","Gremlin Horn","reliquary:IridiumChain","reliquary:WeakTea","hubris:Icosahedron","Cursed Key","Strawberry","Girya","hubris:DuctTape","Toy Ornithopter","Lizard Tail","CatCart","reliquary:SilkGlove"],"acts_visited":["Exordium","TheCity","TheBeyond","TheEnding"],"potions_floor_usage":[8,8,21,21,33,33,42,54,55],"damage_taken":[{"damage":5,"enemies":"Small Slimes","floor":1,"turns":2},{"damage":0,"enemies":"Cultist","floor":3,"turns":3},{"damage":0,"enemies":"2 Louse","floor":5,"turns":2},{"damage":0,"enemies":"Looter","floor":7,"turns":3},{"damage":13,"enemies":"Lagavulin","floor":8,"turns":4},{"damage":4,"enemies":"3 Sentries","floor":12,"turns":7},{"damage":14,"enemies":"Lagavulin","floor":14,"turns":5},{"damage":25,"enemies":"Slime Boss","floor":16,"turns":9},{"damage":0,"enemies":"Spheric Guardian","floor":18,"turns":3},{"damage":0,"enemies":"Chosen","floor":20,"turns":4},{"damage":0,"enemies":"Centurion and Healer","floor":21,"turns":5},{"damage":56,"enemies":"Book of Stabbing","floor":24,"turns":8},{"damage":0,"enemies":"Chosen and Byrds","floor":27,"turns":4},{"damage":31,"enemies":"Gremlin Leader","floor":28,"turns":6},{"damage":5,"enemies":"Sentry and Sphere","floor":30,"turns":4},{"damage":22,"enemies":"Collector","floor":33,"turns":11},{"damage":3,"enemies":"3 Darklings","floor":35,"turns":5},{"damage":0,"enemies":"Orb Walker","floor":37,"turns":3},{"damage":17,"enemies":"Writhing Mass","floor":38,"turns":7},{"damage":4,"enemies":"Giant Head","floor":40,"turns":6},{"damage":0,"enemies":"Nemesis","floor":42,"turns":5},{"damage":27,"enemies":"2 Orb Walkers","floor":44,"turns":6},{"damage":0,"enemies":"Maw","floor":46,"turns":3},{"damage":1,"enemies":"Orin","floor":48,"turns":3},{"damage":5,"enemies":"hubris:GrandSnecko","floor":50,"turns":6},{"damage":0,"enemies":"Shield and Spear","floor":54,"turns":3},{"damage":141,"enemies":"The Heart","floor":55,"turns":8}],"seed_played":"8680624284188847460","potions_obtained":[{"floor":3,"key":"FearPotion"},{"floor":7,"key":"AttackPotion"},{"floor":14,"key":"blueLaboratory:Moonshine"},{"floor":16,"key":"blueLaboratory:PolymorphPotion"},{"floor":18,"key":"blueLaboratory:FrostheartPotion"},{"floor":28,"key":"bronze:BurnAndBuffPotion"},{"floor":30,"key":"blueLaboratory:BottleOfVodka"},{"floor":35,"key":"DuplicationPotion"},{"floor":38,"key":"Swift Potion"},{"floor":46,"key":"SteroidPotion"},{"floor":48,"key":"blueLaboratory:LouseDecoction"}],"is_trial":false,"path_per_floor":["M","?","M","?","M","R","M","E","T","R","?","E","?","E","R","B",null,"M","$","M","M","?","R","E","R","T","M","E","?","M","?","R","B",null,"M","?","M","M","$","E","R","E","T","?","$","M","R","?","R","B",null,"R","$","E","B",null],"character_chosen":"HERMIT","items_purchased":["Gremlin Horn","hermit:Coalescence","Strawberry","hermit:Manifest","Discovery"],"campfire_rested":3,"item_purchase_floors":[19,39,39,45,53],"current_hp_per_floor":[70,70,70,70,70,70,70,57,57,57,75,71,71,57,57,32,75,75,75,75,75,75,75,19,41,41,41,10,10,5,5,27,5,75,72,72,72,55,62,58,58,58,58,31,31,31,31,30,54,49,82,82,82,82,28],"gold":66,"neow_bonus":"BOSS_RELIC","is_daily":false,"chose_seed":false,"campfire_upgraded":5,"win_rate":0.0,"timestamp":1612942701,"path_taken":["M","?","M","?","M","R","?","E","T","R","?","E","?","E","R","BOSS","M","$","M","M","?","R","E","R","T","M","E","?","M","?","R","BOSS","M","?","M","M","$","E","R","E","T","?","$","M","R","?","R","BOSS","R","$","E","BOSS"],"items_purchased_type":["Relic","Card","Relic","Card","Card"],"build_version":"2020-12-22","purchased_purges":3,"victory":true,"max_hp_per_floor":[75,75,75,75,75,75,75,75,75,75,75,75,75,75,75,75,75,75,75,75,75,75,75,75,75,75,75,75,75,75,75,75,75,75,75,75,75,75,82,82,82,82,82,82,82,82,82,82,82,82,82,82,82,82,82],"relic_stats":{"Lizard Tail":41,"Gremlin Horn":[21,21],"counters":[27,135],"Shuriken":[32],"Letter Opener":[366],"Cursed Key":1,"obtain_stats":[{"Girya":40,"reliquary:SilkGlove":54,"Gremlin Horn":19,"hubris:DuctTape":42,"SacredBark":0,"aspiration:HummingbirdHeart":9,"Letter Opener":14,"reliquary:WeakTea":28,"reliquary:RedCape":17,"Cursed Key":34,"reliquary:IridiumChain":24,"Lizard Tail":44,"aspiration:EmptySkull":8,"hubris:Icosahedron":31,"Shuriken":12,"Strawberry":39,"CatCart":48,"hermit:Momento":0,"Toy Ornithopter":43},{"Girya":20,"reliquary:SilkGlove":26,"Gremlin Horn":9,"hubris:DuctTape":21,"SacredBark":0,"aspiration:HummingbirdHeart":5,"Letter Opener":7,"reliquary:WeakTea":14,"reliquary:RedCape":8,"Cursed Key":16,"reliquary:IridiumChain":12,"Lizard Tail":22,"aspiration:EmptySkull":5,"hubris:Icosahedron":15,"Shuriken":6,"Strawberry":19,"CatCart":24,"hermit:Momento":0,"Toy Ornithopter":21},{"Girya":101,"reliquary:SilkGlove":127,"Gremlin Horn":38,"hubris:DuctTape":106,"SacredBark":0,"aspiration:HummingbirdHeart":14,"Letter Opener":26,"reliquary:WeakTea":65,"reliquary:RedCape":35,"Cursed Key":80,"reliquary:IridiumChain":55,"Lizard Tail":112,"aspiration:EmptySkull":14,"hubris:Icosahedron":69,"Shuriken":21,"Strawberry":95,"CatCart":118,"hermit:Momento":0,"Toy Ornithopter":106}],"Toy Ornithopter":5},"card_choices":[{"not_picked":["hermit:ItchyTrigger","hermit:EyeOfTheStorm","hermit:Feint"],"picked":"SKIP","floor":1},{"not_picked":["hermit:BodyArmor","hermit:Coalescence","hermit:SprayPray"],"picked":"SKIP","floor":3},{"not_picked":["hermit:Midnight","hermit:Snipe","hermit:BodyArmor"],"picked":"SKIP","floor":5},{"not_picked":["hermit:TakeCover","hermit:SprayPray"],"picked":"hermit:Roulette","floor":7},{"not_picked":["hermit:Feint","hermit:Snipe"],"picked":"hermit:Quickdraw","floor":8},{"not_picked":["hermit:FatalDesire","hermit:Coalescence","hermit:LowProfile"],"picked":"SKIP","floor":12},{"not_picked":["hermit:Showdown","hermit:FromBeyond"],"picked":"hermit:EternalForm","floor":14},{"not_picked":["hermit:HeroicBravado","hermit:Purgatory"],"picked":"hermit:RoundhouseKick","floor":16},{"not_picked":["hermit:Quickdraw+1","hermit:DeadMansHand"],"picked":"hermit:Determination","floor":18},{"not_picked":["hermit:Quickdraw","hermit:Midnight","hermit:HoleUp"],"picked":"SKIP","floor":20},{"not_picked":["hermit:PistolWhip","hermit:LoneWolf+1","hermit:Vantage"],"picked":"SKIP","floor":21},{"not_picked":["hermit:Determination","hermit:DeadMansHand","hermit:Feint"],"picked":"SKIP","floor":24},{"not_picked":["hermit:BigShot","hermit:Shortfuse+1","hermit:Feint+1"],"picked":"SKIP","floor":27},{"not_picked":["hermit:TrackingShot","hermit:GoldenBullet","hermit:BigShot"],"picked":"SKIP","floor":28},{"not_picked":["hermit:Shortfuse","hermit:PistolWhip"],"picked":"hermit:Midnight","floor":30},{"not_picked":["hermit:HeroicBravado","hermit:FromBeyond"],"picked":"hermit:Reprieve","floor":33},{"not_picked":["hermit:Manifest","hermit:Feint","hermit:BodyArmor+1"],"picked":"SKIP","floor":35},{"not_picked":["hermit:Vantage+1","hermit:GoldenBullet"],"picked":"hermit:Glare+1","floor":37},{"not_picked":["hermit:LoneWolf","hermit:HighCaliber+1","hermit:Quickdraw+1"],"picked":"SKIP","floor":38},{"not_picked":["hermit:CalledShot","hermit:EternalForm"],"picked":"hermit:FlashPowder","floor":40},{"not_picked":["hermit:Feint","hermit:Roulette+1","hermit:HighCaliber"],"picked":"SKIP","floor":42},{"not_picked":["hermit:Showdown+1","hermit:Vantage+1"],"picked":"hermit:Gestalt","floor":44},{"not_picked":["hermit:Desperado+1","hermit:Feint"],"picked":"hermit:FlashPowder+1","floor":46},{"not_picked":["hermit:Brawl","hermit:EyeOfTheStorm"],"picked":"hermit:Scavenge+1","floor":48},{"not_picked":["hermit:SprayPray+1","hermit:Gambit","hermit:LowProfile"],"picked":"SKIP","floor":54}],"player_experience":177847,"relics_obtained":[{"floor":8,"key":"aspiration:EmptySkull"},{"floor":9,"key":"aspiration:HummingbirdHeart"},{"floor":12,"key":"Shuriken"},{"floor":14,"key":"Letter Opener"},{"floor":24,"key":"reliquary:IridiumChain"},{"floor":28,"key":"reliquary:WeakTea"},{"floor":40,"key":"Girya"},{"floor":42,"key":"hubris:DuctTape"},{"floor":43,"key":"Toy Ornithopter"},{"floor":44,"key":"Lizard Tail"},{"floor":48,"key":"CatCart"},{"floor":54,"key":"reliquary:SilkGlove"}],"event_choices":[{"damage_healed":0,"gold_gain":100,"player_choice":"Pray","damage_taken":0,"max_hp_gain":0,"max_hp_loss":0,"event_name":"Golden Shrine","floor":4,"gold_loss":0},{"damage_healed":18,"gold_gain":0,"player_choice":"Healed","damage_taken":0,"max_hp_gain":0,"max_hp_loss":0,"event_name":"The Cleric","floor":11,"gold_loss":35},{"damage_healed":0,"gold_gain":0,"player_choice":"Left","damage_taken":0,"max_hp_gain":0,"max_hp_loss":0,"event_name":"betterThird:BetterGoop","floor":13,"gold_loss":40},{"cards_removed":["hermit:Strike_Hermit"],"damage_healed":0,"gold_gain":0,"player_choice":"Elegance","damage_taken":0,"max_hp_gain":0,"max_hp_loss":0,"event_name":"betterThird:BetterWriting","floor":22,"gold_loss":0},{"cards_removed":["hermit:Reprieve"],"damage_healed":0,"gold_gain":0,"player_choice":"Removed Skill","damage_taken":0,"max_hp_gain":0,"max_hp_loss":0,"event_name":"Falling","floor":36,"gold_loss":0},{"damage_healed":0,"gold_gain":0,"player_choice":"Fight","damage_taken":0,"max_hp_gain":0,"max_hp_loss":0,"event_name":"Mysterious Sphere","floor":44,"gold_loss":0},{"damage_healed":0,"gold_gain":0,"player_choice":"Fight","damage_taken":0,"max_hp_gain":0,"max_hp_loss":0,"event_name":"OrinTheCat","floor":48,"gold_loss":0}],"is_beta":false,"boss_relics":[{"not_picked":["Astrolabe","reliquary:RedPaperclip"],"picked":"reliquary:RedCape"},{"not_picked":["aspiration:PoetsPen_weak","Runic Dome"],"picked":"Cursed Key"}],"items_purged_floors":[19,39,45],"is_endless":false,"potions_floor_spawned":[3,7,14,16,18,28,30,35,38,46,48],"ascension_level":1}}