{"host":"Qube","time":1612988050,"event":{"mods":["AchievementEnabler","BaseMod","Colored Map","Colored Powertips","Highlight Path","Minty Spire (QoL Compilation)","Permanent Neow","Quick Restart","Random Character Button","StSLib"],"gold_per_floor":[109,259,184,184,184,217,294,294,320,345,383,131,47,63,63,158,158,183,183,196,214,228,228,228,228],"floor_reached":24,"language":"ENG","playtime":1236,"items_purged":[],"score":458,"play_id":"e530aedf-507b-4a14-8414-2d8edd72ce1e","local_time":"20210210121410","is_ascension_mode":true,"campfire_choices":[{"data":"Neutralize","floor":15,"key":"SMITH"},{"floor":23,"key":"REST"}],"circlet_count":0,"master_deck":["AscendersBane","Strike_G","Strike_G","Strike_G+1","Strike_G","Strike_G","Defend_G","Defend_G","Defend_G","Defend_G","Survivor","Neutralize+1","Dagger Throw+1","Well Laid Plans","Underhanded Strike","Underhanded Strike","Skewer","Dash","Bouncing Flask","Phantasmal Killer","Blade Dance","Reflex+1","Prepared"],"relics":["Ring of the Snake","NeowsBlessing","Golden Idol","Whetstone","Pantograph","Bag of Preparation","Juzu Bracelet","Nunchaku","Philosopher\u0027s Stone","MutagenicStrength"],"acts_visited":["Exordium","TheCity"],"potions_floor_usage":[16,18,20],"damage_taken":[{"damage":0,"enemies":"Small Slimes","floor":1,"turns":1},{"damage":0,"enemies":"Lagavulin","floor":6,"turns":1},{"damage":0,"enemies":"Jaw Worm","floor":10,"turns":1},{"damage":12,"enemies":"3 Sentries","floor":11,"turns":8},{"damage":0,"enemies":"2 Louse","floor":14,"turns":2},{"damage":22,"enemies":"Hexaghost","floor":16,"turns":10},{"damage":11,"enemies":"2 Thieves","floor":18,"turns":3},{"damage":12,"enemies":"Shell Parasite","floor":20,"turns":2},{"damage":19,"enemies":"Shelled Parasite and Fungi","floor":21,"turns":3},{"damage":8,"enemies":"Snecko","floor":22,"turns":4},{"damage":32,"enemies":"Book of Stabbing","floor":24,"turns":4}],"seed_played":"7317755789247267918","potions_obtained":[{"floor":11,"key":"CunningPotion"},{"floor":14,"key":"DuplicationPotion"},{"floor":18,"key":"FearPotion"},{"floor":20,"key":"Weak Potion"}],"is_trial":false,"path_per_floor":["M","?","?","?","?","E","T","?","T","M","E","$","$","M","R","B",null,"M","?","M","M","M","R","E"],"character_chosen":"THE_SILENT","items_purchased":["Nunchaku","Dash","Bouncing Flask"],"campfire_rested":1,"item_purchase_floors":[12,12,13],"current_hp_per_floor":[59,59,59,59,36,36,36,41,41,41,29,29,29,29,29,32,61,50,50,38,19,11,32,0,0],"gold":228,"neow_bonus":"THREE_ENEMY_KILL","is_daily":false,"chose_seed":false,"campfire_upgraded":1,"win_rate":0.0,"timestamp":1612988050,"path_taken":["M","?","?","?","?","E","?","?","T","M","E","?","$","M","R","BOSS","M","?","M","M","M","R","E"],"items_purchased_type":["Relic","Card","Card"],"build_version":"2020-12-18","purchased_purges":0,"victory":false,"max_hp_per_floor":[66,66,66,66,66,66,66,71,71,71,71,71,71,71,71,71,71,71,71,71,71,71,71,71,71],"card_choices":[{"not_picked":["Blade Dance","Cloak And Dagger"],"picked":"Dagger Throw","floor":1},{"not_picked":["Tactician","Skewer"],"picked":"Underhanded Strike","floor":6},{"not_picked":["Cloak And Dagger","Backstab"],"picked":"Underhanded Strike","floor":10},{"not_picked":["Backflip","Die Die Die"],"picked":"Skewer","floor":11},{"not_picked":["Outmaneuver","Escape Plan","Sucker Punch"],"picked":"SKIP","floor":14},{"not_picked":["Die Die Die","Burst"],"picked":"Phantasmal Killer","floor":16},{"not_picked":["Deadly Poison","Poisoned Stab"],"picked":"Blade Dance","floor":18},{"not_picked":["Choke","Finisher"],"picked":"Reflex+1","floor":20},{"not_picked":["Blade Dance","Slice"],"picked":"Prepared","floor":21},{"not_picked":["Dagger Spray","Skewer","Heel Hook"],"picked":"SKIP","floor":22}],"player_experience":1131858,"relics_obtained":[{"floor":6,"key":"Whetstone"},{"floor":7,"key":"Pantograph"},{"floor":9,"key":"Bag of Preparation"},{"floor":11,"key":"Juzu Bracelet"}],"event_choices":[{"damage_healed":0,"gold_gain":150,"player_choice":"AGREE","damage_taken":0,"max_hp_gain":0,"max_hp_loss":0,"event_name":"Liars Game","floor":2,"gold_loss":0,"cards_obtained":["Doubt"]},{"cards_removed":["Doubt"],"damage_healed":0,"gold_gain":0,"player_choice":"Card Removal","damage_taken":0,"max_hp_gain":0,"max_hp_loss":0,"event_name":"The Cleric","floor":3,"gold_loss":75},{"damage_healed":0,"gold_gain":0,"cards_transformed":["Defend_G"],"player_choice":"Change","damage_taken":0,"max_hp_gain":0,"max_hp_loss":0,"event_name":"Living Wall","floor":4,"gold_loss":0,"cards_obtained":["Well Laid Plans"]},{"damage_healed":0,"gold_gain":0,"player_choice":"Take Damage","damage_taken":23,"relics_obtained":["Golden Idol"],"max_hp_gain":0,"max_hp_loss":0,"event_name":"Golden Idol","floor":5,"gold_loss":0},{"damage_healed":0,"gold_gain":0,"player_choice":"Donut","damage_taken":0,"max_hp_gain":5,"max_hp_loss":0,"event_name":"Big Fish","floor":8,"gold_loss":0},{"damage_healed":0,"gold_gain":0,"player_choice":"Inject Mutagens","damage_taken":0,"relics_obtained":["MutagenicStrength"],"max_hp_gain":0,"max_hp_loss":0,"event_name":"Drug Dealer","floor":19,"gold_loss":0}],"is_beta":true,"boss_relics":[{"not_picked":["Runic Dome","Tiny House"],"picked":"Philosopher\u0027s Stone"}],"items_purged_floors":[],"is_endless":false,"potions_floor_spawned":[11,14,18,20],"killed_by":"Book of Stabbing","ascension_level":20}}