{"host":"uceopoba4zvqsgiy","time":1612979503,"event":{"mods":["2.2 Compatiblity","Act Like it!","BaseMod","Better Skull","Better Third Choice","Elementarium","Evolution","GifTheSpireLib","Hermit","Humility","Infinite Spire","Jorbs\u0027s Wanderer Trilogy","Marked Mod","Minty Spire (QoL Compilation)","Potionbrewer","Reliquary","Replay The Spire","Robot Space Explorer","Shade Mod","Spicy Shops","StS++","StSLib","Stuff the Spire","The Blue Laboratory","The Caster","The Cursed","The Dragon Tamer","The Hierophant","The Judge","The Jungle","TheSurvivalist","Wandering Minibosses"],"gold_per_floor":[110,37,37,52,65,100,100,65,116,126,126,151,165,175,175,271,271,291,304,317,349,178,178,195,222,246,266,266,278,278,278,278,374,374,390,390,390,390,407,437,437,463,489,489,410,430,484,514,514,610,610,613,610,610,610,610,610,244,248,248,0,35,32,32,40,40,0,0],"floor_reached":67,"language":"ENG","playtime":8041,"items_purged":["Doubt"],"score":1188,"play_id":"172770b2-29dc-4364-98d9-1665510146b4","local_time":"20210211042143","is_ascension_mode":false,"campfire_choices":[{"floor":7.0,"key":"REST"},{"floor":11.0,"key":"REST"},{"data":"MarkedMod:PinPointDefense","floor":15.0,"key":"SMITH"},{"floor":23,"key":"REST"},{"floor":30,"key":"REST"},{"data":"PathToVictory","floor":32,"key":"SMITH"},{"floor":41,"key":"REST"},{"floor":49,"key":"REST"},{"data":"MasterReality","floor":57,"key":"SMITH"},{"data":"Judgement","floor":66,"key":"SMITH"}],"circlet_count":0,"master_deck":["StSpp:LatentStrike+1","StSpp:LatentStrike","StSpp:LatentStrike+1","StSpp:LatentStrike+1","EmptyBody","EmptyBody","EmptyBody","EmptyBody","Eruption","MarkedMod:GracefulMovements+1","MasterReality+1","StSpp:TimeDodge+1","StSpp:LatentStrike","DeusExMachina","Judgement+1","ReplayTheSpireMod:Doomed","stsjorbsmod:Procrastination","Hallucinations","MarkedMod:PinPointDefense","MarkedMod:PinPointDefense+1","PathToVictory+1","TalkToTheHand","Vault","infinitespire:Gouge+1","infinitespire:DeathsTouch","MarkedMod:PinPointDefense+1","Pot Of Greed","Pot Of Greed","Pot Of Greed","MarkedMod:GentlePulse+1","Normality","MarkedMod:PinPointDefense","MarkedMod:PinPointDefense","PathToVictory","Establishment","stsjorbsmod:Withering","MarkedMod:GracefulMovements"],"relics":["PureWater","EVO:Axolotl","NeowsBlessing","potionbrewer:ToyAutogyro","Gremlin Food","infinitespire:Satchel","Replay:Ancient Bell","ReplayTheSpireMod:TigerMarble","infinitespire:WardingShard","Calipers","Red Mask","ReplayTheSpireMod:CursedCoin","reliquary:IridiumChain","Pen Nib","StuffTheSpire:Mouthbags","potionbrewer:BhaskarasWheel","StuffTheSpire:EmeraldSignet","StuffTheSpire:GrapeVine","Ancient Tea Set","Grinning Jar","Anchor","Ring of Hypnosis","ReplayTheSpireMod:Ring of Collecting","Peace Pipe","Bag of Marbles","Cursed Key","CultistMask","Letter Opener","Snecko Heart","Quantum Egg","Snack Pack","Mercury Hourglass","reliquary:IvoryTrinket","Replay:Bottled Snecko","infinitespire:BottledMercury"],"acts_visited":["Exordium","TheCity","TheBeyond","Exordium"],"potions_floor_usage":[18,20,33,40,40,47,47,48,50,67,67],"damage_taken":[{"damage":0.0,"enemies":"Jaw Worm","floor":1.0,"turns":1.0},{"damage":0.0,"enemies":"Cultist","floor":4.0,"turns":1.0},{"damage":0.0,"enemies":"2 Louse","floor":5.0,"turns":1.0},{"damage":65.0,"enemies":"3 Sentries","floor":6.0,"turns":19.0},{"damage":2.0,"enemies":"Exordium Wildlife","floor":10.0,"turns":7.0},{"damage":4.0,"enemies":"Exordium Thugs","floor":13.0,"turns":6.0},{"damage":13.0,"enemies":"3 Louse","floor":14.0,"turns":5.0},{"damage":12.0,"enemies":"The Guardian","floor":16.0,"turns":12.0},{"damage":0,"enemies":"Chosen","floor":18,"turns":4},{"damage":0,"enemies":"Spheric Guardian","floor":19,"turns":1},{"damage":4,"enemies":"Shelled Parasite and Fungi","floor":20,"turns":10},{"damage":37,"enemies":"Masked Bandits","floor":21,"turns":7},{"damage":6,"enemies":"Centurion and Healer","floor":24,"turns":10},{"damage":0,"enemies":"Replay:Snechameleon","floor":25,"turns":10},{"damage":12,"enemies":"3 Cultists","floor":27,"turns":11},{"damage":0,"enemies":"Snake Plant","floor":29,"turns":3},{"damage":10,"enemies":"Champ","floor":33,"turns":10},{"damage":6,"enemies":"3 Darklings","floor":35,"turns":8},{"damage":7,"enemies":"3 Shapes","floor":39,"turns":7},{"damage":45,"enemies":"Nemesis","floor":40,"turns":8},{"damage":9,"enemies":"Giant Head","floor":42,"turns":12},{"damage":0,"enemies":"Maw","floor":46,"turns":8},{"damage":18,"enemies":"2 Orb Walkers","floor":47,"turns":8},{"damage":2,"enemies":"Nightmare","floor":48,"turns":10},{"damage":10,"enemies":"infinitespire:MassOfShapes","floor":50,"turns":7},{"damage":3,"enemies":"Cultist","floor":52,"turns":3},{"damage":0,"enemies":"Small Slimes","floor":53,"turns":4},{"damage":0,"enemies":"2 Louse","floor":59,"turns":1},{"damage":16,"enemies":"Gremlin Nob","floor":62,"turns":3},{"damage":0,"enemies":"Exordium Thugs","floor":63,"turns":3},{"damage":0,"enemies":"3 Sentries","floor":65,"turns":2},{"damage":98,"enemies":"Fading Forest","floor":67,"turns":12}],"seed_played":"-7555747279504209230","potions_obtained":[{"floor":6.0,"key":"SkillPotion"},{"floor":13.0,"key":"potionbrewer:CleansingPotion"},{"floor":18,"key":"SkillPotion"},{"floor":20,"key":"potionbrewer:DiscountPotion"},{"floor":21,"key":"blueLaboratory:Moonshine"},{"floor":27,"key":"blueLaboratory:FrostheartPotion"},{"floor":33,"key":"Elixir"},{"floor":40,"key":"Reflective Coating"},{"floor":46,"key":"blueLaboratory:EpiphanyPotion"},{"floor":47,"key":"blueLaboratory:PhilterOfMotion"},{"floor":48,"key":"ColorlessPotion"},{"floor":53,"key":"GamblersBrew"},{"floor":65,"key":"AttackPotion"}],"is_trial":false,"path_per_floor":["M","$","?","M","M","E","R","?","T","M","R","T","M","M","R","B",null,"M","M","M","?","$","R","M","E","T","M","?","M","R","$","R","B",null,"M","?","AVR","?","M","E","R","E","T","?","$","M","?","NM","R","B",null,"M","M","?","?","AVR","R","$","M","T","$","E","M","?","E","R","B"],"character_chosen":"WATCHER","items_purchased":["MarkedMod:GracefulMovements","ReplayTheSpireMod:CursedCoin","reliquary:IridiumChain","MarkedMod:PinPointDefense","Quantum Egg","Snack Pack","reliquary:IvoryTrinket","MarkedMod:GracefulMovements"],"campfire_rested":6,"item_purchase_floors":[2,22,22,45,58,58,61,61],"current_hp_per_floor":[81,81,81,81,81,16,40,60,60,58,81,81,77,64,64,52,81,81,81,77,40,40,64,58,58,58,46,46,46,70,70,70,60,81,75,55,55,55,48,3,27,22,22,22,22,24,6,4,28,18,81,78,80,80,80,80,80,80,80,80,80,64,64,79,79,79,0,0],"gold":0,"neow_bonus":"THREE_ENEMY_KILL","is_daily":false,"chose_seed":false,"campfire_upgraded":4,"win_rate":0.0,"timestamp":1612979503,"path_taken":["M","$","?","?","M","E","R","?","T","M","R","?","M","?","R","BOSS","M","M","M","?","$","R","M","E","T","M","?","M","R","$","R","BOSS","M","?","AVR","?","?","E","R","E","T","?","?","M","?","NM","R","BOSS","M","M","?","?","AVR","R","$","?","T","?","E","M","?","E","R","BOSS"],"items_purchased_type":["Card","Relic","Relic","Card","Relic","Relic","Relic","Card"],"build_version":"2020-12-22","purchased_purges":1,"victory":false,"max_hp_per_floor":[81,81,81,81,81,81,81,81,81,81,81,81,81,81,81,81,81,81,81,81,81,81,81,81,81,81,81,81,81,81,81,81,81,81,81,81,81,81,81,81,81,81,81,81,81,81,81,81,81,81,81,81,81,81,81,81,81,81,81,81,81,81,81,81,81,81,81,81],"card_choices":[{"not_picked":["Vengeance","Prostrate","JustLucky"],"picked":"SKIP","floor":1.0},{"not_picked":["Perseverance","FlyingSleeves"],"picked":"MarkedMod:PinPointDefense","floor":4.0},{"not_picked":["Replay:ManipulateFuture","Protect"],"picked":"MasterReality","floor":5.0},{"not_picked":["SignatureMove","CarveReality","StSpp:TimeDodge"],"picked":"SKIP","floor":6.0},{"not_picked":["SignatureMove","CarveReality"],"picked":"StSpp:TimeDodge","floor":6.0},{"not_picked":["MarkedMod:FirstStrike","SashWhip"],"picked":"StSpp:LatentStrike","floor":10.0},{"not_picked":["CutThroughFate","Worship"],"picked":"DeusExMachina","floor":13.0},{"not_picked":["FlurryOfBlows","FollowUp","SignatureMove"],"picked":"SKIP","floor":14.0},{"not_picked":["DeusExMachina","Ragnarok"],"picked":"Judgement","floor":16.0},{"not_picked":["Hallucinations","hermit:ImpendingDoom"],"picked":"ReplayTheSpireMod:Doomed","floor":17.0},{"not_picked":["StuffTheSpire:WarCurse","StuffTheSpire:CuriosityCurse"],"picked":"stsjorbsmod:Procrastination","floor":17.0},{"not_picked":["StuffTheSpire:CuriosityCurse","Normality"],"picked":"Hallucinations","floor":17.0},{"not_picked":["Protect+1","CutThroughFate+1","EmptyFist"],"picked":"SKIP","floor":18},{"not_picked":["Evaluate","Crescendo+1"],"picked":"MarkedMod:PinPointDefense","floor":19},{"not_picked":["Prostrate+1","Meditate+1","EmptyFist"],"picked":"SKIP","floor":20},{"not_picked":["Replay:ManipulateFuture","Prostrate","Crescendo+1"],"picked":"SKIP","floor":24},{"not_picked":["Sanctity+1","Consecrate"],"picked":"LessonLearned","floor":25},{"not_picked":["FollowUp","Crescendo+1"],"picked":"PathToVictory","floor":27},{"not_picked":["WindmillStrike","BowlingBash"],"picked":"TalkToTheHand","floor":29},{"not_picked":["Replay:AllIn","StSpp:Patience"],"picked":"Vault","floor":33},{"not_picked":["CutThroughFate+1","Replay:ManipulateFuture+1","StSpp:Chanting"],"picked":"SKIP","floor":35},{"not_picked":["ReplayTheSpireMod:Echoes of Time","Replay:Fractal Strike"],"picked":"infinitespire:Gouge","floor":36},{"not_picked":["Halt+1","FlurryOfBlows+1","CrushJoints+1"],"picked":"SKIP","floor":39},{"not_picked":["MarkedMod:FirstStrike","Pray"],"picked":"MarkedMod:PinPointDefense","floor":40},{"not_picked":["EmptyMind+1","CrushJoints+1"],"picked":"MarkedMod:GentlePulse+1","floor":42},{"not_picked":["ReachHeaven+1","Nirvana+1","EmptyFist"],"picked":"SKIP","floor":46},{"not_picked":["ClearTheMind+1","MarkedMod:GentlePulse"],"picked":"MarkedMod:PinPointDefense","floor":47},{"not_picked":["Replay:AtTheReady","MarkedMod:GentlePulse+1"],"picked":"PathToVictory","floor":48},{"not_picked":["Brilliance","SpiritShield"],"picked":"Establishment","floor":50},{"not_picked":["EmptyBody","FearNoEvil","Replay:BluntJabs"],"picked":"SKIP","floor":52},{"not_picked":["Meditate","BowlingBash","CrushJoints"],"picked":"SKIP","floor":53},{"not_picked":["StSpp:Chanting","ClearTheMind","Crescendo"],"picked":"SKIP","floor":59},{"not_picked":["Prostrate","MarkedMod:OneThousandNeedles","FlyingSleeves"],"picked":"SKIP","floor":62},{"not_picked":["FollowUp","FlyingSleeves","Crescendo"],"picked":"SKIP","floor":63},{"not_picked":["ReachHeaven","BowlingBash","Blasphemy"],"picked":"SKIP","floor":65}],"player_experience":1796442,"relics_obtained":[{"floor":6.0,"key":"potionbrewer:ToyAutogyro"},{"floor":9.0,"key":"Gremlin Food"},{"floor":12.0,"key":"infinitespire:Satchel"},{"floor":21,"key":"Red Mask"},{"floor":25,"key":"Pen Nib"},{"floor":26,"key":"StuffTheSpire:Mouthbags"},{"floor":40,"key":"Ancient Tea Set"},{"floor":42,"key":"Grinning Jar"},{"floor":43,"key":"Anchor"},{"floor":44,"key":"Ring of Hypnosis"},{"floor":44,"key":"ReplayTheSpireMod:Ring of Collecting"},{"floor":47,"key":"Peace Pipe"},{"floor":48,"key":"Bag of Marbles"},{"floor":60,"key":"Mercury Hourglass"},{"floor":62,"key":"Replay:Bottled Snecko"},{"floor":65,"key":"infinitespire:BottledMercury"}],"event_choices":[{"cards_removed":["Vigilance"],"damage_healed":0.0,"max_hp_gain":0.0,"max_hp_loss":0.0,"gold_gain":0.0,"event_name":"Bonfire Elementals","player_choice":"Offered Basic","floor":3.0,"gold_loss":0.0,"damage_taken":0.0},{"damage_healed":20.0,"max_hp_gain":0.0,"max_hp_loss":0.0,"gold_gain":0.0,"event_name":"The Cleric","player_choice":"Healed","floor":8.0,"gold_loss":35.0,"damage_taken":0.0},{"damage_healed":0,"gold_gain":0,"player_choice":"Fought Bandits","damage_taken":0,"max_hp_gain":0,"max_hp_loss":0,"event_name":"Masked Bandits","floor":21,"gold_loss":0},{"damage_healed":0,"gold_gain":0,"player_choice":"Ignored","damage_taken":0,"max_hp_gain":0,"max_hp_loss":0,"event_name":"Vampires","floor":28,"gold_loss":0},{"cards_removed":["LessonLearned"],"damage_healed":0,"gold_gain":0,"player_choice":"Gave Card","damage_taken":0,"relics_obtained":["StuffTheSpire:GrapeVine"],"max_hp_gain":0,"max_hp_loss":0,"event_name":"WeMeetAgain","floor":38,"gold_loss":0},{"damage_healed":0,"gold_gain":0,"player_choice":"Fight","damage_taken":0,"max_hp_gain":0,"max_hp_loss":0,"event_name":"Mysterious Sphere","floor":47,"gold_loss":0},{"damage_healed":0,"gold_gain":0,"player_choice":"Grow","damage_taken":0,"max_hp_gain":0,"max_hp_loss":0,"event_name":"Living Wall","floor":54,"gold_loss":0,"cards_upgraded":["MarkedMod:PinPointDefense"]},{"damage_healed":0,"gold_gain":0,"player_choice":"Trade","damage_taken":0,"relics_obtained":["CultistMask"],"max_hp_gain":0,"max_hp_loss":0,"event_name":"FaceTrader","floor":55,"gold_loss":0}],"is_beta":false,"boss_relics":[{"not_picked":["Velvet Choker","Pandora\u0027s Box"],"picked":"Replay:Ancient Bell"},{"not_picked":["Pet Ghost","reliquary:Aerogel"],"picked":"ReplayTheSpireMod:TigerMarble"},{"not_picked":["infinitespire:ShieldingShard","StSpp:SailorCap"],"picked":"infinitespire:WardingShard"},{"not_picked":["CloakClasp","Old Coin"],"picked":"Calipers"},{"not_picked":["Tiny House","Fusion Hammer"],"picked":"potionbrewer:BhaskarasWheel"},{"not_picked":["infinitespire:Cupcake","VioletLotus"],"picked":"Cursed Key"}],"items_purged_floors":[22],"is_endless":true,"potions_floor_spawned":[6,13,18,20,21,27,33,40,46,47,48,53,65],"killed_by":"Fading Forest","ascension_level":0,"is_humility":true}}