{"host":"iphsb0ccnjx0pfn6","time":1612961147,"event":{"mods":["2.2 Compatiblity","AchievementEnabler","BaseMod","Colored Map","DeckTracker","Keyboard Shortcuts","Minty Spire (QoL Compilation)","Permanent Neow","Quick Restart","Relic Stats","StSLib","SuperFastMode","Uncapped","everything is the same but u backflip on backflip"],"gold_per_floor":[119,135,135,135,185,198,198,198,198],"floor_reached":8,"language":"KOR","playtime":124,"items_purged":[],"score":92,"play_id":"b4830e44-4065-4678-924d-576008b7f4f6","local_time":"20210210214547","is_ascension_mode":true,"campfire_choices":[{"data":"Apotheosis","floor":7,"key":"SMITH"}],"circlet_count":0,"master_deck":["AscendersBane","Strike_P","Strike_P","Strike_P","Defend_P","Defend_P","Defend_P","Defend_P","Eruption","Vigilance","Apotheosis+1","CrushJoints"],"relics":["PureWater","Golden Idol"],"acts_visited":["Exordium"],"potions_floor_usage":[],"damage_taken":[{"damage":0,"enemies":"2 Louse","floor":1,"turns":4},{"damage":6,"enemies":"Cultist","floor":2,"turns":4},{"damage":4,"enemies":"Small Slimes","floor":6,"turns":5},{"damage":51,"enemies":"Gremlin Nob","floor":8,"turns":4}],"seed_played":"7983019632538060911","potions_obtained":[],"is_trial":false,"path_per_floor":["M","M","?","?","?","M","R","E"],"character_chosen":"WATCHER","items_purchased":[],"campfire_rested":0,"item_purchase_floors":[],"current_hp_per_floor":[61,55,55,55,55,51,51,0,0],"gold":198,"neow_bonus":"RANDOM_COLORLESS_2","is_daily":false,"chose_seed":false,"campfire_upgraded":1,"win_rate":0.0,"timestamp":1612961147,"path_taken":["M","M","?","?","?","?","R","E"],"items_purchased_type":[],"build_version":"2020-12-22","purchased_purges":0,"victory":false,"max_hp_per_floor":[62,62,62,56,56,56,56,56,56],"relic_stats":{"counters":[4,17],"Golden Idol":3,"obtain_stats":[{"Golden Idol":4,"PureWater":0},{"Golden Idol":2,"PureWater":0},{"Golden Idol":8,"PureWater":0}]},"card_choices":[{"not_picked":["The Bomb","Thinking Ahead"],"picked":"Apotheosis","floor":0},{"not_picked":["ThirdEye","WindmillStrike"],"picked":"CrushJoints","floor":1},{"not_picked":["JustLucky","CutThroughFate","SignatureMove"],"picked":"SKIP","floor":2},{"not_picked":["Nirvana","Prostrate","CrushJoints"],"picked":"SKIP","floor":6}],"player_experience":1301877,"relics_obtained":[],"event_choices":[{"cards_removed":["Strike_P"],"damage_healed":0,"gold_gain":0,"player_choice":"Forget","damage_taken":0,"max_hp_gain":0,"max_hp_loss":0,"event_name":"Living Wall","floor":3,"gold_loss":0},{"damage_healed":0,"gold_gain":0,"player_choice":"Lose Max HP","damage_taken":0,"relics_obtained":["Golden Idol"],"max_hp_gain":0,"max_hp_loss":6,"event_name":"Golden Idol","floor":4,"gold_loss":0},{"damage_healed":0,"gold_gain":50,"player_choice":"Pray","damage_taken":0,"max_hp_gain":0,"max_hp_loss":0,"event_name":"Golden Shrine","floor":5,"gold_loss":0}],"is_beta":false,"boss_relics":[],"items_purged_floors":[],"is_endless":false,"potions_floor_spawned":[],"killed_by":"Gremlin Nob","ascension_level":20}}