{"host":"xi8yg1ddhptuxb9d","time":1612923661,"event":{"mods":["AchievementEnabler","BaseMod","Block Reminder","Minty Spire (QoL Compilation)","Relic Sorter","StSLib"],"gold_per_floor":[113,131,142,157,307,341,341,321,392,392,234,234,245,305,305,381,381,396,396,396,341,357,357,392,392,392,405,422,422,422],"floor_reached":29,"language":"ENG","playtime":1091,"items_purged":["Doubt"],"score":528,"play_id":"60ceddcc-9c6f-4442-afe7-3a404aa54d4a","local_time":"20210209212101","is_ascension_mode":true,"campfire_choices":[{"floor":7.0,"key":"REST"},{"data":"Noxious Fumes","floor":12.0,"key":"SMITH"},{"floor":15.0,"key":"REST"},{"data":"Neutralize","floor":23.0,"key":"SMITH"},{"data":"Caltrops","floor":25.0,"key":"SMITH"}],"circlet_count":0,"master_deck":["AscendersBane","Strike_G","Strike_G","Strike_G","Strike_G","Strike_G","Defend_G","Defend_G","Defend_G","Defend_G","Defend_G","Survivor","Neutralize+1","Poisoned Stab","Deadly Poison","Bouncing Flask","Sucker Punch","Dagger Throw","Noxious Fumes+1","Backstab","Corpse Explosion","Caltrops+1","Noxious Fumes+1","Backflip","Tools of the Trade","Catalyst"],"relics":["Ring of the Snake","Torii","InkBottle","Singing Bowl","Cursed Key","MutagenicStrength","Shuriken"],"acts_visited":["Exordium","TheCity"],"potions_floor_usage":[29,29],"damage_taken":[{"damage":0.0,"enemies":"2 Louse","floor":1.0,"turns":2.0},{"damage":1.0,"enemies":"Small Slimes","floor":2.0,"turns":4.0},{"damage":0.0,"enemies":"Cultist","floor":3.0,"turns":4.0},{"damage":9.0,"enemies":"Looter","floor":4.0,"turns":3.0},{"damage":34.0,"enemies":"Lagavulin","floor":6.0,"turns":7.0},{"damage":1.0,"enemies":"3 Sentries","floor":10.0,"turns":2.0},{"damage":7.0,"enemies":"3 Louse","floor":13.0,"turns":3.0},{"damage":20.0,"enemies":"3 Sentries","floor":14.0,"turns":7.0},{"damage":8.0,"enemies":"Hexaghost","floor":16.0,"turns":8.0},{"damage":0.0,"enemies":"3 Byrds","floor":18.0,"turns":2.0},{"damage":0.0,"enemies":"Spheric Guardian","floor":22.0,"turns":3.0},{"damage":21.0,"enemies":"Gremlin Leader","floor":24.0,"turns":5.0},{"damage":7,"enemies":"3 Cultists","floor":27,"turns":3},{"damage":26,"enemies":"Snake Plant","floor":28,"turns":4},{"damage":21,"enemies":"Book of Stabbing","floor":29,"turns":4}],"seed_played":"-501481878656046022","potions_obtained":[{"floor":1.0,"key":"SteroidPotion"},{"floor":2.0,"key":"SmokeBomb"},{"floor":8.0,"key":"EntropicBrew"},{"floor":16.0,"key":"Explosive Potion"},{"floor":24.0,"key":"Poison Potion"},{"floor":27,"key":"ColorlessPotion"}],"is_trial":false,"path_per_floor":["M","M","M","M","?","E","R","?","T","E","$","R","M","?","R","B",null,"M","?","?","$","M","R","E","R","T","M","M","E"],"character_chosen":"THE_SILENT","items_purchased":["Noxious Fumes","Backflip"],"campfire_rested":2,"item_purchase_floors":[11,21],"current_hp_per_floor":[65,64,64,55,55,21,42,42,42,41,41,41,34,16,38,30,63,63,63,63,63,65,65,44,44,44,39,13,0,0],"gold":422,"neow_bonus":"TEN_PERCENT_HP_BONUS","is_daily":false,"chose_seed":false,"campfire_upgraded":3,"win_rate":0.0,"timestamp":1612923661,"path_taken":["M","M","M","M","?","E","R","?","T","E","$","R","?","?","R","BOSS","M","?","?","$","?","R","E","R","T","M","M","E"],"items_purchased_type":["Card","Card"],"build_version":"2020-12-22","purchased_purges":1,"victory":false,"max_hp_per_floor":[72,72,72,72,72,72,72,72,72,72,72,72,72,74,74,74,74,74,74,74,74,76,76,76,76,76,78,78,78,78],"card_choices":[{"not_picked":["Setup","Choke"],"picked":"Poisoned Stab","floor":1.0},{"not_picked":["Dagger Throw","Sucker Punch"],"picked":"Deadly Poison","floor":2.0},{"not_picked":["Bane","Escape Plan"],"picked":"Bouncing Flask","floor":3.0},{"not_picked":["Accuracy","Expertise"],"picked":"Sucker Punch","floor":4.0},{"not_picked":["Grand Finale","Bouncing Flask"],"picked":"Dagger Throw","floor":6.0},{"not_picked":["Backflip","All Out Attack"],"picked":"Backstab","floor":13.0},{"not_picked":["Poisoned Stab","Dagger Throw","Noxious Fumes"],"picked":"Singing Bowl","floor":14.0},{"not_picked":["Adrenaline","Tools of the Trade"],"picked":"Corpse Explosion","floor":16.0},{"not_picked":["Blade Dance","Slice"],"picked":"Caltrops","floor":18.0},{"not_picked":["Bouncing Flask","Eviscerate","Flying Knee"],"picked":"Singing Bowl","floor":22.0},{"not_picked":["Blur","Heel Hook"],"picked":"Tools of the Trade","floor":24.0},{"not_picked":["Outmaneuver","Sucker Punch","Deflect"],"picked":"Singing Bowl","floor":27},{"not_picked":["Acrobatics","Eviscerate+1"],"picked":"Catalyst","floor":28}],"player_experience":708046,"relics_obtained":[{"floor":6.0,"key":"Torii"},{"floor":9.0,"key":"InkBottle"},{"floor":14.0,"key":"Singing Bowl"},{"floor":24.0,"key":"Shuriken"}],"event_choices":[{"damage_healed":0.0,"max_hp_gain":0.0,"max_hp_loss":0.0,"gold_gain":150.0,"event_name":"Liars Game","player_choice":"AGREE","floor":5.0,"gold_loss":0.0,"damage_taken":0.0,"cards_obtained":["Doubt"]},{"damage_healed":0.0,"max_hp_gain":0.0,"max_hp_loss":0.0,"gold_gain":0.0,"event_name":"The Woman in Blue","player_choice":"Bought 1 Potion","floor":8.0,"gold_loss":0.0,"damage_taken":0.0},{"damage_healed":0.0,"max_hp_gain":0.0,"max_hp_loss":0.0,"gold_gain":0.0,"event_name":"Dead Adventurer","player_choice":"Searched \u00271\u0027 times","floor":14.0,"gold_loss":0.0,"damage_taken":0.0},{"damage_healed":0.0,"max_hp_gain":0.0,"max_hp_loss":0.0,"gold_gain":0.0,"event_name":"Drug Dealer","player_choice":"Inject Mutagens","floor":19.0,"gold_loss":0.0,"damage_taken":0.0,"relics_obtained":["MutagenicStrength"]},{"damage_healed":0.0,"max_hp_gain":0.0,"max_hp_loss":0.0,"gold_gain":0.0,"event_name":"Duplicator","player_choice":"Copied","floor":20.0,"gold_loss":0.0,"damage_taken":0.0,"cards_obtained":["Noxious Fumes"]}],"is_beta":false,"boss_relics":[{"not_picked":["SacredBark","Runic Pyramid"],"picked":"Cursed Key"}],"items_purged_floors":[11],"is_endless":false,"potions_floor_spawned":[1,2,16,24,27],"killed_by":"Book of Stabbing","ascension_level":18}}