{"host":"rw1trt79hfpl7pom","time":1612954706,"event":{"mods":["BaseMod","Bestiary","Colored Map","Minty Spire (QoL Compilation)","Relic Stats","StSLib","SuperFastMode"],"gold_per_floor":[111,130,50,50,50,84,84,117,117,167,184,194,194,208,208,282,282,296,296,296,237,253,253,287,287,287,298,312,346,36,63,63,138,138,150,150,164,183,183,212,212,244,267,283,1,11,11,11,11],"floor_reached":48,"language":"ENG","playtime":2233,"items_purged":["Strike_P"],"score":1291,"play_id":"cc8acc5e-b86f-461a-bb8f-dbd84c77902a","local_time":"20210210025826","is_ascension_mode":true,"campfire_choices":[{"data":"CrushJoints","floor":7.0,"key":"SMITH"},{"data":"Wallop","floor":15.0,"key":"SMITH"},{"data":"WaveOfTheHand","floor":23.0,"key":"SMITH"},{"floor":25.0,"key":"REST"},{"data":"TalkToTheHand","floor":32.0,"key":"SMITH"},{"data":"LikeWater","floor":41.0,"key":"SMITH"}],"circlet_count":0,"master_deck":["AscendersBane","Strike_P+1","Defend_P","Defend_P","Defend_P","Eruption","Vigilance","Protect","Sanctity","ReachHeaven+1","CrushJoints+1","Protect","Wallop+1","MentalFortress","EmptyBody","WaveOfTheHand+1","TalkToTheHand+1","Brilliance","FlyingSleeves","FearNoEvil","Adaptation","CarveReality","Crescendo","LikeWater+1","Ragnarok","Evaluate+1","WheelKick","LikeWater","Wireheading","Protect+1","Indignation","Halt+1","Meditate","Wallop","MentalFortress","Tantrum"],"relics":["Busted Crown","Turnip","Peace Pipe","Prayer Wheel","Philosopher\u0027s Stone","Lantern","Omamori","Eternal Feather","Bottled Flame","Bottled Lightning","Pantograph","Runic Pyramid","Mercury Hourglass","Kunai"],"acts_visited":["Exordium","TheCity","TheBeyond"],"potions_floor_usage":[48],"damage_taken":[{"damage":2.0,"enemies":"Jaw Worm","floor":1.0,"turns":4.0},{"damage":0.0,"enemies":"2 Louse","floor":2.0,"turns":3.0},{"damage":0.0,"enemies":"Gremlin Nob","floor":6.0,"turns":2.0},{"damage":0.0,"enemies":"3 Sentries","floor":8.0,"turns":6.0},{"damage":0.0,"enemies":"Cultist","floor":11.0,"turns":3.0},{"damage":0.0,"enemies":"Looter","floor":12.0,"turns":2.0},{"damage":2.0,"enemies":"3 Louse","floor":14.0,"turns":4.0},{"damage":20.0,"enemies":"The Guardian","floor":16.0,"turns":13.0},{"damage":12.0,"enemies":"2 Thieves","floor":18.0,"turns":5.0},{"damage":3.0,"enemies":"Spheric Guardian","floor":22.0,"turns":4.0},{"damage":23.0,"enemies":"Slavers","floor":24.0,"turns":5.0},{"damage":6.0,"enemies":"Centurion and Healer","floor":27.0,"turns":6.0},{"damage":0.0,"enemies":"Sentry and Sphere","floor":28.0,"turns":4.0},{"damage":0.0,"enemies":"Gremlin Leader","floor":29.0,"turns":4.0},{"damage":24.0,"enemies":"Slavers","floor":31.0,"turns":6.0},{"damage":14.0,"enemies":"Collector","floor":33.0,"turns":14.0},{"damage":3.0,"enemies":"Orb Walker","floor":35.0,"turns":4.0},{"damage":4.0,"enemies":"3 Shapes","floor":37.0,"turns":4.0},{"damage":12.0,"enemies":"3 Darklings","floor":38.0,"turns":5.0},{"damage":23.0,"enemies":"Giant Head","floor":40.0,"turns":9.0},{"damage":15.0,"enemies":"Nemesis","floor":42.0,"turns":5.0},{"damage":36.0,"enemies":"Jaw Worm Horde","floor":44.0,"turns":5.0},{"damage":3.0,"enemies":"Writhing Mass","floor":46.0,"turns":6.0},{"damage":9,"enemies":"4 Shapes","floor":48,"turns":2}],"seed_played":"1123705599985770986","potions_obtained":[{"floor":1.0,"key":"Swift Potion"},{"floor":2.0,"key":"EntropicBrew"},{"floor":11.0,"key":"EssenceOfSteel"},{"floor":18.0,"key":"Energy Potion"},{"floor":22.0,"key":"Fire Potion"},{"floor":27.0,"key":"BottledMiracle"},{"floor":29.0,"key":"FearPotion"},{"floor":36.0,"key":"Fruit Juice"},{"floor":36.0,"key":"FearPotion"},{"floor":38.0,"key":"BlessingOfTheForge"},{"floor":42.0,"key":"PowerPotion"}],"is_trial":false,"path_per_floor":["M","M","$","?","?","E","R","E","T","?","M","M","?","M","R","B",null,"M","?","?","?","M","R","E","R","T","M","M","E","$","E","R","B",null,"M","?","M","M","?","E","R","E","T","M","$","M","$","M"],"character_chosen":"WATCHER","items_purchased":["ReachHeaven","Bottled Lightning","LikeWater","Meditate","Wallop","MentalFortress"],"campfire_rested":1,"item_purchase_floors":[3,30,30,45,45,45],"current_hp_per_floor":[59,59,59,52,32,32,32,32,32,32,32,32,37,35,35,15,59,47,47,47,47,44,44,21,42,42,36,36,36,36,12,27,38,64,61,66,62,50,66,43,61,46,46,10,10,7,7,0,0],"gold":11,"neow_bonus":"BOSS_RELIC","is_daily":false,"chose_seed":false,"campfire_upgraded":5,"win_rate":0.0,"timestamp":1612954706,"path_taken":["M","M","$","?","?","E","R","E","T","?","?","M","?","M","R","BOSS","M","?","?","?","M","R","E","R","T","M","?","E","$","E","R","BOSS","M","?","M","?","?","E","R","E","T","M","?","M","$","M"],"items_purchased_type":["Card","Relic","Card","Card","Card","Card"],"build_version":"2020-12-22","purchased_purges":1,"victory":false,"max_hp_per_floor":[68,68,68,68,68,68,68,68,68,68,68,68,73,73,73,73,73,73,73,73,73,73,73,73,73,73,73,73,73,73,73,73,73,73,73,78,78,78,78,78,78,78,78,78,78,78,78,78,78],"relic_stats":{"Peace Pipe":0,"Busted Crown":70,"counters":[24,125],"Pantograph":25,"Prayer Wheel":12,"Eternal Feather":33,"Turnip":[17],"Kunai":[5],"obtain_stats":[{"Lantern":21,"Eternal Feather":26,"Omamori":24,"Mercury Hourglass":40,"Peace Pipe":8,"Bottled Flame":29,"Busted Crown":0,"Pantograph":31,"Prayer Wheel":9,"Philosopher\u0027s Stone":17,"Turnip":6,"Bottled Lightning":30,"Kunai":42,"PureWater":0,"Runic Pyramid":34},{"Lantern":9,"Eternal Feather":11,"Omamori":11,"Mercury Hourglass":20,"Peace Pipe":4,"Bottled Flame":14,"Busted Crown":0,"Pantograph":15,"Prayer Wheel":4,"Philosopher\u0027s Stone":8,"Turnip":3,"Bottled Lightning":14,"Kunai":21,"PureWater":0,"Runic Pyramid":16},{"Lantern":42,"Eternal Feather":51,"Omamori":51,"Mercury Hourglass":107,"Peace Pipe":15,"Bottled Flame":65,"Busted Crown":0,"Pantograph":71,"Prayer Wheel":15,"Philosopher\u0027s Stone":37,"Turnip":9,"Bottled Lightning":65,"Kunai":112,"PureWater":0,"Runic Pyramid":85}],"Mercury Hourglass":[56]},"card_choices":[{"not_picked":[],"picked":"Protect","floor":1.0},{"not_picked":[],"picked":"Sanctity","floor":2.0},{"not_picked":[],"picked":"CrushJoints","floor":6.0},{"not_picked":[],"picked":"Protect","floor":8.0},{"not_picked":[],"picked":"Wallop","floor":11.0},{"not_picked":[],"picked":"MentalFortress","floor":11.0},{"not_picked":["PathToVictory"],"picked":"SKIP","floor":12.0},{"not_picked":["Nirvana"],"picked":"SKIP","floor":12.0},{"not_picked":[],"picked":"EmptyBody","floor":14.0},{"not_picked":["ForeignInfluence"],"picked":"SKIP","floor":14.0},{"not_picked":["EmptyBody"],"picked":"SKIP","floor":18.0},{"not_picked":["Weave"],"picked":"SKIP","floor":18.0},{"not_picked":[],"picked":"FlyingSleeves","floor":22.0},{"not_picked":["PathToVictory"],"picked":"SKIP","floor":22.0},{"not_picked":["PathToVictory+1"],"picked":"SKIP","floor":24.0},{"not_picked":[],"picked":"FearNoEvil","floor":27.0},{"not_picked":["Weave+1"],"picked":"SKIP","floor":27.0},{"not_picked":[],"picked":"Adaptation","floor":28.0},{"not_picked":[],"picked":"CarveReality","floor":28.0},{"not_picked":[],"picked":"Crescendo","floor":29.0},{"not_picked":["Consecrate"],"picked":"SKIP","floor":31.0},{"not_picked":[],"picked":"Ragnarok","floor":33.0},{"not_picked":[],"picked":"Evaluate+1","floor":35.0},{"not_picked":["PathToVictory"],"picked":"SKIP","floor":35.0},{"not_picked":[],"picked":"WheelKick","floor":37.0},{"not_picked":["Protect"],"picked":"SKIP","floor":37.0},{"not_picked":[],"picked":"LikeWater","floor":38.0},{"not_picked":[],"picked":"Wireheading","floor":38.0},{"not_picked":[],"picked":"Protect+1","floor":40.0},{"not_picked":["Conclude"],"picked":"SKIP","floor":42.0},{"not_picked":[],"picked":"Indignation","floor":44.0},{"not_picked":[],"picked":"Halt+1","floor":44.0},{"not_picked":[],"picked":"Tantrum","floor":46.0},{"not_picked":["FollowUp"],"picked":"SKIP","floor":46.0}],"player_experience":2680639,"relics_obtained":[{"floor":6.0,"key":"Turnip"},{"floor":8.0,"key":"Peace Pipe"},{"floor":9.0,"key":"Prayer Wheel"},{"floor":24.0,"key":"Omamori"},{"floor":26.0,"key":"Eternal Feather"},{"floor":29.0,"key":"Bottled Flame"},{"floor":31.0,"key":"Pantograph"},{"floor":40.0,"key":"Mercury Hourglass"},{"floor":42.0,"key":"Kunai"}],"event_choices":[{"cards_removed":["Defend_P"],"damage_healed":0.0,"max_hp_gain":0.0,"max_hp_loss":0.0,"gold_gain":0.0,"event_name":"Golden Wing","player_choice":"Card Removal","floor":4.0,"gold_loss":0.0,"damage_taken":7.0},{"damage_healed":0.0,"max_hp_gain":0.0,"max_hp_loss":0.0,"gold_gain":0.0,"event_name":"Shining Light","player_choice":"Entered Light","floor":5.0,"gold_loss":0.0,"damage_taken":20.0,"cards_upgraded":["Strike_P","ReachHeaven"]},{"damage_healed":0.0,"max_hp_gain":0.0,"max_hp_loss":0.0,"gold_gain":50.0,"event_name":"Golden Shrine","player_choice":"Pray","floor":10.0,"gold_loss":0.0,"damage_taken":0.0},{"damage_healed":0.0,"max_hp_gain":5.0,"max_hp_loss":0.0,"gold_gain":0.0,"event_name":"Big Fish","player_choice":"Donut","floor":13.0,"gold_loss":0.0,"damage_taken":0.0},{"damage_healed":0.0,"max_hp_gain":0.0,"max_hp_loss":0.0,"gold_gain":0.0,"event_name":"The Library","player_choice":"Read","floor":19.0,"gold_loss":0.0,"damage_taken":0.0,"cards_obtained":["WaveOfTheHand"]},{"damage_healed":0.0,"max_hp_gain":0.0,"max_hp_loss":0.0,"gold_gain":0.0,"cards_transformed":["Strike_P","Strike_P"],"event_name":"Drug Dealer","player_choice":"Became Test Subject","floor":20.0,"gold_loss":0.0,"damage_taken":0.0,"cards_obtained":["TalkToTheHand","Brilliance"]},{"damage_healed":0.0,"max_hp_gain":0.0,"max_hp_loss":0.0,"gold_gain":0.0,"event_name":"WeMeetAgain","player_choice":"Paid Gold","floor":21.0,"gold_loss":59.0,"damage_taken":0.0,"relics_obtained":["Lantern"]},{"damage_healed":0.0,"max_hp_gain":0.0,"max_hp_loss":0.0,"gold_gain":0.0,"event_name":"Lab","player_choice":"Got Potions","floor":36.0,"gold_loss":0.0,"damage_taken":0.0},{"damage_healed":16.0,"max_hp_gain":0.0,"max_hp_loss":0.0,"gold_gain":0.0,"event_name":"Winding Halls","player_choice":"Writhe","floor":39.0,"gold_loss":0.0,"damage_taken":0.0,"cards_obtained":["Writhe"]}],"is_beta":false,"boss_relics":[{"not_picked":["SacredBark","Runic Dome"],"picked":"Philosopher\u0027s Stone"},{"not_picked":["Fusion Hammer","Black Star"],"picked":"Runic Pyramid"}],"items_purged_floors":[45],"is_endless":false,"potions_floor_spawned":[1,2,11,18,22,27,29,37,38,42],"killed_by":"4 Shapes","ascension_level":20}}