{"host":"9l1knhxfturzliqa","time":1612923107,"event":{"mods":["AchievementEnabler","BaseMod","Colored Map","Colored Powertips","DeckTracker","Highlight Path","Keyboard Shortcuts","Minty Spire (QoL Compilation)","Random Character Button"],"gold_per_floor":[114,133,133,144,155,155,180,180,180,212,212,34,54,69,69,164,164,174,191,205,205,205,205,230,262,262,292,292,292,325,325,325],"floor_reached":31,"language":"KOR","playtime":5093,"items_purged":["Decay"],"score":517,"play_id":"c951a4ef-0414-4643-8c11-9bcffe972dab","local_time":"20210210111147","is_ascension_mode":true,"campfire_choices":[{"data":"Meteor Strike","floor":6.0,"key":"SMITH"},{"data":"Dualcast","floor":8.0,"key":"SMITH"},{"floor":15.0,"key":"REST"},{"data":"Double Energy","floor":23.0,"key":"SMITH"},{"floor":28.0,"key":"REST"}],"circlet_count":0,"master_deck":["AscendersBane","Strike_B","Strike_B","Defend_B","Defend_B","Zap","Dualcast+1","Conserve Battery","Beam Cell","Meteor Strike+1","Leap","Skim","Sweeping Beam","Turbo","Double Energy+1","Chill","Hyperbeam","Chaos+1","Beam Cell+1","Stack+1","Reinforced Body","Double Energy","Ghostly","Ghostly","Ghostly","Ghostly","Ghostly","Sunder","Reprogram"],"relics":["Nuclear Battery","Potion Belt","HornCleat","Torii","Astrolabe","Vajra","Centennial Puzzle","Matryoshka","Bottled Lightning","Eternal Feather"],"acts_visited":["Exordium","TheCity"],"potions_floor_usage":[],"damage_taken":[{"damage":3.0,"enemies":"Small Slimes","floor":1.0,"turns":3.0},{"damage":13.0,"enemies":"Jaw Worm","floor":2.0,"turns":5.0},{"damage":1.0,"enemies":"Cultist","floor":4.0,"turns":3.0},{"damage":12.0,"enemies":"Looter","floor":5.0,"turns":4.0},{"damage":0.0,"enemies":"3 Sentries","floor":7.0,"turns":4.0},{"damage":15.0,"enemies":"Lagavulin","floor":10.0,"turns":4.0},{"damage":1.0,"enemies":"Blue Slaver","floor":13.0,"turns":4.0},{"damage":1.0,"enemies":"Large Slime","floor":14.0,"turns":4.0},{"damage":27.0,"enemies":"The Guardian","floor":16.0,"turns":15.0},{"damage":6.0,"enemies":"2 Thieves","floor":18.0,"turns":3.0},{"damage":20.0,"enemies":"Shell Parasite","floor":19.0,"turns":6.0},{"damage":1.0,"enemies":"3 Cultists","floor":20.0,"turns":4.0},{"damage":23.0,"enemies":"Gremlin Leader","floor":25.0,"turns":10.0},{"damage":19.0,"enemies":"Slavers","floor":27.0,"turns":5.0},{"damage":9.0,"enemies":"Gremlin Leader","floor":30.0,"turns":10.0},{"damage":10,"enemies":"Centurion and Healer","floor":31,"turns":1}],"seed_played":"-6598330973356595642","potions_obtained":[{"floor":1.0,"key":"AttackPotion"},{"floor":5.0,"key":"SneckoOil"},{"floor":13.0,"key":"Energy Potion"},{"floor":18.0,"key":"LiquidBronze"},{"floor":25.0,"key":"Weak Potion"}],"is_trial":false,"path_per_floor":["M","M","?","M","M","R","E","R","T","E","?","$","M","M","R","B",null,"M","M","M","?","?","R","T","E","T","E","R","?","E","M"],"character_chosen":"DEFECT","items_purchased":["FairyPotion"],"campfire_rested":2,"item_purchase_floors":[12],"current_hp_per_floor":[65,52,52,51,39,39,39,39,39,24,24,24,23,22,44,17,61,55,35,34,34,30,30,30,7,7,1,13,13,4,0,0],"gold":325,"neow_bonus":"BOSS_RELIC","is_daily":false,"chose_seed":false,"campfire_upgraded":3,"win_rate":0.0,"timestamp":1612923107,"path_taken":["M","M","?","M","M","R","E","R","T","E","?","$","M","M","R","BOSS","M","?","M","?","?","R","?","E","T","E","R","?","E","M"],"items_purchased_type":["Potion"],"build_version":"2020-12-22","purchased_purges":1,"victory":false,"max_hp_per_floor":[75,75,75,75,75,75,75,75,75,75,75,75,75,75,75,75,75,75,75,75,37,42,42,42,42,42,42,42,42,42,42,42],"card_choices":[{"not_picked":["Steam Power","Sweeping Beam"],"picked":"Conserve Battery","floor":1.0},{"not_picked":["Reprogram","Steam Power"],"picked":"Beam Cell","floor":2.0},{"not_picked":["Redo","Steam"],"picked":"Leap","floor":4.0},{"not_picked":["Go for the Eyes","Gash"],"picked":"Skim","floor":5.0},{"not_picked":["Steam","Doom and Gloom"],"picked":"Sweeping Beam","floor":7.0},{"not_picked":["Capacitor","Stack"],"picked":"Turbo","floor":10.0},{"not_picked":["Streamline","Sweeping Beam"],"picked":"Double Energy","floor":13.0},{"not_picked":["Glacier","Beam Cell"],"picked":"Chill","floor":14.0},{"not_picked":["All For One","Core Surge"],"picked":"Hyperbeam","floor":16.0},{"not_picked":["Reprogram","Chill"],"picked":"Reinforced Body","floor":18.0},{"not_picked":["Sweeping Beam+1","Ball Lightning"],"picked":"Double Energy","floor":19.0},{"not_picked":["Storm+1","Cold Snap","Capacitor"],"picked":"SKIP","floor":20.0},{"not_picked":["Compile Driver","White Noise","Coolheaded"],"picked":"SKIP","floor":25.0},{"not_picked":["White Noise+1","Rebound"],"picked":"Sunder","floor":27.0},{"not_picked":["Ball Lightning","Turbo"],"picked":"Reprogram","floor":30}],"player_experience":648685,"relics_obtained":[{"floor":7.0,"key":"Potion Belt"},{"floor":9.0,"key":"HornCleat"},{"floor":10.0,"key":"Torii"},{"floor":24.0,"key":"Vajra"},{"floor":25.0,"key":"Centennial Puzzle"},{"floor":26.0,"key":"Matryoshka"},{"floor":27.0,"key":"Bottled Lightning"},{"floor":30,"key":"Eternal Feather"}],"event_choices":[{"damage_healed":0.0,"max_hp_gain":0.0,"max_hp_loss":0.0,"gold_gain":0.0,"cards_transformed":["Strike_B"],"event_name":"Living Wall","player_choice":"Change","floor":3.0,"gold_loss":0.0,"damage_taken":0.0,"cards_obtained":["Meteor Strike"]},{"damage_healed":0.0,"max_hp_gain":0.0,"max_hp_loss":0.0,"gold_gain":0.0,"event_name":"Wheel of Change","player_choice":"Cursed","floor":11.0,"gold_loss":0.0,"damage_taken":0.0,"cards_obtained":["Decay"]},{"damage_healed":0.0,"max_hp_gain":0.0,"max_hp_loss":38.0,"gold_gain":0.0,"event_name":"Ghosts","player_choice":"Became a Ghost","floor":21.0,"gold_loss":0.0,"damage_taken":0.0,"cards_obtained":["Ghostly","Ghostly","Ghostly","Ghostly","Ghostly"]},{"damage_healed":0.0,"max_hp_gain":5.0,"max_hp_loss":0.0,"gold_gain":0.0,"event_name":"Forgotten Altar","player_choice":"Shed Blood","floor":22.0,"gold_loss":0.0,"damage_taken":9.0},{"damage_healed":0.0,"max_hp_gain":0.0,"max_hp_loss":0.0,"gold_gain":0.0,"event_name":"Vampires","player_choice":"Ignored","floor":29.0,"gold_loss":0.0,"damage_taken":0.0}],"is_beta":false,"boss_relics":[{"not_picked":["Tiny House","Velvet Choker"],"picked":"Astrolabe"}],"items_purged_floors":[12],"is_endless":false,"potions_floor_spawned":[1,5,13,18,25],"killed_by":"Centurion and Healer","ascension_level":10}}