{"host":"50qwps766cbz6ukm","time":1612990004,"event":{"mods":["BaseMod","Colored Map","Colored Powertips","DeckTracker","Highlight Path","Minty Spire (QoL Compilation)","Quick Restart","Remove Card Discount Mod","StSLib","SuperFastMode","Synergy Search"],"gold_per_floor":[115,134,134,134,134,168,184,122,147,166,146,172,192,220,220,220,220],"floor_reached":16,"language":"ENG","playtime":286,"items_purged":["Defend_P","Defend_P","Strike_P","Strike_P","Strike_P","Defend_P","Defend_P","Protect"],"score":181,"play_id":"9befbc46-2995-4f32-bef7-a18e23b2108e","local_time":"20210210224644","is_ascension_mode":true,"campfire_choices":[{"data":"Eruption","floor":15,"key":"SMITH"}],"circlet_count":0,"master_deck":["Eruption+1","Vigilance","Evaluate","BowlingBash","Alpha","FollowUp","FollowUp","Consecrate"],"relics":["PureWater","NeowsBlessing","Frozen Egg 2","Dream Catcher","Art of War","CeramicFish"],"acts_visited":["Exordium"],"potions_floor_usage":[16],"damage_taken":[{"damage":0,"enemies":"Cultist","floor":1,"turns":1},{"damage":0,"enemies":"2 Louse","floor":2,"turns":2},{"damage":0,"enemies":"Gremlin Nob","floor":6,"turns":1},{"damage":18,"enemies":"Small Slimes","floor":7,"turns":3},{"damage":0,"enemies":"Blue Slaver","floor":10,"turns":3},{"damage":9,"enemies":"3 Louse","floor":12,"turns":2},{"damage":0,"enemies":"Red Slaver","floor":13,"turns":1},{"damage":12,"enemies":"Blue Slaver","floor":14,"turns":3},{"damage":17,"enemies":"The Guardian","floor":16,"turns":3}],"seed_played":"4997355949570108837","potions_obtained":[{"floor":1,"key":"FearPotion"},{"floor":6,"key":"AttackPotion"},{"floor":7,"key":"SneckoOil"},{"floor":11,"key":"BottledMiracle"},{"floor":14,"key":"AttackPotion"}],"is_trial":false,"path_per_floor":["M","M","T","?","?","E","M","$","T","M","?","M","M","M","R","B"],"character_chosen":"WATCHER","items_purchased":["FollowUp"],"campfire_rested":0,"item_purchase_floors":[8],"current_hp_per_floor":[65,65,65,58,55,55,37,37,37,37,37,28,28,16,16,0,0],"gold":220,"neow_bonus":"THREE_ENEMY_KILL","is_daily":false,"chose_seed":false,"campfire_upgraded":1,"win_rate":0.0,"timestamp":1612990004,"path_taken":["M","M","?","?","?","E","M","?","T","M","?","?","M","M","R","BOSS"],"items_purchased_type":["Card"],"build_version":"2020-12-22","purchased_purges":8,"victory":false,"max_hp_per_floor":[72,72,72,72,72,72,72,72,72,72,72,72,72,72,72,72,72],"card_choices":[{"not_picked":["InnerPeace","Wallop"],"picked":"Protect","floor":1},{"not_picked":["ClearTheMind","Vengeance"],"picked":"Evaluate","floor":2},{"not_picked":["EmptyBody","JustLucky"],"picked":"BowlingBash","floor":6},{"not_picked":["FlyingSleeves","Vengeance"],"picked":"Alpha","floor":7},{"not_picked":["CrushJoints","FearNoEvil","FlyingSleeves"],"picked":"SKIP","floor":10},{"not_picked":["Sanctity","Wireheading+1"],"picked":"FollowUp","floor":12},{"not_picked":["Study+1","Evaluate","Crescendo"],"picked":"SKIP","floor":13},{"not_picked":["CutThroughFate","ForeignInfluence"],"picked":"Consecrate","floor":14}],"player_experience":587017,"relics_obtained":[{"floor":3,"key":"Frozen Egg 2"},{"floor":6,"key":"Art of War"},{"floor":9,"key":"CeramicFish"}],"event_choices":[{"cards_removed":["Strike_P"],"damage_healed":0,"gold_gain":0,"player_choice":"Card Removal","damage_taken":7,"max_hp_gain":0,"max_hp_loss":0,"event_name":"Golden Wing","floor":4,"gold_loss":0},{"damage_healed":0,"gold_gain":0,"player_choice":"Success","damage_taken":3,"relics_obtained":["Dream Catcher"],"max_hp_gain":0,"max_hp_loss":0,"event_name":"Scrap Ooze","floor":5,"gold_loss":0},{"damage_healed":0,"gold_gain":0,"player_choice":"Bought 1 Potion","damage_taken":0,"max_hp_gain":0,"max_hp_loss":0,"event_name":"The Woman in Blue","floor":11,"gold_loss":0}],"is_beta":false,"boss_relics":[],"items_purged_floors":[8,8,8,8,8,8,8,8],"is_endless":false,"potions_floor_spawned":[1,6,7,14],"killed_by":"The Guardian","ascension_level":8}}