{"host":"ydh61a5ftgdajrbo","time":1612948303,"event":{"mods":["BaseMod","Colored Map","Colored Powertips","DeckTracker","Downfall","Hermit","Hubris","Infinite Spire","Minty Spire (QoL Compilation)","Prisma Mod","Relic Stats","Replay The Spire","Spire Arcade","StSLib","SuperFastMode","The Cursed","The Jungle","The Mystic","The Runesmith","The Servant 0.9.4","WarShipGirlsR/??¤Ö¤kR mod","Wide Potions"],"gold_per_floor":[118,118,135,148,160,160,186,186],"floor_reached":7,"language":"ZHS","playtime":215,"items_purged":[],"score":95,"play_id":"b70d7170-a6ac-491e-ad0c-a63e1b0a42fa","local_time":"20210210171143","is_ascension_mode":true,"campfire_choices":[{"data":"hubris:Counter","floor":6,"key":"SMITH"}],"circlet_count":0,"master_deck":["AscendersBane","Strike_G","Strike_G","Strike_G","Strike_G","Strike_G","Defend_G","Defend_G","Defend_G","Defend_G","Defend_G","Survivor","Neutralize","Slice","Flying Knee","Backflip","Glass Knife","hubris:Counter+1"],"relics":["Ring of the Snake","NeowsBlessing","hubris:Teleporter"],"acts_visited":["Exordium"],"potions_floor_usage":[],"damage_taken":[{"damage":0.0,"enemies":"Small Slimes","floor":1.0,"turns":1.0},{"damage":0.0,"enemies":"Cultist","floor":3.0,"turns":1.0},{"damage":0.0,"enemies":"2 Louse","floor":4.0,"turns":1.0},{"damage":4.0,"enemies":"Red Slaver","floor":5.0,"turns":3.0},{"damage":20,"enemies":"Lagavulin","floor":7,"turns":5}],"seed_played":"-4326030264898188883","potions_obtained":[{"floor":4.0,"key":"Regen Potion"}],"is_trial":false,"path_per_floor":["M","?","M","M","M","R","E"],"character_chosen":"THE_SILENT","items_purchased":[],"campfire_rested":0,"item_purchase_floors":[],"current_hp_per_floor":[59,59,59,59,55,55,35,35],"gold":186,"neow_bonus":"THREE_ENEMY_KILL","is_daily":false,"chose_seed":false,"campfire_upgraded":1,"win_rate":0.0,"timestamp":1612948303,"path_taken":["M","?","M","?","M","R","E"],"items_purchased_type":[],"build_version":"2020-12-22","purchased_purges":0,"victory":false,"max_hp_per_floor":[66,66,66,66,66,66,66,66],"relic_stats":{"counters":[5,11],"obtain_stats":[{"hubris:Teleporter":7,"NeowsBlessing":0,"Ring of the Snake":0},{"hubris:Teleporter":5,"NeowsBlessing":0,"Ring of the Snake":0},{"hubris:Teleporter":11,"NeowsBlessing":0,"Ring of the Snake":0}],"Ring of the Snake":[10]},"card_choices":[{"not_picked":["Skewer","Deflect"],"picked":"Slice","floor":1.0},{"not_picked":["Underhanded Strike","Dagger Spray"],"picked":"Backflip","floor":3.0},{"not_picked":["Terror","Dagger Spray"],"picked":"Glass Knife","floor":4.0},{"not_picked":["Acrobatics","Terror"],"picked":"hubris:Counter","floor":5}],"player_experience":384352,"relics_obtained":[{"floor":7,"key":"hubris:Teleporter"}],"event_choices":[{"damage_healed":0.0,"max_hp_gain":0.0,"max_hp_loss":0.0,"gold_gain":0.0,"event_name":"Match and Keep!","player_choice":"1 cards matched","floor":2.0,"gold_loss":0.0,"damage_taken":0.0,"cards_obtained":["Flying Knee"]}],"is_beta":false,"boss_relics":[],"items_purged_floors":[],"is_endless":false,"potions_floor_spawned":[4,7],"killed_by":"Lagavulin","ascension_level":16}}