{"host":"szp1d6dso4pv7ddl","time":1612931878,"event":{"mods":["AchievementEnabler","Alarm Clock","BaseMod","Bestiary","Block Reminder","Colored Map","Colored Powertips","Curses Come First","Dark Map","Displayed Cursed Tome","Highlight Path","Minty Spire (QoL Compilation)","Permanent Neow","Quick Restart","Relic Sorter","Relic Stats","StSLib","Synergy Search"],"gold_per_floor":[114,124,69,69,86,86,101,135,135,150,43,58,58,58],"floor_reached":13,"language":"ENG","playtime":561,"items_purged":[],"score":165,"play_id":"93f6684d-3171-4c33-a96e-11a29ec17547","local_time":"20210209203758","is_ascension_mode":true,"campfire_choices":[{"floor":6,"key":"REST"}],"circlet_count":0,"master_deck":["AscendersBane","Strike_G","Strike_G","Strike_G","Strike_G","Strike_G","Defend_G","Defend_G","Defend_G","Defend_G","Defend_G","Survivor","Neutralize","PiercingWail","Blade Dance","Normality","Heel Hook","Dagger Throw","Slice","Terror","Writhe","Slice","Flash of Steel","Bouncing Flask"],"relics":["Cursed Key","Bag of Marbles","White Beast Statue"],"acts_visited":["Exordium"],"potions_floor_usage":[8,12,13],"damage_taken":[{"damage":7,"enemies":"2 Louse","floor":1,"turns":3},{"damage":4,"enemies":"Cultist","floor":2,"turns":5},{"damage":6,"enemies":"Small Slimes","floor":5,"turns":4},{"damage":9,"enemies":"2 Fungi Beasts","floor":7,"turns":4},{"damage":30,"enemies":"Lagavulin","floor":8,"turns":6},{"damage":5,"enemies":"Red Slaver","floor":10,"turns":4},{"damage":3,"enemies":"Exordium Wildlife","floor":12,"turns":3},{"damage":15,"enemies":"3 Sentries","floor":13,"turns":2}],"seed_played":"7221406771647533580","potions_obtained":[{"floor":2,"key":"Swift Potion"},{"floor":5,"key":"CultistPotion"},{"floor":10,"key":"Poison Potion"},{"floor":12,"key":"GamblersBrew"}],"is_trial":false,"path_per_floor":["M","M","?","?","M","R","M","E","T","M","$","M","E"],"character_chosen":"THE_SILENT","items_purchased":["Flash of Steel"],"campfire_rested":1,"item_purchase_floors":[11],"current_hp_per_floor":[52,48,48,48,42,61,52,22,22,17,17,14,0,0],"gold":58,"neow_bonus":"BOSS_RELIC","is_daily":false,"chose_seed":false,"campfire_upgraded":0,"win_rate":0.0,"timestamp":1612931878,"path_taken":["M","M","?","?","M","R","?","E","T","M","$","M","E"],"items_purchased_type":["Card"],"build_version":"2020-12-22","purchased_purges":0,"victory":false,"max_hp_per_floor":[66,66,66,66,66,66,66,66,66,66,66,66,66,66],"relic_stats":{"counters":[8,31],"Cursed Key":1,"obtain_stats":[{"Bag of Marbles":8,"Cursed Key":0,"White Beast Statue":9,"Ring of the Snake":0},{"Bag of Marbles":5,"Cursed Key":0,"White Beast Statue":5,"Ring of the Snake":0},{"Bag of Marbles":22,"Cursed Key":0,"White Beast Statue":22,"Ring of the Snake":0}]},"card_choices":[{"not_picked":["Deflect","Outmaneuver"],"picked":"PiercingWail","floor":1},{"not_picked":["Expertise","Acrobatics"],"picked":"Blade Dance","floor":2},{"not_picked":["Cloak And Dagger","Deflect"],"picked":"Dagger Throw","floor":5},{"not_picked":["Dash","Backstab"],"picked":"Slice","floor":7},{"not_picked":["PiercingWail","All Out Attack"],"picked":"Terror","floor":8},{"not_picked":["Bane","Skewer"],"picked":"Slice","floor":10},{"not_picked":["Skewer","Bane"],"picked":"Bouncing Flask","floor":12}],"player_experience":1412663,"relics_obtained":[{"floor":8,"key":"Bag of Marbles"},{"floor":9,"key":"White Beast Statue"}],"event_choices":[{"damage_healed":0,"gold_gain":0,"player_choice":"Left Gold","damage_taken":0,"max_hp_gain":0,"max_hp_loss":0,"event_name":"World of Goop","floor":3,"gold_loss":55},{"damage_healed":0,"gold_gain":0,"player_choice":"2 cards matched","damage_taken":0,"max_hp_gain":0,"max_hp_loss":0,"event_name":"Match and Keep!","floor":4,"gold_loss":0,"cards_obtained":["Normality","Heel Hook"]}],"is_beta":false,"boss_relics":[],"items_purged_floors":[],"is_endless":false,"potions_floor_spawned":[2,5,7,10,12],"killed_by":"3 Sentries","ascension_level":18}}