{"host":"dvpvhz1t6etneyb3","time":1612999865,"event":{"mods":["AchievementEnabler","BaseMod","Colored Map","Highlight Path","Minty Spire (QoL Compilation)","Permanent Neow","Quick Restart"],"gold_per_floor":[117,136,151,151,8,38,48,48,48,82,101,101,119,136,136,209,209,222,235,246,60,60,60,87,87,111,111,111,111,111,140,140,217,217,237,237,237,257,14,44,58,58,83,112,128,128,158,158,158,158,158,158,158,26,57,57],"floor_reached":57,"language":"ENG","playtime":3002,"items_purged":["Strike_G"],"score":3001,"play_id":"41ed63a5-74e1-4504-943c-bd4dc7bfa7b3","local_time":"20210210183105","is_ascension_mode":true,"campfire_choices":[{"data":"Finisher","floor":8.0,"key":"SMITH"},{"floor":12.0,"key":"REST"},{"data":"Catalyst","floor":15.0,"key":"SMITH"},{"floor":23.0,"key":"REST"},{"floor":25.0,"key":"REST"},{"data":"Wraith Form v2","floor":27.0,"key":"SMITH"},{"floor":29.0,"key":"REST"},{"data":"Burst","floor":32.0,"key":"SMITH"},{"floor":42.0,"key":"RECALL"},{"data":"Wraith Form v2","floor":46.0,"key":"SMITH"},{"data":"Catalyst","floor":49.0,"key":"SMITH"},{"data":"Noxious Fumes","floor":53.0,"key":"SMITH"}],"circlet_count":0,"master_deck":["AscendersBane","Strike_G","Strike_G","Defend_G","Defend_G","Defend_G","Defend_G","Defend_G","Survivor","Neutralize","Blade Dance","Finisher+1","Dagger Spray","Poisoned Stab","Bouncing Flask","Catalyst+1","Cloak And Dagger","PiercingWail","Caltrops","Wraith Form v2+1","Deadly Poison+1","Pain","Burst+1","Wraith Form v2+1","Acrobatics+1","Enlightenment","Calculated Gamble+1","Catalyst+1","Tactician","Noxious Fumes+1","Deflect","Deflect","Wraith Form v2"],"relics":["SlaversCollar","Blue Candle","TungstenRod","Lizard Tail","StrikeDummy","Empty Cage","Kunai","Enchiridion","WarpedTongs","Sundial","Runic Pyramid","Medical Kit","Vajra","MealTicket","Bag of Preparation","White Beast Statue","Happy Flower"],"acts_visited":["TheCity","TheBeyond","TheEnding"],"potions_floor_usage":[56],"damage_taken":[{"damage":0.0,"enemies":"Small Slimes","floor":1.0,"turns":4.0},{"damage":0.0,"enemies":"Cultist","floor":2.0,"turns":4.0},{"damage":2.0,"enemies":"2 Louse","floor":3.0,"turns":5.0},{"damage":22.0,"enemies":"3 Sentries","floor":6.0,"turns":6.0},{"damage":10.0,"enemies":"Looter","floor":7.0,"turns":3.0},{"damage":1.0,"enemies":"Gremlin Nob","floor":10.0,"turns":3.0},{"damage":14.0,"enemies":"Exordium Thugs","floor":11.0,"turns":3.0},{"damage":0.0,"enemies":"Large Slime","floor":13.0,"turns":4.0},{"damage":3.0,"enemies":"Looter","floor":14.0,"turns":4.0},{"damage":2.0,"enemies":"The Guardian","floor":16.0,"turns":6.0},{"damage":4.0,"enemies":"Chosen","floor":18.0,"turns":4.0},{"damage":33.0,"enemies":"Shell Parasite","floor":19.0,"turns":6.0},{"damage":18.0,"enemies":"Cultist and Chosen","floor":20.0,"turns":7.0},{"damage":25.0,"enemies":"Book of Stabbing","floor":24.0,"turns":4.0},{"damage":0.0,"enemies":"Gremlin Leader","floor":31.0,"turns":7.0},{"damage":17.0,"enemies":"Champ","floor":33.0,"turns":13.0},{"damage":6.0,"enemies":"Orb Walker","floor":35.0,"turns":6.0},{"damage":4.0,"enemies":"3 Shapes","floor":38.0,"turns":5.0},{"damage":0.0,"enemies":"Nemesis","floor":40.0,"turns":6.0},{"damage":0.0,"enemies":"Sphere and 2 Shapes","floor":41.0,"turns":4.0},{"damage":0.0,"enemies":"Giant Head","floor":44.0,"turns":8.0},{"damage":0.0,"enemies":"Writhing Mass","floor":45.0,"turns":8.0},{"damage":0.0,"enemies":"Reptomancer","floor":47.0,"turns":4.0},{"damage":9.0,"enemies":"Time Eater","floor":50.0,"turns":6.0},{"damage":22.0,"enemies":"Donu and Deca","floor":51.0,"turns":9.0},{"damage":0.0,"enemies":"Shield and Spear","floor":55.0,"turns":8.0},{"damage":6,"enemies":"The Heart","floor":56,"turns":8}],"seed_played":"7958672714174228559","potions_obtained":[{"floor":2.0,"key":"GamblersBrew"},{"floor":7.0,"key":"Energy Potion"},{"floor":11.0,"key":"PowerPotion"},{"floor":13.0,"key":"CunningPotion"},{"floor":18.0,"key":"ColorlessPotion"},{"floor":24.0,"key":"DuplicationPotion"},{"floor":33.0,"key":"Swift Potion"},{"floor":40.0,"key":"Weak Potion"},{"floor":47.0,"key":"BlessingOfTheForge"}],"is_trial":false,"path_per_floor":["M","M","M","?","$","E","M","R","T","E","M","R","M","M","R","B",null,"M","M","M","$","?","R","E","R","T","R","?","R","?","E","R","B",null,"M","?","?","M","$","E","M","R","T","E","M","R","E","?","R","B","B",null,"R","$","E","B",null],"character_chosen":"THE_SILENT","items_purchased":["Block Potion","Poisoned Stab","Bouncing Flask","GhostInAJar","Catalyst","Medical Kit","DuplicationPotion","Deflect"],"campfire_rested":4,"item_purchase_floors":[5,5,5,21,39,39,54,54],"current_hp_per_floor":[59,59,57,57,57,35,25,25,25,24,10,29,29,26,26,24,56,52,19,1,1,14,33,8,27,27,27,10,29,29,29,29,12,53,47,47,47,43,43,43,43,43,43,43,43,43,43,66,66,57,35,58,58,66,66,60],"gold":57,"neow_bonus":"BOSS_RELIC","is_daily":false,"chose_seed":false,"campfire_upgraded":7,"win_rate":0.0,"timestamp":1612999865,"path_taken":["M","M","M","?","?","E","?","R","T","E","M","R","M","M","R","BOSS","M","M","M","$","?","R","E","R","T","R","?","R","?","E","R","BOSS","M","?","?","M","$","E","M","R","T","E","M","R","E","?","R","BOSS","BOSS","R","$","E","BOSS"],"items_purchased_type":["Potion","Card","Card","Potion","Card","Relic","Potion","Card"],"build_version":"2020-12-22","purchased_purges":1,"victory":true,"max_hp_per_floor":[66,66,66,66,66,66,66,66,66,66,66,66,66,66,66,66,66,66,66,66,66,66,66,66,66,66,66,66,66,66,66,66,66,66,66,66,66,66,66,66,66,66,66,66,66,66,66,66,66,66,66,66,66,66,66,66],"card_choices":[{"not_picked":["Dodge and Roll","Cloak And Dagger"],"picked":"Blade Dance","floor":1.0},{"not_picked":["Bane","Escape Plan"],"picked":"Finisher","floor":2.0},{"not_picked":["Blade Dance","Tactician"],"picked":"Dagger Spray","floor":3.0},{"not_picked":["Storm of Steel","Quick Slash","Deadly Poison"],"picked":"SKIP","floor":6.0},{"not_picked":["Bane","Deadly Poison","Sucker Punch"],"picked":"SKIP","floor":7.0},{"not_picked":["All Out Attack","Dash"],"picked":"Catalyst","floor":10.0},{"not_picked":["Reflex","Masterful Stab"],"picked":"Cloak And Dagger","floor":11.0},{"not_picked":["Cloak And Dagger","Acrobatics"],"picked":"PiercingWail","floor":13.0},{"not_picked":["Blade Dance","Poisoned Stab"],"picked":"Caltrops","floor":14.0},{"not_picked":["Phantasmal Killer","After Image"],"picked":"Wraith Form v2","floor":16.0},{"not_picked":["Dodge and Roll","Poisoned Stab","Setup"],"picked":"SKIP","floor":18.0},{"not_picked":["PiercingWail","Flying Knee","Prepared"],"picked":"SKIP","floor":19.0},{"not_picked":["Flying Knee","Distraction","Slice+1"],"picked":"SKIP","floor":20.0},{"not_picked":["Expertise","Slice"],"picked":"Deadly Poison+1","floor":24.0},{"not_picked":["Concentrate","Poisoned Stab"],"picked":"Burst","floor":31.0},{"not_picked":["Tools of the Trade","Corpse Explosion"],"picked":"Wraith Form v2","floor":33.0},{"not_picked":["Deflect","Terror"],"picked":"Acrobatics+1","floor":35.0},{"not_picked":["Dark Shackles","Master of Strategy"],"picked":"Enlightenment","floor":37.0},{"not_picked":["Outmaneuver","Deadly Poison"],"picked":"Calculated Gamble+1","floor":38.0},{"not_picked":["Underhanded Strike","Eviscerate"],"picked":"Tactician","floor":40.0},{"not_picked":["Endless Agony+1","All Out Attack","Calculated Gamble"],"picked":"SKIP","floor":41.0},{"not_picked":["Flechettes","Blade Dance+1"],"picked":"Noxious Fumes","floor":44.0},{"not_picked":["Acrobatics","Deadly Poison"],"picked":"Deflect","floor":45.0},{"not_picked":["Dagger Spray","Acrobatics","Flying Knee"],"picked":"SKIP","floor":47.0},{"not_picked":["Predator+1","Accuracy+1"],"picked":"Wraith Form v2","floor":55.0}],"player_experience":2183168,"relics_obtained":[{"floor":6.0,"key":"TungstenRod"},{"floor":9.0,"key":"Lizard Tail"},{"floor":10.0,"key":"StrikeDummy"},{"floor":24.0,"key":"Kunai"},{"floor":28.0,"key":"Enchiridion"},{"floor":31.0,"key":"Sundial"},{"floor":40.0,"key":"Vajra"},{"floor":43.0,"key":"MealTicket"},{"floor":44.0,"key":"Bag of Preparation"},{"floor":47.0,"key":"White Beast Statue"},{"floor":55.0,"key":"Happy Flower"}],"event_choices":[{"damage_healed":0.0,"max_hp_gain":0.0,"max_hp_loss":0.0,"gold_gain":0.0,"event_name":"WeMeetAgain","player_choice":"Gave Potion","floor":4.0,"gold_loss":0.0,"damage_taken":0.0,"relics_obtained":["Blue Candle"]},{"damage_healed":13.0,"max_hp_gain":0.0,"max_hp_loss":0.0,"gold_gain":0.0,"event_name":"The Library","player_choice":"Heal","floor":22.0,"gold_loss":0.0,"damage_taken":0.0},{"damage_healed":0.0,"max_hp_gain":0.0,"max_hp_loss":0.0,"gold_gain":0.0,"event_name":"Cursed Tome","player_choice":"Obtained Book","floor":28.0,"gold_loss":0.0,"damage_taken":21.0},{"damage_healed":0.0,"max_hp_gain":0.0,"max_hp_loss":0.0,"gold_gain":0.0,"event_name":"Accursed Blacksmith","player_choice":"Rummage","floor":30.0,"gold_loss":0.0,"damage_taken":0.0,"relics_obtained":["WarpedTongs"],"cards_obtained":["Pain"]},{"damage_healed":0.0,"max_hp_gain":0.0,"max_hp_loss":0.0,"gold_gain":0.0,"event_name":"Tomb of Lord Red Mask","player_choice":"Ignored","floor":36.0,"gold_loss":0.0,"damage_taken":0.0},{"damage_healed":0.0,"max_hp_gain":0.0,"max_hp_loss":0.0,"gold_gain":0.0,"event_name":"SensoryStone","player_choice":"Memory 1","floor":37.0,"gold_loss":0.0,"damage_taken":0.0},{"damage_healed":23.0,"max_hp_gain":0.0,"max_hp_loss":0.0,"gold_gain":0.0,"event_name":"Wheel of Change","player_choice":"Full Heal","floor":48.0,"gold_loss":0.0,"damage_taken":0.0}],"is_beta":false,"boss_relics":[{"not_picked":["HoveringKite","Tiny House"],"picked":"Empty Cage"},{"not_picked":["WristBlade","Coffee Dripper"],"picked":"Runic Pyramid"}],"items_purged_floors":[21],"is_endless":false,"potions_floor_spawned":[2,7,11,13,16,18,24,33,40,41,47,55],"ascension_level":20}}