{"host":"jk128xwopof5cegv","time":1612974807,"event":{"mods":["AchievementEnabler","BaseMod","BetterRewards","Downfall","Gold Saver","Hermit","Minty Spire (QoL Compilation)","Quick Restart","StSLib","The Blackbeard","The Disciple","Wandering Minibosses"],"gold_per_floor":[396,416,433,453,465,449,449,449,449,475,39,39,39,57,71,169,169,69,82,44,44,144,171,217,102,114,114,14,45,45,18,28,28,28,28],"floor_reached":33,"language":"ENG","playtime":2865,"items_purged":["bronze:Strike","bronze:Strike"],"score":314,"play_id":"0880ff43-a53b-42d3-ba1d-ec945a73bcfb","local_time":"20210210173327","is_ascension_mode":false,"campfire_choices":[{"data":"bronze:Replicate","floor":1,"key":"SMITH"},{"data":"1","floor":9,"key":"LIFT"},{"data":"2","floor":13,"key":"LIFT"},{"data":"3","floor":18,"key":"LIFT"},{"floor":28,"key":"RECALL"}],"circlet_count":0,"master_deck":["bronze:Strike","bronze:Defend","bronze:Defend","bronze:Defend","bronze:Replicate+1","bronze:Goto","bronze:Branch","bronze:ItsAFeature","bronze:DelayedGuard","bronze:ChildClass","bronze:DelayedSlice","bronze:Flail","bronze:ClassDefault","bronze:CloningBeam","bronze:Frontload","bronze:HardenedForm","bronze:Iterate","bronze:BronzeOrb","bronze:DigitalCarnage","Slimebound:CheckThePlaybook","downfall:Icky"],"relics":["Girya","Torii","Empty Cage","downfall:HeartBlessingGreen","Lizard Tail","Pear","Bird Faced Urn","downfall:HeartBlessingBlue","Shovel","Dead Branch"],"acts_visited":["Exordium","TheCity"],"potions_floor_usage":[16,16,20,20,29,31,33],"damage_taken":[{"damage":4,"enemies":"2 Louse","floor":2,"turns":3},{"damage":0,"enemies":"Cultist","floor":3,"turns":3},{"damage":2,"enemies":"Small Slimes","floor":4,"turns":4},{"damage":0,"enemies":"Exordium Wildlife","floor":5,"turns":4},{"damage":6,"enemies":"3 Louse","floor":6,"turns":6},{"damage":11,"enemies":"3 Sentries","floor":10,"turns":8},{"damage":0,"enemies":"downfall:FleeingMerchant","floor":11,"turns":4},{"damage":0,"enemies":"Exordium Wildlife","floor":14,"turns":4},{"damage":0,"enemies":"Large Slime","floor":15,"turns":3},{"damage":16,"enemies":"WA_ARCHETYPE_RETAIN","floor":16,"turns":8},{"damage":0,"enemies":"Chosen","floor":19,"turns":4},{"damage":11,"enemies":"Shell Parasite","floor":20,"turns":5},{"damage":6,"enemies":"Colosseum Nobs","floor":22,"turns":3},{"damage":36,"enemies":"Slavers","floor":23,"turns":5},{"damage":1,"enemies":"downfall:FleeingMerchant","floor":25,"turns":4},{"damage":8,"enemies":"Snake Plant","floor":26,"turns":5},{"damage":39,"enemies":"Book of Stabbing","floor":29,"turns":6},{"damage":1,"enemies":"Shelled Parasite and Fungi","floor":31,"turns":5},{"damage":7,"enemies":"3 Cultists","floor":32,"turns":4},{"damage":59,"enemies":"DF_ARCHETYPE_CLAW","floor":33,"turns":7}],"seed_played":"-4246435255071613147","potions_obtained":[{"floor":4,"key":"Weak Potion"},{"floor":8,"key":"CultistPotion"},{"floor":8,"key":"PowerPotion"},{"floor":16,"key":"DistilledChaos"},{"floor":26,"key":"bronze:BurnAndBuffPotion"},{"floor":29,"key":"DistilledChaos"},{"floor":32,"key":"DuplicationPotion"}],"is_trial":false,"path_per_floor":["R","M","M","M","M","M","T","?","R","E","$","T","R","M","M","B",null,"R","M","M","?","?","E","T","$","M","?","R","E","?","M","M","B"],"character_chosen":"THE_AUTOMATON","items_purchased":["Anchor","bronze:ClassDefault","bronze:CloningBeam","bronze:Frontload"],"campfire_rested":0,"item_purchase_floors":[11,11,11,11],"current_hp_per_floor":[77,73,73,71,71,65,65,65,65,54,54,54,54,54,54,38,77,77,77,66,66,70,34,34,37,31,31,41,2,2,3,47,0,0,0],"gold":28,"neow_bonus":"TEN_PERCENT_HP_BONUS","is_daily":false,"chose_seed":false,"campfire_upgraded":1,"win_rate":0.0,"timestamp":1612974807,"path_taken":["R","M","M","M","M","M","T","?","R","E","$","?","R","?","M","BOSS","R","M","M","?","?","E","T","?","M","?","R","E","?","?","M","BOSS"],"items_purchased_type":["Relic","Card","Card","Card"],"build_version":"2020-12-22","purchased_purges":2,"victory":false,"max_hp_per_floor":[77,77,77,77,77,77,77,77,77,77,77,77,77,77,77,77,77,77,77,77,77,87,87,87,87,87,87,97,97,97,97,97,97,97,97],"card_choices":[{"not_picked":["bronze:Turbo","bronze:OilSpill"],"picked":"bronze:Branch","floor":2},{"not_picked":["bronze:Deprecate","bronze:Overheat"],"picked":"bronze:ItsAFeature","floor":3},{"not_picked":["bronze:Return","bronze:WildBeam"],"picked":"bronze:DelayedGuard","floor":4},{"not_picked":["bronze:MaxOutput","bronze:Branch","bronze:Invalidate"],"picked":"SKIP","floor":5},{"not_picked":["bronze:Optimize","bronze:Safeguard"],"picked":"bronze:ChildClass","floor":6},{"not_picked":["bronze:Virus","bronze:ForLoop"],"picked":"bronze:DelayedSlice","floor":10},{"not_picked":["bronze:Turbo","bronze:Overheat"],"picked":"bronze:Flail","floor":11},{"not_picked":["bronze:OilSpill","bronze:ForceShield","bronze:Invalidate"],"picked":"SKIP","floor":14},{"not_picked":["bronze:Backtrace","bronze:DarkDash","bronze:Turbo"],"picked":"SKIP","floor":15},{"not_picked":["bronze:ShipIt","bronze:Mutator"],"picked":"bronze:HardenedForm","floor":16},{"not_picked":["bronze:Overheat","bronze:Allocate","bronze:CutThrough"],"picked":"SKIP","floor":19},{"not_picked":["bronze:FollowUp","bronze:Branch","bronze:BronzeArmor"],"picked":"SKIP","floor":20},{"not_picked":["bronze:DelayedGuard+1","bronze:Deprecate+1"],"picked":"bronze:Iterate","floor":22},{"not_picked":["bronze:Invalidate","bronze:Break"],"picked":"bronze:BronzeOrb","floor":23},{"not_picked":["bronze:Fortify","bronze:Repulsor"],"picked":"bronze:DigitalCarnage","floor":25},{"not_picked":["bronze:BuggyMess","bronze:Invalidate","bronze:Branch"],"picked":"SKIP","floor":26},{"not_picked":["bronze:Virus","bronze:DelayedSlice","bronze:Deprecate"],"picked":"SKIP","floor":29},{"not_picked":["bronze:Philosophize","bronze:Frontload","bronze:BronzeArmor"],"picked":"SKIP","floor":31},{"not_picked":["bronze:CloningBeam","bronze:Shield","bronze:BugBarrage"],"picked":"SKIP","floor":32}],"player_experience":359871,"relics_obtained":[{"floor":7,"key":"Girya"},{"floor":10,"key":"InkBottle"},{"floor":12,"key":"Torii"},{"floor":22,"key":"Lizard Tail"},{"floor":22,"key":"Pear"},{"floor":23,"key":"Bird Faced Urn"},{"floor":29,"key":"Shovel"}],"event_choices":[{"damage_healed":0,"gold_gain":0,"player_choice":"Got Potions","damage_taken":0,"max_hp_gain":0,"max_hp_loss":0,"event_name":"Lab","floor":8,"gold_loss":0},{"damage_healed":0,"gold_gain":0,"player_choice":"Ignored","damage_taken":0,"max_hp_gain":0,"max_hp_loss":0,"event_name":"Vampires","floor":21,"gold_loss":0}],"is_beta":false,"boss_relics":[{"not_picked":["Runic Pyramid","Astrolabe"],"picked":"Empty Cage"}],"items_purged_floors":[11,25],"is_endless":false,"potions_floor_spawned":[4,10,14,15,16,26,29,32],"killed_by":"DF_ARCHETYPE_CLAW","ascension_level":0}}