{"host":"nlbr7nnijupf3yfg","time":1612992686,"event":{"mods":["AchievementEnabler","BaseMod","Colored Powertips","DeckTracker","Hubris","Minty Spire (QoL Compilation)","Replay The Spire","StSLib","SuperFastMode"],"gold_per_floor":[112,112,130,146,146,171,186,217,243,243,144,162,172,183,183,285,285,298,298,308,358,18,18,32,32,32,32,48,61,61,80,80,178,178,197,0,18,18,29,29,55,55,55,55,79,94,114,64,64,64],"floor_reached":51,"language":"ENG","playtime":958,"items_purged":["Pain","Strike_R"],"score":972,"play_id":"c249fc2c-07f3-4411-8f86-a5b5071060b9","local_time":"20210210163126","is_ascension_mode":true,"campfire_choices":[{"floor":15,"key":"REST"},{"floor":23,"key":"REST"},{"floor":27,"key":"REST"},{"data":"Whirlwind","floor":30,"key":"SMITH"},{"data":"Carnage","floor":32,"key":"SMITH"},{"floor":40,"key":"REST"},{"floor":42,"key":"REST"},{"data":"Bludgeon","floor":44,"key":"SMITH"},{"data":"Flame Barrier","floor":49,"key":"SMITH"}],"circlet_count":0,"master_deck":["Strike_R","Strike_R","Strike_R","Strike_R","Defend_R","Defend_R","Defend_R","Defend_R","Bash","Cleave+1","Heavy Blade","Pommel Strike","Twin Strike","Carnage+1","Spot Weakness","Shrug It Off","Clothesline","Shockwave","Anger","Hemogenesis","CurseOfTheBell","ReplayTheSpireMod:Muscle Training+1","Sword Boomerang+1","Metallicize+1","Whirlwind+1","Twin Strike+1","Whirlwind+1","Replay:Undeath\u0027s Touch+1","Bludgeon+1","True Grit+1","Spot Weakness","Metallicize+1","Flame Barrier+1","Flame Barrier+1","Heavy Blade+1"],"relics":["Burning Blood","NeowsBlessing","Bottled Flame","ReplayTheSpireMod:Spearhead","Toy Ornithopter","WarpedTongs","Calling Bell","Anchor","HornCleat","Replay:Towering Pillar of Hats","Ornamental Fan","hubris:EmptyBottle","Ancient Tea Set","hubris:PeanutButter","hubris:MysteriousPyramids","Replay:Bronze Core","Red Mask","Smiling Mask","Mercury Hourglass","hubris:TenFootPole"],"acts_visited":["Exordium","TheCity","TheBeyond"],"potions_floor_usage":[4,6,13,16,22,33,33,33,50,50,50,50,50,50],"damage_taken":[{"damage":0,"enemies":"2 Louse","floor":1,"turns":1},{"damage":0,"enemies":"Cultist","floor":3,"turns":1},{"damage":0,"enemies":"Jaw Worm","floor":4,"turns":1},{"damage":30,"enemies":"3 Sentries","floor":6,"turns":6},{"damage":19,"enemies":"Exordium Thugs","floor":7,"turns":5},{"damage":8,"enemies":"Gremlin Nob","floor":8,"turns":3},{"damage":31,"enemies":"Exordium Wildlife","floor":12,"turns":4},{"damage":5,"enemies":"Lots of Slimes","floor":13,"turns":2},{"damage":0,"enemies":"Exordium Thugs","floor":14,"turns":3},{"damage":35,"enemies":"Hexaghost","floor":16,"turns":7},{"damage":15,"enemies":"3 Byrds","floor":18,"turns":6},{"damage":16,"enemies":"2 Thieves","floor":20,"turns":4},{"damage":27,"enemies":"Snake Plant","floor":24,"turns":5},{"damage":0,"enemies":"Snecko","floor":28,"turns":3},{"damage":22,"enemies":"Centurion and Healer","floor":29,"turns":6},{"damage":0,"enemies":"Chosen and Byrds","floor":31,"turns":4},{"damage":67,"enemies":"Collector","floor":33,"turns":10},{"damage":0,"enemies":"Orb Walker","floor":35,"turns":3},{"damage":16,"enemies":"3 Shapes","floor":37,"turns":3},{"damage":16,"enemies":"Transient","floor":39,"turns":5},{"damage":32,"enemies":"Reptomancer","floor":41,"turns":5},{"damage":0,"enemies":"3 Darklings","floor":46,"turns":4},{"damage":7,"enemies":"Spire Growth","floor":47,"turns":4},{"damage":60,"enemies":"Donu and Deca","floor":50,"turns":8}],"seed_played":"-8480050239732731630","potions_obtained":[{"floor":3,"key":"Explosive Potion"},{"floor":4,"key":"Fruit Juice"},{"floor":8,"key":"Toxic Potion"},{"floor":12,"key":"AttackPotion"},{"floor":20,"key":"HeartOfIron"},{"floor":28,"key":"Strength Potion"},{"floor":33,"key":"Milkshake"},{"floor":35,"key":"Weak Potion"}],"is_trial":false,"path_per_floor":["M","?","M","M","$","E","M","E","T","?","$","M","M","M","R","B",null,"M","?","M","?","$","R","M","T","T","R","M","M","R","M","R","B",null,"M","?","M","?","M","R","E","R","T","R","T","M","M","$","R","B",null],"character_chosen":"IRONCLAD","items_purchased":["Shrug It Off","hubris:EmptyBottle","Ancient Tea Set","BloodPotion"],"campfire_rested":5,"item_purchase_floors":[11,22,22,22],"current_hp_per_floor":[78,78,80,85,85,61,48,46,46,46,46,21,27,33,58,34,72,63,63,53,19,41,66,50,50,50,75,81,65,65,78,78,49,76,82,82,72,72,62,85,59,84,84,84,84,85,84,84,84,41],"gold":64,"neow_bonus":"THREE_ENEMY_KILL","is_daily":false,"chose_seed":false,"campfire_upgraded":4,"win_rate":0.0,"timestamp":1612992686,"path_taken":["M","?","?","M","$","E","M","E","T","?","?","?","M","M","R","BOSS","M","?","M","?","$","R","M","?","T","R","?","M","R","?","R","BOSS","M","?","M","?","?","R","E","R","T","R","?","M","M","$","R","BOSS"],"items_purchased_type":["Card","Relic","Relic","Potion"],"build_version":"2020-12-22","purchased_purges":2,"victory":true,"max_hp_per_floor":[80,80,80,85,85,85,85,85,85,85,85,85,85,85,85,85,85,85,85,85,85,85,85,85,85,85,85,85,85,85,85,85,85,85,85,85,85,85,85,85,85,85,85,85,85,85,85,85,85,85],"card_choices":[{"not_picked":["Anger","Sentinel"],"picked":"Cleave","floor":1},{"not_picked":["True Grit","Clash"],"picked":"Heavy Blade","floor":3},{"not_picked":["Iron Wave","Feel No Pain"],"picked":"Pommel Strike","floor":4},{"not_picked":["Flame Barrier","Ghostly Armor"],"picked":"Twin Strike","floor":6},{"not_picked":["Seeing Red","Clash"],"picked":"Carnage","floor":7},{"not_picked":["Inflame","Fire Breathing"],"picked":"Spot Weakness","floor":8},{"not_picked":["Iron Wave","Dual Wield"],"picked":"Clothesline","floor":12},{"not_picked":["ReplayReversal","Life Link"],"picked":"Shockwave","floor":13},{"not_picked":["Combust","Armaments"],"picked":"Anger","floor":14},{"not_picked":["hubris:StunningStrike","Juggernaut"],"picked":"Hemogenesis","floor":16},{"not_picked":["True Grit","Carnage"],"picked":"ReplayTheSpireMod:Muscle Training+1","floor":18},{"not_picked":["Shrug It Off","Headbutt"],"picked":"Sword Boomerang+1","floor":20},{"not_picked":["Spot Weakness","Wild Strike+1"],"picked":"Metallicize+1","floor":21},{"not_picked":["True Grit","hubris:ReadiedAction+1"],"picked":"Whirlwind","floor":24},{"not_picked":["Havoc","Flex"],"picked":"Twin Strike+1","floor":28},{"not_picked":["Power Through","Warcry+1"],"picked":"Whirlwind+1","floor":29},{"not_picked":["Heavy Blade","Replay:Many Hands"],"picked":"Replay:Undeath\u0027s Touch+1","floor":31},{"not_picked":["Replay:Many Hands","Impervious"],"picked":"Bludgeon","floor":33},{"not_picked":["Clothesline","Armaments"],"picked":"True Grit+1","floor":35},{"not_picked":["Iron Wave","Battle Trance+1"],"picked":"Spot Weakness","floor":37},{"not_picked":["Massacre+1","Power Through+1"],"picked":"Metallicize+1","floor":39},{"not_picked":["Twin Strike","Thunderclap+1"],"picked":"Flame Barrier+1","floor":41},{"not_picked":["Thunderclap","Pommel Strike+1"],"picked":"Flame Barrier","floor":46},{"not_picked":["hubris:SharpeningStone","Headbutt"],"picked":"Heavy Blade+1","floor":47}],"player_experience":48631,"relics_obtained":[{"floor":6,"key":"Bottled Flame"},{"floor":8,"key":"ReplayTheSpireMod:Spearhead"},{"floor":9,"key":"Toy Ornithopter"},{"floor":17,"key":"Anchor"},{"floor":17,"key":"HornCleat"},{"floor":17,"key":"Replay:Towering Pillar of Hats"},{"floor":21,"key":"Ornamental Fan"},{"floor":25,"key":"hubris:PeanutButter"},{"floor":26,"key":"hubris:MysteriousPyramids"},{"floor":41,"key":"Smiling Mask"},{"floor":43,"key":"Mercury Hourglass"},{"floor":45,"key":"hubris:TenFootPole"}],"event_choices":[{"damage_healed":0,"gold_gain":0,"player_choice":"Upgraded","damage_taken":0,"max_hp_gain":0,"max_hp_loss":0,"event_name":"Upgrade Shrine","floor":2,"gold_loss":0,"cards_upgraded":["Cleave"]},{"damage_healed":0,"gold_gain":0,"player_choice":"Rummage","damage_taken":0,"relics_obtained":["WarpedTongs"],"max_hp_gain":0,"max_hp_loss":0,"event_name":"Accursed Blacksmith","floor":10,"gold_loss":0,"cards_obtained":["Pain"]},{"damage_healed":0,"gold_gain":0,"player_choice":"Ignored","damage_taken":0,"max_hp_gain":0,"max_hp_loss":0,"event_name":"Ghosts","floor":19,"gold_loss":0},{"damage_healed":0,"gold_gain":0,"player_choice":"Paid","damage_taken":0,"relics_obtained":["Red Mask"],"max_hp_gain":0,"max_hp_loss":0,"event_name":"Tomb of Lord Red Mask","floor":36,"gold_loss":197},{"damage_healed":0,"gold_gain":0,"player_choice":"0 cards matched","damage_taken":0,"max_hp_gain":0,"max_hp_loss":0,"event_name":"Match and Keep!","floor":38,"gold_loss":0,"cards_obtained":[]}],"is_beta":false,"boss_relics":[{"not_picked":["Replay:Wanted Poster","Empty Cage"],"picked":"Calling Bell"},{"not_picked":["Sozu","hubris:GrandSneckoEye"],"picked":"Replay:Bronze Core"}],"items_purged_floors":[11,48],"is_endless":false,"potions_floor_spawned":[3,4,8,12,20,28,29,33,35,37,47],"ascension_level":8}}