{"host":"mo4d2vii2wc3uyp7","time":1612928290,"event":{"mods":["AchievementEnabler","BaseMod","Colored Map","Highlight Path","Keyboard Shortcuts","Minty Spire (QoL Compilation)","Permanent Neow","Quick Restart","Shop Mod","StSLib","SuperFastMode","everything is the same but u backflip on backflip"],"gold_per_floor":[119,137,137,151,170,198,198,210,210,210,224,224,256,274,274,274,274],"floor_reached":16,"language":"KOR","playtime":625,"items_purged":[],"score":171,"play_id":"c8f24e93-c02f-498b-a209-440017fe410e","local_time":"20210210123810","is_ascension_mode":true,"campfire_choices":[{"data":"Footwork","floor":7.0,"key":"SMITH"},{"data":"Backflip","floor":10.0,"key":"SMITH"},{"data":"Neutralize","floor":12.0,"key":"SMITH"},{"floor":15,"key":"REST"}],"circlet_count":0,"master_deck":["AscendersBane","Strike_G","Strike_G","Strike_G","Strike_G","Strike_G","Defend_G","Defend_G","Defend_G","Defend_G","Defend_G","Survivor","Neutralize+1","Backflip+1","PiercingWail","Footwork+1","Poisoned Stab","Dagger Throw","Deflect"],"relics":["Ring of the Snake","NeowsBlessing","Bronze Scales","Eternal Feather","Nunchaku"],"acts_visited":["Exordium"],"potions_floor_usage":[13,16,16,16,16],"damage_taken":[{"damage":0.0,"enemies":"Small Slimes","floor":1.0,"turns":1.0},{"damage":0.0,"enemies":"Cultist","floor":2.0,"turns":1.0},{"damage":0.0,"enemies":"Jaw Worm","floor":4.0,"turns":1.0},{"damage":5.0,"enemies":"2 Fungi Beasts","floor":5.0,"turns":6.0},{"damage":27.0,"enemies":"3 Sentries","floor":6.0,"turns":17.0},{"damage":11.0,"enemies":"Gremlin Gang","floor":8.0,"turns":6.0},{"damage":4.0,"enemies":"3 Louse","floor":11.0,"turns":4.0},{"damage":20,"enemies":"Gremlin Nob","floor":13,"turns":5},{"damage":0,"enemies":"Looter","floor":14,"turns":3},{"damage":47,"enemies":"Slime Boss","floor":16,"turns":9}],"seed_played":"-656676493124166664","potions_obtained":[{"floor":3.0,"key":"ColorlessPotion"},{"floor":3.0,"key":"SmokeBomb"},{"floor":3.0,"key":"DistilledChaos"},{"floor":4.0,"key":"Dexterity Potion"},{"floor":5.0,"key":"EntropicBrew"}],"is_trial":false,"path_per_floor":["M","M","?","M","M","E","R","M","T","R","M","R","E","M","R","B"],"character_chosen":"THE_SILENT","items_purchased":[],"campfire_rested":1,"item_purchase_floors":[],"current_hp_per_floor":[63,63,63,63,58,31,31,20,20,29,25,34,14,14,44,0,0],"gold":274,"neow_bonus":"THREE_ENEMY_KILL","is_daily":false,"chose_seed":false,"campfire_upgraded":3,"win_rate":0.0,"timestamp":1612928290,"path_taken":["M","M","?","?","M","E","R","M","T","R","M","R","E","M","R","BOSS"],"items_purchased_type":[],"build_version":"2020-12-22","purchased_purges":0,"victory":false,"max_hp_per_floor":[70,70,70,70,70,70,70,70,70,70,70,70,70,70,70,70,70],"card_choices":[{"not_picked":["Poisoned Stab","Acrobatics"],"picked":"Backflip","floor":1.0},{"not_picked":["Setup","Caltrops"],"picked":"PiercingWail","floor":2.0},{"not_picked":["Blade Dance","Riddle With Holes","Infinite Blades"],"picked":"SKIP","floor":4.0},{"not_picked":["Outmaneuver","Backflip"],"picked":"Footwork","floor":5.0},{"not_picked":["Predator","Flying Knee","Backflip"],"picked":"SKIP","floor":6.0},{"not_picked":["Underhanded Strike","Riddle With Holes"],"picked":"Poisoned Stab","floor":8.0},{"not_picked":["Flying Knee","Distraction","Poisoned Stab"],"picked":"SKIP","floor":11.0},{"not_picked":["Distraction","Poisoned Stab"],"picked":"Dagger Throw","floor":13},{"not_picked":["PiercingWail","Malaise"],"picked":"Deflect","floor":14}],"player_experience":608255,"relics_obtained":[{"floor":6.0,"key":"Bronze Scales"},{"floor":9.0,"key":"Eternal Feather"},{"floor":13,"key":"Nunchaku"}],"event_choices":[{"damage_healed":0.0,"max_hp_gain":0.0,"max_hp_loss":0.0,"gold_gain":0.0,"event_name":"Lab","player_choice":"Got Potions","floor":3.0,"gold_loss":0.0,"damage_taken":0.0}],"is_beta":false,"boss_relics":[],"items_purged_floors":[],"is_endless":false,"potions_floor_spawned":[4,5,6,8],"killed_by":"Slime Boss","ascension_level":10}}