{"host":"n9ppbm26tsy3ls9n","time":1612957035,"event":{"mods":["AchievementEnabler","BaseMod","Colored Map","Colored Powertips","Curses Come First","Highlight Path","Minty Spire (QoL Compilation)","Quick Restart","Rare Cards Sparkle","Relic Stats","StSLib"],"gold_per_floor":[144,319,319,394,50,140,140,230,230,275,320,365,33,78,78,378,378,423,423,423,468,513,513,603,648,698,237,237,282,327,372,372,672,672,717,717,762,762,158,248,248,293,318,363,408,408,453,498,498,498],"floor_reached":51,"language":"ENG","playtime":3702,"items_purged":[],"score":788,"play_id":"e621bd84-3d0f-4e5b-acf9-05bd46e7ff7b","local_time":"20210210123715","daily_mods":["SealedDeck","Purple Cards","Midas"],"is_ascension_mode":false,"campfire_choices":[{"floor":7,"key":"REST"},{"floor":15,"key":"REST"},{"floor":23,"key":"REST"},{"floor":28,"key":"REST"},{"floor":32,"key":"REST"},{"floor":41,"key":"REST"},{"floor":46,"key":"REST"},{"floor":49,"key":"REST"}],"circlet_count":0,"master_deck":["BattleHymn","Evaluate+1","Blade Dance+1","Backflip+1","Infinite Blades+1","Protect","Prepared+1","Backflip+1","Cloak And Dagger+1","FearNoEvil+1","FollowUp+1","Bandage Up+1","Poisoned Stab","LikeWater+1","Wireheading","LessonLearned+1","Noxious Fumes+1","Cloak And Dagger+1","Endless Agony+1","Poisoned Stab","Noxious Fumes+1","Weave+1","Adrenaline","After Image","Corpse Explosion+1","Blind","Footwork+1","Slice","Accuracy","Noxious Fumes","Flying Knee"],"relics":["Ring of the Snake","Singing Bowl","Snake Skull","Vajra","Centennial Puzzle","Sundial","WristBlade","Red Mask","Enchiridion","PreservedInsect","MawBank","Mummified Hand","Orichalcum","Runic Pyramid","Pen Nib","Potion Belt","Toolbox","Bottled Flame","Bag of Preparation"],"acts_visited":["TheCity","TheBeyond"],"potions_floor_usage":[16,16,18,19,22,24,33,42,50,50,50,50,50],"damage_taken":[{"damage":0,"enemies":"Jaw Worm","floor":1,"turns":4},{"damage":24,"enemies":"Gremlin Nob","floor":6,"turns":4},{"damage":7,"enemies":"Lagavulin","floor":8,"turns":5},{"damage":2,"enemies":"Small Slimes","floor":10,"turns":3},{"damage":0,"enemies":"Cultist","floor":11,"turns":2},{"damage":6,"enemies":"2 Fungi Beasts","floor":12,"turns":4},{"damage":0,"enemies":"Large Slime","floor":14,"turns":4},{"damage":0,"enemies":"Slime Boss","floor":16,"turns":4},{"damage":16,"enemies":"3 Byrds","floor":18,"turns":6},{"damage":18,"enemies":"Masked Bandits","floor":19,"turns":5},{"damage":14,"enemies":"2 Thieves","floor":21,"turns":4},{"damage":12,"enemies":"Snake Plant","floor":22,"turns":5},{"damage":17,"enemies":"Slavers","floor":24,"turns":5},{"damage":0,"enemies":"Chosen and Byrds","floor":25,"turns":5},{"damage":0,"enemies":"Shelled Parasite and Fungi","floor":29,"turns":4},{"damage":1,"enemies":"Centurion and Healer","floor":30,"turns":3},{"damage":0,"enemies":"3 Cultists","floor":31,"turns":3},{"damage":12,"enemies":"Collector","floor":33,"turns":5},{"damage":5,"enemies":"3 Shapes","floor":35,"turns":3},{"damage":5,"enemies":"Orb Walker","floor":37,"turns":2},{"damage":21,"enemies":"Nemesis","floor":40,"turns":5},{"damage":4,"enemies":"Maw","floor":42,"turns":5},{"damage":0,"enemies":"Sphere and 2 Shapes","floor":44,"turns":4},{"damage":8,"enemies":"4 Shapes","floor":45,"turns":3},{"damage":6,"enemies":"Spire Growth","floor":47,"turns":2},{"damage":10,"enemies":"Writhing Mass","floor":48,"turns":3},{"damage":101,"enemies":"Awakened One","floor":50,"turns":10}],"seed_played":"-5810517303651203205","potions_obtained":[{"floor":1,"key":"PowerPotion"},{"floor":10,"key":"Strength Potion"},{"floor":14,"key":"Energy Potion"},{"floor":16,"key":"Fire Potion"},{"floor":19,"key":"FearPotion"},{"floor":21,"key":"GamblersBrew"},{"floor":25,"key":"Dexterity Potion"},{"floor":29,"key":"SpeedPotion"},{"floor":31,"key":"SteroidPotion"},{"floor":35,"key":"Swift Potion"},{"floor":42,"key":"AttackPotion"},{"floor":44,"key":"Regen Potion"},{"floor":45,"key":"Swift Potion"}],"is_trial":false,"path_per_floor":["M","?","?","?","$","E","R","E","T","M","M","M","$","M","R","B",null,"M","?","?","M","M","R","E","M","T","$","R","M","M","M","R","B",null,"M","?","M","?","$","E","R","M","T","M","M","R","M","M","R","B",null],"character_chosen":"THE_SILENT","items_purchased":["Singing Bowl","Bandage Up","Sundial","Wireheading","Mummified Hand","Weave","Orichalcum","Pen Nib","Potion Belt","Toolbox","Corpse Explosion","Blind"],"campfire_rested":8,"item_purchase_floors":[5,5,13,13,27,27,27,39,39,39,39,39],"current_hp_per_floor":[70,70,63,56,56,36,57,56,56,60,64,64,64,70,78,78,78,68,54,38,28,22,46,35,41,41,41,65,71,78,84,84,78,84,81,81,84,84,84,69,88,88,88,88,86,88,88,86,90,10],"gold":498,"neow_bonus":"","is_daily":true,"chose_seed":false,"campfire_upgraded":0,"win_rate":0.0,"timestamp":1612957035,"path_taken":["M","?","?","?","$","E","R","E","T","?","M","M","$","M","R","BOSS","M","?","?","M","M","R","E","M","T","$","R","M","M","M","R","BOSS","M","?","?","?","$","E","R","M","T","?","M","R","M","?","R","BOSS"],"items_purchased_type":["Relic","Card","Relic","Card","Relic","Card","Relic","Relic","Relic","Relic","Card","Card"],"build_version":"2020-12-22","purchased_purges":0,"victory":true,"max_hp_per_floor":[70,70,70,70,70,70,70,72,72,74,74,76,76,78,78,78,78,80,80,80,80,80,80,80,80,80,80,80,80,82,84,84,84,84,86,86,88,88,88,88,88,88,88,88,88,88,88,90,90,90],"relic_stats":{"Singing Bowl":20,"counters":[27,112],"Snake Skull":[90],"PreservedInsect":47,"Pen Nib":[13],"Bag of Preparation":[5],"Orichalcum":[54],"MawBank":12,"Centennial Puzzle":[52],"Sundial":[14],"Mummified Hand":[102],"obtain_stats":[{"Potion Belt":39,"Singing Bowl":5,"Vajra":8,"Enchiridion":20,"Snake Skull":6,"PreservedInsect":24,"Pen Nib":39,"Bag of Preparation":43,"Orichalcum":27,"MawBank":26,"Centennial Puzzle":9,"Bottled Flame":40,"WristBlade":17,"Sundial":13,"Mummified Hand":27,"Toolbox":39,"Red Mask":19,"Ring of the Snake":0,"Runic Pyramid":34},{"Potion Belt":20,"Singing Bowl":1,"Vajra":3,"Enchiridion":10,"Snake Skull":2,"PreservedInsect":13,"Pen Nib":20,"Bag of Preparation":22,"Orichalcum":14,"MawBank":14,"Centennial Puzzle":3,"Bottled Flame":21,"WristBlade":8,"Sundial":6,"Mummified Hand":14,"Toolbox":20,"Red Mask":10,"Ring of the Snake":0,"Runic Pyramid":18},{"Potion Belt":80,"Singing Bowl":4,"Vajra":13,"Enchiridion":41,"Snake Skull":8,"PreservedInsect":55,"Pen Nib":80,"Bag of Preparation":90,"Orichalcum":60,"MawBank":60,"Centennial Puzzle":13,"Bottled Flame":85,"WristBlade":30,"Sundial":22,"Mummified Hand":60,"Toolbox":80,"Red Mask":41,"Ring of the Snake":0,"Runic Pyramid":75}],"Ring of the Snake":[55]},"card_choices":[{"not_picked":["EmptyBody","Dagger Throw"],"picked":"FollowUp","floor":1},{"not_picked":["Deflect","Alpha"],"picked":"Poisoned Stab","floor":6},{"not_picked":["CarveReality","Pray","Evaluate"],"picked":"Singing Bowl","floor":8},{"not_picked":["FlyingSleeves","Wallop","Dagger Throw"],"picked":"Singing Bowl","floor":10},{"not_picked":["EmptyBody","Underhanded Strike"],"picked":"LikeWater","floor":11},{"not_picked":["Protect","Acrobatics","Riddle With Holes"],"picked":"Singing Bowl","floor":12},{"not_picked":["Outmaneuver","ClearTheMind","Unload"],"picked":"Singing Bowl","floor":14},{"not_picked":["Omniscience","Night Terror"],"picked":"LessonLearned","floor":16},{"not_picked":["EmptyMind","WindmillStrike","FlyingSleeves"],"picked":"Singing Bowl","floor":18},{"not_picked":["Reflex","FlurryOfBlows"],"picked":"Noxious Fumes+1","floor":19},{"not_picked":["SandsOfTime+1","BowlingBash"],"picked":"Cloak And Dagger+1","floor":21},{"not_picked":["PiercingWail","Blade Dance"],"picked":"Endless Agony+1","floor":22},{"not_picked":["Prostrate","Deadly Poison"],"picked":"Poisoned Stab","floor":24},{"not_picked":["Bane","Deflect+1"],"picked":"Noxious Fumes+1","floor":25},{"not_picked":["FollowUp","Dagger Spray"],"picked":"Adrenaline","floor":29},{"not_picked":["Riddle With Holes","Concentrate","MentalFortress+1"],"picked":"Singing Bowl","floor":30},{"not_picked":["Dodge and Roll","Underhanded Strike","Deadly Poison"],"picked":"Singing Bowl","floor":31},{"not_picked":["Doppelganger","Burst"],"picked":"After Image","floor":33},{"not_picked":["FlyingSleeves","Protect+1","EmptyBody"],"picked":"Singing Bowl","floor":35},{"not_picked":["Sucker Punch","Leg Sweep+1","SignatureMove"],"picked":"Singing Bowl","floor":37},{"not_picked":["Prostrate+1","WheelKick"],"picked":"Footwork+1","floor":40},{"not_picked":["CrushJoints","Halt"],"picked":"Slice","floor":42},{"not_picked":["SpiritShield","BowlingBash"],"picked":"Accuracy","floor":44},{"not_picked":["PathToVictory+1","Consecrate"],"picked":"Noxious Fumes","floor":45},{"not_picked":["BowlingBash","EmptyBody+1"],"picked":"Flying Knee","floor":47},{"not_picked":["Cloak And Dagger+1","Eviscerate","Corpse Explosion"],"picked":"Singing Bowl","floor":48}],"player_experience":761388,"relics_obtained":[{"floor":6,"key":"Snake Skull"},{"floor":8,"key":"Vajra"},{"floor":9,"key":"Centennial Puzzle"},{"floor":19,"key":"Red Mask"},{"floor":20,"key":"Enchiridion"},{"floor":24,"key":"PreservedInsect"},{"floor":26,"key":"MawBank"},{"floor":40,"key":"Bottled Flame"},{"floor":43,"key":"Bag of Preparation"}],"event_choices":[{"damage_healed":0,"gold_gain":175,"player_choice":"AGREE","damage_taken":0,"max_hp_gain":0,"max_hp_loss":0,"event_name":"Liars Game","floor":2,"gold_loss":0,"cards_obtained":["Doubt"]},{"cards_removed":["Doubt"],"damage_healed":0,"gold_gain":0,"player_choice":"Card Removal","damage_taken":7,"max_hp_gain":0,"max_hp_loss":0,"event_name":"Golden Wing","floor":3,"gold_loss":0},{"damage_healed":0,"gold_gain":75,"player_choice":"Touch","damage_taken":7,"max_hp_gain":0,"max_hp_loss":0,"event_name":"FaceTrader","floor":4,"gold_loss":0},{"damage_healed":0,"gold_gain":0,"player_choice":"Fought Bandits","damage_taken":0,"max_hp_gain":0,"max_hp_loss":0,"event_name":"Masked Bandits","floor":19,"gold_loss":0},{"damage_healed":0,"gold_gain":0,"player_choice":"Obtained Book","damage_taken":16,"max_hp_gain":0,"max_hp_loss":0,"event_name":"Cursed Tome","floor":20,"gold_loss":0},{"damage_healed":0,"gold_gain":0,"player_choice":"Ignored","damage_taken":0,"max_hp_gain":0,"max_hp_loss":0,"event_name":"SecretPortal","floor":36,"gold_loss":0},{"damage_healed":0,"gold_gain":0,"player_choice":"Bought 0 Potions","damage_taken":0,"max_hp_gain":0,"max_hp_loss":0,"event_name":"The Woman in Blue","floor":38,"gold_loss":0}],"is_beta":false,"boss_relics":[{"not_picked":["Ring of the Serpent","Philosopher\u0027s Stone"],"picked":"WristBlade"},{"not_picked":["Runic Dome","Snecko Eye"],"picked":"Runic Pyramid"}],"items_purged_floors":[],"is_endless":false,"potions_floor_spawned":[1,10,14,16,19,21,25,29,31,35,42,44,45],"ascension_level":0}}