{"host":"mnpd8gh7cwxsn5kh","time":1612972929,"event":{"mods":["BaseMod","Bestiary","Block Reminder","Colored Map","Colored Powertips","Highlight Path","Minty Spire (QoL Compilation)","Relic Sorter","Relic Stats"],"gold_per_floor":[217,231,231,247,11,43,43,68,93,93,124,143,157,187,187,259,259,269,281,281,25,38,38,38,67,93,93,109,109,109,69,69,148,148,163,217,14,339,32,32,57,57,57,57,0,0,17,17,17,17],"floor_reached":51,"language":"ENG","playtime":3287,"items_purged":[],"score":1217,"play_id":"5c4f51e3-cf7f-4fe1-8382-f9718c42a67d","local_time":"20210210170209","is_ascension_mode":true,"campfire_choices":[{"data":"Glass Knife","floor":7,"key":"SMITH"},{"data":"Infinite Blades","floor":10,"key":"SMITH"},{"data":"Phantasmal Killer","floor":15,"key":"SMITH"},{"data":"Blade Dance","floor":24,"key":"SMITH"},{"data":"Backflip","floor":27,"key":"SMITH"},{"data":"Cloak And Dagger","floor":32,"key":"SMITH"},{"data":"Wraith Form v2","floor":40,"key":"SMITH"},{"data":"Strike_G","floor":42,"key":"PURGE"},{"data":"Strike_G","floor":44,"key":"PURGE"},{"data":"Blade Dance","floor":49,"key":"SMITH"}],"circlet_count":0,"master_deck":["AscendersBane","Strike_G","Defend_G","Defend_G","Defend_G","Defend_G","Defend_G","Survivor","Neutralize","Dagger Spray","Backflip+1","Slice","Glass Knife+1","Phantasmal Killer+1","Infinite Blades+1","Poisoned Stab","Blade Dance+1","Backflip","Skewer","After Image+1","Cloak And Dagger+1","PiercingWail","After Image+1","Backstab","Blade Dance+1","Cloak And Dagger+1","Infinite Blades","Wraith Form v2+1","PiercingWail","Blade Dance+1","Adrenaline","Adrenaline","Flash of Steel"],"relics":["Ring of the Snake","PreservedInsect","Bag of Marbles","Lantern","Pen Nib","Blood Vial","Odd Mushroom","WristBlade","DollysMirror","Paper Crane","Bronze Scales","Kunai","Cursed Key","Peace Pipe","Old Coin","FossilizedHelix","Torii","Red Mask"],"acts_visited":["Exordium","TheCity","TheBeyond"],"potions_floor_usage":[8,11,16,19],"damage_taken":[{"damage":0,"enemies":"Jaw Worm","floor":1,"turns":6},{"damage":0,"enemies":"Small Slimes","floor":2,"turns":3},{"damage":2,"enemies":"Cultist","floor":4,"turns":5},{"damage":17,"enemies":"3 Sentries","floor":6,"turns":6},{"damage":5,"enemies":"Lagavulin","floor":8,"turns":3},{"damage":0,"enemies":"Gremlin Nob","floor":11,"turns":2},{"damage":0,"enemies":"3 Louse","floor":12,"turns":2},{"damage":0,"enemies":"Exordium Wildlife","floor":13,"turns":1},{"damage":0,"enemies":"The Mushroom Lair","floor":14,"turns":2},{"damage":45,"enemies":"The Guardian","floor":16,"turns":12},{"damage":0,"enemies":"Spheric Guardian","floor":18,"turns":2},{"damage":0,"enemies":"2 Thieves","floor":19,"turns":1},{"damage":7,"enemies":"Snecko","floor":22,"turns":5},{"damage":15,"enemies":"Gremlin Leader","floor":25,"turns":3},{"damage":0,"enemies":"Sentry and Sphere","floor":28,"turns":3},{"damage":4,"enemies":"Champ","floor":33,"turns":9},{"damage":0,"enemies":"Orb Walker","floor":35,"turns":2},{"damage":16,"enemies":"2 Orb Walkers","floor":36,"turns":5},{"damage":0,"enemies":"Mind Bloom Boss Battle","floor":38,"turns":4},{"damage":0,"enemies":"Nemesis","floor":41,"turns":5},{"damage":0,"enemies":"3 Darklings","floor":47,"turns":2},{"damage":14,"enemies":"Awakened One","floor":50,"turns":11}],"seed_played":"5949362946152792276","potions_obtained":[{"floor":2,"key":"Fire Potion"},{"floor":4,"key":"Strength Potion"},{"floor":14,"key":"SpeedPotion"},{"floor":16,"key":"BlessingOfTheForge"},{"floor":18,"key":"Ancient Potion"},{"floor":28,"key":"Poison Potion"},{"floor":47,"key":"Ancient Potion"}],"is_trial":false,"path_per_floor":["M","M","?","M","$","E","R","E","T","R","E","M","M","?","R","B",null,"M","M","?","$","M","?","R","E","T","R","M","T","?","$","R","B",null,"M","?","$","?","$","R","E","R","T","R","?","?","M","?","R","B",null],"character_chosen":"THE_SILENT","items_purchased":["Glass Knife","PreservedInsect","DollysMirror","FairyPotion","Infinite Blades","Blade Dance","Adrenaline","FossilizedHelix"],"campfire_rested":0,"item_purchase_floors":[5,5,21,21,31,37,37,39],"current_hp_per_floor":[63,63,63,61,61,44,44,39,39,39,39,41,43,45,45,2,53,55,57,57,57,52,70,70,55,55,55,57,57,44,44,44,42,67,69,55,55,57,57,57,59,59,59,59,59,59,61,61,61,49],"gold":17,"neow_bonus":"HUNDRED_GOLD","is_daily":false,"chose_seed":false,"campfire_upgraded":8,"win_rate":0.0,"timestamp":1612972929,"path_taken":["M","M","?","M","$","E","R","E","T","R","E","M","M","?","R","BOSS","M","M","?","?","M","?","R","E","T","R","?","?","?","?","R","BOSS","M","?","$","?","$","R","E","R","T","R","?","?","M","?","R","BOSS"],"items_purchased_type":["Card","Relic","Relic","Potion","Card","Card","Card","Relic"],"build_version":"2020-12-22","purchased_purges":0,"victory":true,"max_hp_per_floor":[70,70,70,70,70,70,70,70,70,70,70,70,70,70,70,70,70,70,70,70,70,70,70,70,70,70,70,70,70,75,75,75,75,75,75,75,75,75,75,75,75,75,75,75,75,75,75,75,75,75],"relic_stats":{"Blood Vial":30,"Peace Pipe":2,"Torii":0,"counters":[22,94],"Bronze Scales":[118],"PreservedInsect":185,"Pen Nib":[28],"Kunai":[52],"Cursed Key":0,"obtain_stats":[{"Lantern":8,"Torii":41,"PreservedInsect":5,"Pen Nib":9,"Odd Mushroom":14,"Paper Crane":25,"Cursed Key":34,"Old Coin":38,"Blood Vial":11,"Peace Pipe":36,"WristBlade":17,"DollysMirror":21,"Bronze Scales":26,"Bag of Marbles":6,"Red Mask":45,"Kunai":29,"FossilizedHelix":39,"Ring of the Snake":0},{"Lantern":5,"Torii":20,"PreservedInsect":3,"Pen Nib":5,"Odd Mushroom":9,"Paper Crane":14,"Cursed Key":16,"Old Coin":19,"Blood Vial":6,"Peace Pipe":18,"WristBlade":10,"DollysMirror":12,"Bronze Scales":14,"Bag of Marbles":4,"Red Mask":20,"Kunai":15,"FossilizedHelix":19,"Ring of the Snake":0},{"Lantern":23,"Torii":81,"PreservedInsect":14,"Pen Nib":23,"Odd Mushroom":30,"Paper Crane":53,"Cursed Key":65,"Old Coin":76,"Blood Vial":25,"Peace Pipe":72,"WristBlade":42,"DollysMirror":45,"Bronze Scales":53,"Bag of Marbles":20,"Red Mask":81,"Kunai":56,"FossilizedHelix":76,"Ring of the Snake":0}],"Ring of the Snake":[44]},"card_choices":[{"not_picked":["Dagger Throw","Heel Hook"],"picked":"Dagger Spray","floor":1},{"not_picked":["Underhanded Strike","Catalyst","Deflect"],"picked":"SKIP","floor":2},{"not_picked":["Tactician","Deflect"],"picked":"Slice","floor":4},{"not_picked":["Underhanded Strike","Prepared"],"picked":"Phantasmal Killer","floor":6},{"not_picked":["Underhanded Strike","Catalyst"],"picked":"Infinite Blades","floor":8},{"not_picked":["Phantasmal Killer","Prepared"],"picked":"Poisoned Stab","floor":11},{"not_picked":["Flechettes","Cloak And Dagger"],"picked":"Blade Dance","floor":12},{"not_picked":["Outmaneuver","Blur"],"picked":"Backflip","floor":13},{"not_picked":["Reflex","Dodge and Roll"],"picked":"Skewer","floor":14},{"not_picked":["Adrenaline","Tools of the Trade"],"picked":"After Image","floor":16},{"not_picked":["Poisoned Stab","Quick Slash"],"picked":"Cloak And Dagger+1","floor":18},{"not_picked":["Cloak And Dagger","Terror"],"picked":"PiercingWail","floor":19},{"not_picked":["Deadly Poison","Prepared"],"picked":"Backstab","floor":22},{"not_picked":["Backflip","Tools of the Trade"],"picked":"Blade Dance+1","floor":25},{"not_picked":["Underhanded Strike","Dagger Spray"],"picked":"Cloak And Dagger","floor":28},{"not_picked":["Adrenaline","Die Die Die"],"picked":"Wraith Form v2","floor":33},{"not_picked":["Slice","Escape Plan"],"picked":"PiercingWail","floor":35},{"not_picked":["Backflip+1","Poisoned Stab"],"picked":"Adrenaline","floor":41},{"not_picked":["Setup","Reflex","Predator"],"picked":"SKIP","floor":47},{"not_picked":["Magnetism","Discovery"],"picked":"Flash of Steel","floor":48}],"player_experience":435355,"relics_obtained":[{"floor":6,"key":"Bag of Marbles"},{"floor":8,"key":"Lantern"},{"floor":9,"key":"Pen Nib"},{"floor":11,"key":"Blood Vial"},{"floor":14,"key":"Odd Mushroom"},{"floor":25,"key":"Paper Crane"},{"floor":26,"key":"Bronze Scales"},{"floor":29,"key":"Kunai"},{"floor":36,"key":"Peace Pipe"},{"floor":38,"key":"Old Coin"},{"floor":41,"key":"Torii"}],"event_choices":[{"damage_healed":0,"gold_gain":0,"cards_transformed":["Strike_G"],"player_choice":"Change","damage_taken":0,"max_hp_gain":0,"max_hp_loss":0,"event_name":"Living Wall","floor":3,"gold_loss":0,"cards_obtained":["Backflip"]},{"damage_healed":0,"gold_gain":0,"player_choice":"Fought Mushrooms","damage_taken":0,"max_hp_gain":0,"max_hp_loss":0,"event_name":"Mushrooms","floor":14,"gold_loss":0},{"damage_healed":0,"gold_gain":0,"player_choice":"Upgraded","damage_taken":0,"max_hp_gain":0,"max_hp_loss":0,"event_name":"Upgrade Shrine","floor":20,"gold_loss":0,"cards_upgraded":["After Image"]},{"damage_healed":23,"gold_gain":0,"player_choice":"Heal","damage_taken":0,"max_hp_gain":0,"max_hp_loss":0,"event_name":"The Library","floor":23,"gold_loss":0},{"damage_healed":0,"gold_gain":0,"player_choice":"Shed Blood","damage_taken":18,"max_hp_gain":5,"max_hp_loss":0,"event_name":"Forgotten Altar","floor":30,"gold_loss":0},{"damage_healed":0,"gold_gain":0,"player_choice":"Fight","damage_taken":0,"max_hp_gain":0,"max_hp_loss":0,"event_name":"Mysterious Sphere","floor":36,"gold_loss":0},{"damage_healed":0,"gold_gain":0,"player_choice":"Fight","damage_taken":0,"max_hp_gain":0,"max_hp_loss":0,"event_name":"MindBloom","floor":38,"gold_loss":0},{"damage_healed":0,"gold_gain":0,"player_choice":"Paid","damage_taken":0,"relics_obtained":["Red Mask"],"max_hp_gain":0,"max_hp_loss":0,"event_name":"Tomb of Lord Red Mask","floor":45,"gold_loss":57},{"cards_removed":["Strike_G"],"damage_healed":0,"gold_gain":0,"player_choice":"Removed Attack","damage_taken":0,"max_hp_gain":0,"max_hp_loss":0,"event_name":"Falling","floor":46,"gold_loss":0},{"damage_healed":0,"gold_gain":0,"player_choice":"Memory 1","damage_taken":0,"max_hp_gain":0,"max_hp_loss":0,"event_name":"SensoryStone","floor":48,"gold_loss":0}],"is_beta":false,"boss_relics":[{"not_picked":["Philosopher\u0027s Stone","Snecko Eye"],"picked":"WristBlade"},{"not_picked":["Empty Cage","Tiny House"],"picked":"Cursed Key"}],"items_purged_floors":[],"is_endless":false,"potions_floor_spawned":[2,4,14,16,18,28,47],"ascension_level":13}}