{"host":"g9lyg94sknivkiz4","time":1612927244,"event":{"mods":["AchievementEnabler","Act Like it!","Art Attack!","Aspiration","BaseMod","Better Altar","Better Match","Better Note","Better Skull","Better Third Choice","BetterRewards","Colored Map","Conspire","Defuse TimeMaze Blight","Dio Mod","Downfall","Elementarium","Energized Spire","GifTheSpireLib","Gold Saver","Googly Eyes","Hallownest","Hubris","Hyrulean Relics","Infinite Spire","Melee Mod","Mimic Mod","Minty Spire (QoL Compilation)","Morshu Shopkeeper","RRrroohrrRGHHhhh!!","Replay The Spire","SCP261 Mod","Shop Mod","Small Relic Pack","Spicy Shops","StSLib","Steal the Spire","Td1madao Mod","The Alterego","The Blue Laboratory","The Forsaken","The Servant 0.9.4","The Wild Card"],"gold_per_floor":[120,120,120,139,139,139,166,166,198,198,212,246,246,260,260,260,260],"floor_reached":16,"language":"ENG","playtime":575,"items_purged":[],"score":183,"play_id":"88091f21-f1ca-431b-831b-84bd080f6cd5","local_time":"20210209202044","is_ascension_mode":false,"campfire_choices":[{"data":"alterego_mod:BigMeatyClaws","floor":6,"key":"SMITH"},{"data":"alterego_mod:Impale","floor":8,"key":"SMITH"},{"floor":15,"key":"DIG"}],"circlet_count":0,"master_deck":["ArtAttackMod:ArtAttack","conspire:GhostlyStrike","conspire:GhostlyStrike","conspire:GhostlyStrike","conspire:GhostlyStrike","conspire:GhostlyDefend","conspire:GhostlyDefend","conspire:GhostlyDefend","conspire:GhostlyDefend","alterego_mod:Impale+1","alterego_mod:BigMeatyClaws+1","alterego_mod:BrynhildrsRune","alterego_mod:Pet","alterego_mod:GoddessCore","alterego_mod:SakuraPetals","alterego_mod:BusterCard","alterego_mod:TrashNCrash+1","alterego_mod:Bounce","alterego_mod:RocketPunch"],"relics":["alterego_mod:MasochisticConstitution","NeowsBlessing","Toxic Egg 2","rorgmod:The Boot","hubris:Icosahedron","Replay:Wax Seal","infinitespire:Eraser"],"acts_visited":["Exordium"],"potions_floor_usage":[],"damage_taken":[{"damage":0,"enemies":"Small Slimes","floor":1,"turns":1},{"damage":0,"enemies":"2 Louse","floor":4,"turns":1},{"damage":0,"enemies":"3 Sentries","floor":7,"turns":1},{"damage":10,"enemies":"Jaw Worm","floor":9,"turns":7},{"damage":3,"enemies":"Jaw Worm","floor":11,"turns":4},{"damage":13,"enemies":"Lagavulin","floor":12,"turns":5},{"damage":8,"enemies":"Red Slaver","floor":14,"turns":2},{"damage":50,"enemies":"Hexaghost","floor":16,"turns":9}],"seed_played":"561734782373364313","potions_obtained":[{"floor":4,"key":"blueLaboratory:HorrorPotion"},{"floor":11,"key":"LifebloodPotion"}],"is_trial":false,"path_per_floor":["M","?","?","M","$","R","E","R","MIM","?","M","E","$","M","R_BF","B"],"character_chosen":"The_Alterego","items_purchased":[],"campfire_rested":0,"item_purchase_floors":[],"current_hp_per_floor":[70,70,70,70,70,70,70,70,61,61,69,57,57,50,50,0,0],"gold":260,"neow_bonus":"THREE_ENEMY_KILL","is_daily":false,"chose_seed":false,"campfire_upgraded":2,"win_rate":0.0,"timestamp":1612927244,"path_taken":["M","?","?","M","$","R","E","R","MIM","?","M","E","?","M","R_BF","BOSS"],"items_purchased_type":[],"build_version":"2020-12-22","purchased_purges":0,"victory":false,"max_hp_per_floor":[70,70,70,70,70,70,70,70,71,71,72,73,73,74,74,74,74],"card_choices":[{"not_picked":["alterego_mod:BiFurious","alterego_mod:Skirt"],"picked":"alterego_mod:Pet","floor":1},{"not_picked":["alterego_mod:Mirror","alterego_mod:Punishment"],"picked":"alterego_mod:GoddessCore","floor":4},{"not_picked":["alterego_mod:Skirt","alterego_mod:SakuraFive"],"picked":"alterego_mod:SakuraPetals","floor":7},{"not_picked":["alterego_mod:Cycle+1","alterego_mod:Cushion+1"],"picked":"alterego_mod:BusterCard","floor":9},{"not_picked":["alterego_mod:Vow+1","alterego_mod:SakuraFive"],"picked":"alterego_mod:TrashNCrash+1","floor":11},{"not_picked":["alterego_mod:1TonWallop","alterego_mod:Skirt"],"picked":"alterego_mod:Bounce","floor":12},{"not_picked":["alterego_mod:Bloomers+1","alterego_mod:DiscoLights"],"picked":"alterego_mod:RocketPunch","floor":14}],"player_experience":127463,"relics_obtained":[{"floor":7,"key":"Toxic Egg 2"},{"floor":9,"key":"rorgmod:The Boot"},{"floor":12,"key":"Replay:Wax Seal"},{"floor":15,"key":"infinitespire:Eraser"}],"event_choices":[{"damage_healed":0,"gold_gain":0,"player_choice":"Agree","damage_taken":0,"max_hp_gain":0,"max_hp_loss":0,"event_name":"conspire:LoneGhost","floor":2,"gold_loss":0}],"is_beta":false,"boss_relics":[],"items_purged_floors":[],"is_endless":false,"potions_floor_spawned":[4,11],"killed_by":"Hexaghost","ascension_level":0}}