{"host":"5rycm1ajjg5acc5q","time":1612971696,"event":{"mods":["BaseMod","Better Third Choice","Downfall","Highlight Path","Minty Spire (QoL Compilation)","Replay The Spire","StSLib"],"gold_per_floor":[99,110,130,130,140,140,219,251,266,299,318,318,331,331,350,445,445,345,361,461,477,495,520,520,536,546,577,23,23,23,23],"floor_reached":29,"language":"ENG","playtime":4603,"items_purged":["downfall:Malfunctioning"],"score":344,"play_id":"7faf8cfc-95eb-4ee5-acea-24786c09c8d6","local_time":"20210210094136","is_ascension_mode":true,"campfire_choices":[{"data":"bronze:Goto","floor":1,"key":"SMITH"},{"floor":6,"key":"RECALL"},{"data":"bronze:Verify","floor":18,"key":"SMITH"}],"circlet_count":0,"master_deck":["bronze:Strike","bronze:Strike","bronze:Strike","bronze:Strike","bronze:Defend","bronze:Defend","bronze:Defend","bronze:Defend","bronze:Replicate","bronze:Goto+1","bronze:HardenedForm+1","bronze:Optimize+1","bronze:Flail","bronze:Flail","bronze:Constructor","bronze:GetLatest","bronze:Fortify","bronze:Backtrace","bronze:HardenedForm+1","bronze:Optimize+1","ReplayTheSpireMod:Splinters","bronze:Repair","bronze:FollowUp","bronze:Verify+1","bronze:Constructor+1","bronze:CutThrough","bronze:Flail","bronze:Terminator","bronze:Terminator","bronze:Verify","bronze:Return","bronze:CloningBeam","bronze:Repair","expansioncontent:QuickStudy","Enlightenment","bronze:MaxOutput","Chrysalis","Transmutation","ReplayTheSpireMod:Brewmster"],"relics":["bronze:BronzeCore","Mummified Hand","Shuriken","StoneCalendar","Black Star","downfall:HeartBlessingRed","Toy Ornithopter","Turnip","Blood Vial","Replay:Wax Seal","Happy Flower","ReplayTheSpireMod:ShopPack"],"acts_visited":["Exordium","TheCity"],"potions_floor_usage":[8,9,16,16,21,22,23,27,28,29,29],"damage_taken":[{"damage":0,"enemies":"Small Slimes","floor":2,"turns":3},{"damage":0,"enemies":"Cultist","floor":3,"turns":4},{"damage":1,"enemies":"2 Louse","floor":5,"turns":4},{"damage":16,"enemies":"Gremlin Nob","floor":8,"turns":3},{"damage":0,"enemies":"Exordium Thugs","floor":9,"turns":4},{"damage":0,"enemies":"3 Sentries","floor":10,"turns":2},{"damage":7,"enemies":"Blue Slaver","floor":11,"turns":2},{"damage":2,"enemies":"3 Louse","floor":13,"turns":2},{"damage":10,"enemies":"Red Slaver","floor":15,"turns":2},{"damage":9,"enemies":"WA_ARCHETYPE_RETAIN","floor":16,"turns":4},{"damage":0,"enemies":"Spheric Guardian","floor":19,"turns":3},{"damage":23,"enemies":"downfall:LadyInBlue","floor":20,"turns":10},{"damage":2,"enemies":"Snake Plant","floor":21,"turns":2},{"damage":17,"enemies":"Snecko","floor":22,"turns":5},{"damage":10,"enemies":"Replay:Snechameleon","floor":23,"turns":6},{"damage":29,"enemies":"Sentry and Sphere","floor":25,"turns":7},{"damage":0,"enemies":"3 Cultists","floor":26,"turns":2},{"damage":27,"enemies":"Slavers","floor":27,"turns":3},{"damage":7,"enemies":"downfall:FleeingMerchant","floor":28,"turns":4},{"damage":57,"enemies":"Replay:Snechameleon","floor":29,"turns":6}],"seed_played":"499315351735867059","potions_obtained":[{"floor":3,"key":"Swift Potion"},{"floor":5,"key":"Ancient Potion"},{"floor":9,"key":"champ:CounterPotion"},{"floor":11,"key":"Dexterity Potion"},{"floor":15,"key":"Explosive Potion"},{"floor":16,"key":"bronze:FreeFunctionsPotion"},{"floor":20,"key":"Guardian:BlockOnCardUsePotion"},{"floor":20,"key":"EssenceOfSteel"},{"floor":23,"key":"BlessingOfTheForge"},{"floor":27,"key":"champ:CounterPotion"}],"is_trial":false,"path_per_floor":["R","M","M","?","M","R","T","E","M","E","M","?","M","?","M","B",null,"R","M","?","M","M","E","T","M","M","E","$","E"],"character_chosen":"THE_AUTOMATON","items_purchased":["expansioncontent:QuickStudy","Enlightenment","ReplayTheSpireMod:ShopPack","bronze:MaxOutput"],"campfire_rested":0,"item_purchase_floors":[28,28,28,28],"current_hp_per_floor":[49,49,49,49,48,48,48,32,32,32,25,25,23,28,18,19,75,75,75,57,67,55,60,60,43,45,35,35,0,0,0],"gold":23,"neow_bonus":"THREE_RARE_CARDS","is_daily":false,"chose_seed":false,"campfire_upgraded":2,"win_rate":0.0,"timestamp":1612971696,"path_taken":["R","M","M","?","M","R","T","E","M","E","?","?","?","?","M","BOSS","R","M","?","M","M","E","T","M","M","E","$","E"],"items_purchased_type":["Card","Card","Relic","Card"],"build_version":"2020-12-22","purchased_purges":1,"victory":false,"max_hp_per_floor":[70,70,70,70,70,70,70,70,70,70,70,70,70,75,75,75,75,75,75,75,75,75,75,75,75,75,75,75,75,75,75],"card_choices":[{"not_picked":["bronze:ShipIt","bronze:RecursiveStrike"],"picked":"bronze:HardenedForm","floor":0},{"not_picked":["bronze:Turbo","bronze:Deprecate"],"picked":"bronze:Optimize","floor":2},{"not_picked":["bronze:Safeguard","bronze:BugBarrage"],"picked":"bronze:Flail","floor":3},{"not_picked":["bronze:CloningBeam","bronze:BugBarrage"],"picked":"bronze:Flail","floor":5},{"not_picked":["bronze:Deprecate","bronze:HyperBeam"],"picked":"bronze:Constructor","floor":8},{"not_picked":["bronze:CutThrough","bronze:Frontload"],"picked":"bronze:GetLatest","floor":9},{"not_picked":["bronze:Separator","bronze:Shield"],"picked":"bronze:Fortify","floor":10},{"not_picked":["bronze:WhirlingStrike","bronze:Shield"],"picked":"bronze:Backtrace","floor":11},{"not_picked":["bronze:FineTuning","bronze:Allocate"],"picked":"bronze:Repair","floor":13},{"not_picked":["bronze:Frontload","bronze:Return"],"picked":"bronze:FollowUp","floor":15},{"not_picked":["bronze:Assembly","bronze:FindAndReplace"],"picked":"bronze:Verify","floor":16},{"not_picked":["bronze:Turbo","bronze:Iterate"],"picked":"bronze:Constructor+1","floor":19},{"not_picked":["bronze:BitShift","bronze:BuggyMess+1"],"picked":"bronze:CutThrough","floor":20},{"not_picked":["bronze:ForceShield","bronze:WildBeam+1"],"picked":"bronze:Flail","floor":21},{"not_picked":["bronze:Turbo+1","bronze:MaxOutput"],"picked":"bronze:Terminator","floor":22},{"not_picked":["bronze:Backtrace","bronze:CutThrough"],"picked":"bronze:Terminator","floor":23},{"not_picked":["bronze:CloningBeam","bronze:OilSpill+1"],"picked":"bronze:Verify","floor":25},{"not_picked":["bronze:Safeguard","bronze:CutThrough"],"picked":"bronze:Return","floor":26},{"not_picked":["bronze:OilSpill","bronze:BitShift"],"picked":"bronze:CloningBeam","floor":27},{"not_picked":["bronze:OilSpill","bronze:WildBeam"],"picked":"bronze:Repair","floor":28},{"not_picked":["Poisoned Strike","Sadistic Nature"],"picked":"Chrysalis","floor":28},{"not_picked":["Mayhem","ReplayTheSpireMod:Private Reserves"],"picked":"Transmutation","floor":28},{"not_picked":["Good Instincts","Finesse"],"picked":"ReplayTheSpireMod:Brewmster","floor":28}],"player_experience":428202,"relics_obtained":[{"floor":7,"key":"Mummified Hand"},{"floor":8,"key":"Shuriken"},{"floor":10,"key":"StoneCalendar"},{"floor":20,"key":"Toy Ornithopter"},{"floor":23,"key":"Turnip"},{"floor":23,"key":"Blood Vial"},{"floor":27,"key":"Replay:Wax Seal"},{"floor":27,"key":"Happy Flower"}],"event_choices":[{"damage_healed":0,"gold_gain":0,"player_choice":"Donut","damage_taken":0,"max_hp_gain":5,"max_hp_loss":0,"event_name":"Big Fish","floor":14,"gold_loss":0}],"is_beta":false,"boss_relics":[{"not_picked":["Replay:Drink Me","Kintsugi"],"picked":"Black Star"}],"items_purged_floors":[28],"is_endless":false,"potions_floor_spawned":[3,5,9,11,15,16,23,27],"killed_by":"Replay:Snechameleon","ascension_level":1}}