{"host":"djoj10dqzzvtkauc","time":1612988388,"event":{"mods":["2.2 Compatiblity","BaseMod","Colored Map","DeckTracker","Highlight Path","Keyboard Shortcuts","Marisa£¨Ùöéë¡¡Øª×âÞÞ£©","Minty Spire (QoL Compilation)","Permanent Neow","Quick Restart","Random Character Button","StSLib","SuperFastMode","everything is the same but u backflip on backflip"],"gold_per_floor":[109,125,138,158,2,2,36,36,61,86,86,86,101,121,121,214,214,227,227,248,29,29,29,45,68,119,119,119,163,179,179,179],"floor_reached":31,"language":"KOR","playtime":1037,"items_purged":["Strike_G"],"score":441,"play_id":"6e5dd6d2-135c-466c-aa65-53d1e1a88f44","local_time":"20210211051948","is_ascension_mode":true,"campfire_choices":[{"data":"Dash","floor":6.0,"key":"SMITH"},{"data":"All Out Attack","floor":8.0,"key":"SMITH"},{"data":"Dodge and Roll","floor":12.0,"key":"SMITH"},{"data":"Backflip","floor":15.0,"key":"SMITH"},{"data":"Backflip","floor":23,"key":"SMITH"},{"data":"Burst","floor":28,"key":"SMITH"}],"circlet_count":0,"master_deck":["AscendersBane","Strike_G","Strike_G","Strike_G","Defend_G+1","Defend_G","Defend_G","Defend_G+1","Survivor","Neutralize","Dash+1","Bouncing Flask","Dodge and Roll+1","Dodge and Roll","Riddle With Holes","All Out Attack+1","Endless Agony","Backflip+1","Backflip+1","Burst+1","Escape Plan","Leg Sweep+1","Infinite Blades","Doppelganger","Dodge and Roll","Blur+1","Noxious Fumes+1","Bullet Time","PiercingWail","Infinite Blades+1"],"relics":["Ring of the Snake","Oddly Smooth Stone","Art of War","MealTicket","Boot","Golden Idol","Sozu","War Paint","Regal Pillow","Question Card"],"acts_visited":["Exordium","TheCity"],"potions_floor_usage":[],"damage_taken":[{"damage":4.0,"enemies":"Small Slimes","floor":1.0,"turns":4.0},{"damage":0.0,"enemies":"2 Louse","floor":2.0,"turns":2.0},{"damage":1.0,"enemies":"Jaw Worm","floor":3.0,"turns":8.0},{"damage":2.0,"enemies":"Looter","floor":4.0,"turns":3.0},{"damage":6.0,"enemies":"Gremlin Nob","floor":7.0,"turns":5.0},{"damage":20.0,"enemies":"Lagavulin","floor":10.0,"turns":7.0},{"damage":0.0,"enemies":"2 Fungi Beasts","floor":13.0,"turns":2.0},{"damage":0.0,"enemies":"3 Louse","floor":14.0,"turns":3.0},{"damage":5,"enemies":"Hexaghost","floor":16,"turns":10},{"damage":14,"enemies":"Spheric Guardian","floor":18,"turns":8},{"damage":0,"enemies":"Shell Parasite","floor":20,"turns":6},{"damage":14,"enemies":"Centurion and Healer","floor":24,"turns":9},{"damage":0,"enemies":"Cultist and Chosen","floor":25,"turns":6},{"damage":39,"enemies":"Gremlin Leader","floor":29,"turns":8},{"damage":0,"enemies":"Sentry and Sphere","floor":30,"turns":8},{"damage":11,"enemies":"Slavers","floor":31,"turns":1}],"seed_played":"8135511952306093851","potions_obtained":[{"floor":1.0,"key":"Block Potion"},{"floor":2.0,"key":"Swift Potion"},{"floor":7.0,"key":"Weak Potion"},{"floor":10.0,"key":"Ancient Potion"}],"is_trial":false,"path_per_floor":["M","M","M","M","$","R","E","R","T","E","?","R","M","M","R","B",null,"M","?","M","$","?","R","M","M","T","?","R","E","M","E"],"character_chosen":"THE_SILENT","items_purchased":["Riddle With Holes","Infinite Blades","War Paint"],"campfire_rested":0,"item_purchase_floors":[5,21,21],"current_hp_per_floor":[59,59,58,56,56,56,50,50,50,30,30,30,30,30,30,25,55,41,41,41,56,56,56,42,42,42,42,42,3,3,0,0],"gold":179,"neow_bonus":"RANDOM_COMMON_RELIC","is_daily":false,"chose_seed":false,"campfire_upgraded":6,"win_rate":0.0,"timestamp":1612988388,"path_taken":["M","M","M","M","$","R","E","R","T","E","?","R","M","M","R","BOSS","M","?","M","$","?","R","M","M","T","?","R","E","?","E"],"items_purchased_type":["Card","Card","Relic"],"build_version":"2020-12-22","purchased_purges":1,"victory":false,"max_hp_per_floor":[70,70,70,70,70,70,70,70,70,70,65,65,65,65,65,65,65,65,65,65,65,65,65,65,65,65,65,65,65,65,65,65],"card_choices":[{"not_picked":["Dodge and Roll","Backstab"],"picked":"Dash","floor":1.0},{"not_picked":["Sucker Punch","Deadly Poison"],"picked":"Bouncing Flask","floor":2.0},{"not_picked":["Dagger Throw","Choke"],"picked":"Dodge and Roll","floor":3.0},{"not_picked":["Prepared","Caltrops"],"picked":"Dodge and Roll","floor":4.0},{"not_picked":["Outmaneuver","Storm of Steel"],"picked":"All Out Attack","floor":7.0},{"not_picked":["Dagger Throw","Quick Slash"],"picked":"Endless Agony","floor":10.0},{"not_picked":["Flying Knee","Dodge and Roll"],"picked":"Backflip","floor":13.0},{"not_picked":["Sucker Punch","Blade Dance"],"picked":"Backflip","floor":14.0},{"not_picked":["Die Die Die","Unload"],"picked":"Burst","floor":16},{"not_picked":["Acrobatics","Backflip"],"picked":"Escape Plan","floor":18},{"not_picked":["Dodge and Roll","Distraction"],"picked":"Leg Sweep+1","floor":20},{"not_picked":["Bane+1","Outmaneuver+1"],"picked":"Blur+1","floor":24},{"not_picked":["Quick Slash","Deflect"],"picked":"Noxious Fumes+1","floor":25},{"not_picked":["Distraction","Bane"],"picked":"PiercingWail","floor":29},{"not_picked":["Catalyst","Backstab","Flying Knee"],"picked":"Infinite Blades+1","floor":30}],"player_experience":219965,"relics_obtained":[{"floor":7.0,"key":"Art of War"},{"floor":9.0,"key":"MealTicket"},{"floor":10.0,"key":"Boot"},{"floor":26,"key":"Regal Pillow"},{"floor":29,"key":"Question Card"}],"event_choices":[{"damage_healed":0.0,"max_hp_gain":0.0,"max_hp_loss":5.0,"gold_gain":0.0,"event_name":"Golden Idol","player_choice":"Lose Max HP","floor":11.0,"gold_loss":0.0,"damage_taken":0.0,"relics_obtained":["Golden Idol"]},{"damage_healed":0,"gold_gain":0,"player_choice":"Ignored","damage_taken":0,"max_hp_gain":0,"max_hp_loss":0,"event_name":"Vampires","floor":19,"gold_loss":0},{"damage_healed":0,"gold_gain":0,"cards_transformed":["Strike_G","Defend_G"],"player_choice":"Became Test Subject","damage_taken":0,"max_hp_gain":0,"max_hp_loss":0,"event_name":"Drug Dealer","floor":22,"gold_loss":0,"cards_obtained":["Doppelganger","Dodge and Roll"]},{"damage_healed":0,"gold_gain":0,"player_choice":"Read","damage_taken":0,"max_hp_gain":0,"max_hp_loss":0,"event_name":"The Library","floor":27,"gold_loss":0,"cards_obtained":["Bullet Time"]}],"is_beta":false,"boss_relics":[{"not_picked":["Runic Dome","Empty Cage"],"picked":"Sozu"}],"items_purged_floors":[5],"is_endless":false,"potions_floor_spawned":[1,2,7,10,24,29,30],"killed_by":"Slavers","ascension_level":13}}