{"host":"gaqyve1328ta0etl","time":1612948557,"event":{"mods":["BaseMod","Colored Map","Colored Powertips","Duelist Mod","Googly Eyes","Hero for Fun","Minty Spire (QoL Compilation)","Shop Mod","StSLib","SuperFastMode","The Hierophant","The Runesmith"],"gold_per_floor":[118,118,134,144,144,144,144,69,69,87,33,33,48,48,48,126,126,126,126,51,51,51,51,51,51,51,51,51,51,51,51],"floor_reached":30,"language":"ENG","playtime":712,"items_purged":["Strike_G"],"score":417,"play_id":"9d93cde1-8fe6-4589-a0cc-cc5e1523f3d4","local_time":"20210210011557","is_ascension_mode":true,"campfire_choices":[{"floor":6.0,"key":"REST"},{"data":"Neutralize","floor":12.0,"key":"SMITH"},{"data":"Noxious Fumes","floor":15.0,"key":"SMITH"},{"floor":24,"key":"REST"},{"floor":28,"key":"REST"}],"circlet_count":0,"master_deck":["AscendersBane","Strike_G","Strike_G","Strike_G","Defend_G","Defend_G","Defend_G","Defend_G","Defend_G","Survivor","Neutralize+1","Dagger Spray","Catalyst","Noxious Fumes+1","Bane","Corpse Explosion","Terror","Blur","Noxious Fumes","Footwork"],"relics":["HoveringKite","Anchor","Singing Bowl","Ectoplasm","Molten Egg 2"],"acts_visited":["Exordium","TheCity"],"potions_floor_usage":[20,23],"damage_taken":[{"damage":9.0,"enemies":"Small Slimes","floor":1.0,"turns":4.0},{"damage":0.0,"enemies":"2 Louse","floor":3.0,"turns":3.0},{"damage":6.0,"enemies":"Jaw Worm","floor":4.0,"turns":5.0},{"damage":1.0,"enemies":"Red Slaver","floor":10.0,"turns":5.0},{"damage":7.0,"enemies":"Large Slime","floor":13.0,"turns":7.0},{"damage":48.0,"enemies":"Slime Boss","floor":16.0,"turns":12.0},{"damage":10,"enemies":"Shell Parasite","floor":18,"turns":6},{"damage":9,"enemies":"2 Thieves","floor":20,"turns":4},{"damage":22,"enemies":"Centurion and Healer","floor":21,"turns":6},{"damage":0,"enemies":"3 Cultists","floor":23,"turns":2},{"damage":16,"enemies":"Shelled Parasite and Fungi","floor":27,"turns":5},{"damage":39,"enemies":"Centurion and Healer","floor":30,"turns":5}],"seed_played":"-217118246110199508","potions_obtained":[{"floor":1.0,"key":"FearPotion"},{"floor":13.0,"key":"GhostInAJar"},{"floor":16.0,"key":"SkillPotion"},{"floor":21,"key":"SmokeBomb"}],"is_trial":false,"path_per_floor":["M","?","M","M","?","R","?","$","T","M","$","R","M","$","R","B",null,"M","?","M","M","$","M","R","$","T","M","R","$","M"],"character_chosen":"THE_SILENT","items_purchased":["Bane"],"campfire_rested":3,"item_purchase_floors":[11],"current_hp_per_floor":[50,50,50,44,37,56,56,56,56,57,57,57,52,52,52,4,54,44,37,28,6,6,6,27,27,27,11,32,32,0,0],"gold":51,"neow_bonus":"BOSS_RELIC","is_daily":false,"chose_seed":false,"campfire_upgraded":2,"win_rate":0.0,"timestamp":1612948557,"path_taken":["M","?","M","M","?","R","?","$","T","M","$","R","?","?","R","BOSS","M","?","?","M","$","M","R","$","T","M","R","$","M"],"items_purchased_type":["Card"],"build_version":"2020-12-22","purchased_purges":1,"victory":false,"max_hp_per_floor":[66,66,66,66,66,66,66,66,66,68,68,68,70,70,70,70,70,70,70,70,70,70,70,70,70,70,70,70,70,70,70],"card_choices":[{"not_picked":["Poisoned Stab","Deflect"],"picked":"Dagger Spray","floor":1.0},{"not_picked":["PiercingWail","Accuracy"],"picked":"Catalyst","floor":3.0},{"not_picked":["Leg Sweep","Deadly Poison"],"picked":"Noxious Fumes","floor":4.0},{"not_picked":["Outmaneuver","Well Laid Plans","Dagger Spray"],"picked":"Singing Bowl","floor":10.0},{"not_picked":["Flying Knee","Heel Hook","Dagger Spray"],"picked":"Singing Bowl","floor":13.0},{"not_picked":["Envenom","Night Terror"],"picked":"Corpse Explosion","floor":16.0},{"not_picked":["Underhanded Strike","Cloak And Dagger"],"picked":"Terror","floor":18},{"not_picked":["Calculated Gamble","Masterful Stab"],"picked":"Blur","floor":20},{"not_picked":["Sucker Punch","Grand Finale"],"picked":"Noxious Fumes","floor":21},{"not_picked":["Terror","Bouncing Flask"],"picked":"Footwork","floor":27}],"player_experience":2109582,"relics_obtained":[{"floor":9.0,"key":"Singing Bowl"},{"floor":26,"key":"Molten Egg 2"}],"event_choices":[{"damage_healed":0.0,"max_hp_gain":0.0,"max_hp_loss":0.0,"gold_gain":0.0,"event_name":"Liars Game","player_choice":"Ignored","floor":2.0,"gold_loss":0.0,"damage_taken":0.0},{"damage_healed":0.0,"max_hp_gain":0.0,"max_hp_loss":0.0,"gold_gain":0.0,"event_name":"Scrap Ooze","player_choice":"Success","floor":5.0,"gold_loss":0.0,"damage_taken":7.0,"relics_obtained":["Anchor"]},{"cards_removed":["Strike_G"],"damage_healed":0.0,"max_hp_gain":0.0,"max_hp_loss":0.0,"gold_gain":0.0,"event_name":"Purifier","player_choice":"Purged","floor":7.0,"gold_loss":0.0,"damage_taken":0.0},{"damage_healed":0,"gold_gain":75,"player_choice":"Touch","damage_taken":7,"max_hp_gain":0,"max_hp_loss":0,"event_name":"FaceTrader","floor":19,"gold_loss":0}],"is_beta":false,"boss_relics":[{"not_picked":["Runic Dome","WristBlade"],"picked":"Ectoplasm"}],"items_purged_floors":[8],"is_endless":false,"potions_floor_spawned":[1,13,16,21],"killed_by":"Centurion and Healer","ascension_level":14}}