{"host":"dn6kke80v5f7isus","time":1612937500,"event":{"mods":["AchievementEnabler","Act Like it!","BaseMod","Colored Powertips","Custom Start","Defuse TimeMaze Blight","Energized Spire","Gremlin Skip","Hermit","Highlight Path","Hubris","Infinite Spire","Marisa????????","Minty Spire (QoL Compilation)","Rare Cards Sparkle","Reliquary","Replay The Spire","StSLib","The Servant 0.9.4","Uncapped","Unceasing Turn Reminder"],"gold_per_floor":[10012,9443,9462,9473,8773,8799,8799,8828,8828,8845,8397,8397,8408,8424,8424,8521,8521,8536,8556,8556,8606,8621,8646,8646,8666,8666,8666,7700,7710,7739,7755,7755,7853,7853,7872,7882,7582,7593,7593,7593,7643,7643,7692,7692,7692,7692],"floor_reached":45,"language":"ENG","playtime":2258,"items_purged":["hermit:Strike_Hermit+1","hermit:Defend_Hermit+1","Good Instincts"],"score":672,"play_id":"a6faf262-ee76-42bf-9fbd-93668a6fe00c","local_time":"20210210011140","is_ascension_mode":false,"campfire_choices":[{"data":"hermit:TakeAim","floor":7.0,"key":"SMITH"},{"floor":12.0,"key":"DIG"},{"floor":15.0,"key":"DIG"},{"floor":32,"key":"DIG"},{"floor":40,"key":"REST"},{"floor":42,"key":"DIG"}],"circlet_count":0,"master_deck":["hermit:Strike_Hermit+1","hermit:Defend_Hermit+1","hermit:Snapshot+1","hermit:Covet+1","hermit:Enervate+1","hermit:TrackingShot","hermit:EyeOfTheStorm","hermit:Dive","hermit:TakeAim+1","hermit:TakeAim","hermit:CalledShot","hermit:Gambit","hermit:Cheat","hermit:DeadMansHand+1","hermit:TrackingShot+1","hermit:OverwhelmingPower+1","hermit:TakeAim+1","Bandage Up","hermit:TakeAim+1","hermit:Reprieve","hermit:OverwhelmingPower+1","hermit:FlashPowder+1","hermit:ShadowCloak+1","hermit:Deadeye+1"],"relics":["hermit:Momento","Gremlin Food","Medical Kit","reliquary:SharkskinSheath","Whetstone","ReplayTheSpireMod:Ninjato","Orichalcum","OrangePellets","Bottled Lightning","Shovel","reliquary:HotPoker","Frozen Egg 2","ReplayTheSpireMod:Lightbulb","hubris:BundleOfHerbs","HornCleat","hermit:ClaspedLocket","Lee\u0027s Waffle","reliquary:NewFriend","reliquary:BoilingFlask","Nilry\u0027s Codex","Chemical X","Replay:Ringing Soul","Quantum Egg","Blue Candle","reliquary:Ember","Replay:Baseball","reliquary:Stiletto","BranchBurnRelic","Replay:Bottled Flurry","hubris:Towel"],"acts_visited":["Exordium","TheCity","TheBeyond"],"potions_floor_usage":[29,31,33],"damage_taken":[{"damage":6.0,"enemies":"Cultist","floor":1.0,"turns":3.0},{"damage":0.0,"enemies":"2 Louse","floor":3.0,"turns":2.0},{"damage":0.0,"enemies":"Small Slimes","floor":4.0,"turns":2.0},{"damage":0.0,"enemies":"Gremlin Nob","floor":6.0,"turns":2.0},{"damage":3.0,"enemies":"Lagavulin","floor":8.0,"turns":4.0},{"damage":6.0,"enemies":"2 Fungi Beasts","floor":10.0,"turns":3.0},{"damage":5.0,"enemies":"Red Slaver","floor":13.0,"turns":4.0},{"damage":0.0,"enemies":"Lots of Slimes","floor":14.0,"turns":2.0},{"damage":30.0,"enemies":"The Guardian","floor":16.0,"turns":8.0},{"damage":2.0,"enemies":"Chosen","floor":18.0,"turns":3.0},{"damage":0.0,"enemies":"Spheric Guardian","floor":19.0,"turns":3.0},{"damage":6.0,"enemies":"Cultist and Chosen","floor":22.0,"turns":4.0},{"damage":42.0,"enemies":"Nightmare","floor":23.0,"turns":5.0},{"damage":15,"enemies":"Snake Plant","floor":25,"turns":2},{"damage":16,"enemies":"Shelled Parasite and Fungi","floor":29,"turns":3},{"damage":12,"enemies":"Sentry and Sphere","floor":30,"turns":3},{"damage":13,"enemies":"Chosen and Byrds","floor":31,"turns":3},{"damage":41,"enemies":"Automaton","floor":33,"turns":3},{"damage":41,"enemies":"3 Darklings","floor":35,"turns":2},{"damage":46,"enemies":"Orb Walker","floor":36,"turns":1},{"damage":41,"enemies":"Jaw Worm Horde","floor":38,"turns":1},{"damage":59,"enemies":"Mind Bloom Boss Battle","floor":41,"turns":3},{"damage":0,"enemies":"Transient","floor":45,"turns":1}],"seed_played":"-2378062703523108720","potions_obtained":[{"floor":1.0,"key":"LiquidMemories"},{"floor":4.0,"key":"Venom Potion"},{"floor":13.0,"key":"Reflective Coating"},{"floor":21.0,"key":"Strength Potion"},{"floor":23.0,"key":"FearPotion"},{"floor":29,"key":"FearPotion"},{"floor":30,"key":"DistilledChaos"},{"floor":31,"key":"PowerPotion"},{"floor":35,"key":"DuplicationPotion"}],"is_trial":false,"path_per_floor":["M","$","M","M","$","E","R","E","T","M","$","R","M","M","R","B",null,"M","M","AVR","?","M","NM","?","M","T","?","$","M","M","M","R","B",null,"M","M","$","M","?","R","?","R","T","?","M"],"character_chosen":"HERMIT","items_purchased":["Medical Kit","reliquary:SharkskinSheath","Whetstone","hermit:TrackingShot","ReplayTheSpireMod:Ninjato","Orichalcum","OrangePellets","hermit:Dive","Frozen Egg 2","ReplayTheSpireMod:Lightbulb","Chemical X","Replay:Ringing Soul","Quantum Egg","hermit:TakeAim+1","Bandage Up","Replay:Baseball","reliquary:Stiletto"],"campfire_rested":1,"item_purchase_floors":[2,2,2,2,5,5,5,5,11,11,28,28,28,28,28,37,37],"current_hp_per_floor":[69,69,69,69,69,69,69,66,66,60,60,60,55,55,55,25,75,73,73,82,50,44,2,134,119,119,107,110,101,93,87,87,53,162,132,90,90,64,64,114,62,62,62,62,70,70],"gold":7692,"neow_bonus":"RANDOM_COMMON_RELIC","is_daily":false,"chose_seed":false,"campfire_upgraded":1,"win_rate":0.0,"timestamp":1612937500,"path_taken":["M","$","M","M","?","E","R","E","T","M","$","R","M","M","R","BOSS","M","M","AVR","?","M","NM","?","M","T","?","$","?","M","M","R","BOSS","M","M","?","?","?","R","?","R","T","?","M"],"items_purchased_type":["Relic","Relic","Relic","Card","Relic","Relic","Relic","Card","Relic","Relic","Relic","Relic","Relic","Card","Card","Relic","Relic"],"build_version":"2020-12-22","purchased_purges":3,"victory":false,"max_hp_per_floor":[75,75,75,75,75,75,75,75,75,75,75,75,75,75,75,75,75,75,75,82,82,82,82,150,150,150,150,153,156,156,159,159,162,162,165,165,165,168,168,168,171,171,171,171,171,171],"card_choices":[{"not_picked":["hermit:GhostlyPresence","hermit:Dive"],"picked":"hermit:Enervate","floor":1.0},{"not_picked":["hermit:HoleUp","hermit:Vantage","hermit:HighCaliber"],"picked":"SKIP","floor":3.0},{"not_picked":["hermit:Feint","hermit:HoleUp"],"picked":"hermit:EyeOfTheStorm","floor":4.0},{"not_picked":["hermit:Desperado","hermit:Misfire"],"picked":"hermit:TakeAim","floor":6.0},{"not_picked":["hermit:Roulette","hermit:Feint"],"picked":"hermit:TakeAim","floor":8.0},{"not_picked":["hermit:Snipe","hermit:WideOpen","hermit:Magnum"],"picked":"SKIP","floor":10.0},{"not_picked":["hermit:WideOpen","hermit:LowProfile","hermit:HoleUp"],"picked":"SKIP","floor":13.0},{"not_picked":["hermit:FromBeyond","hermit:Snipe"],"picked":"hermit:CalledShot","floor":14.0},{"not_picked":["hermit:Magnum","hermit:Dissolve"],"picked":"hermit:Gambit","floor":16.0},{"not_picked":["hermit:Glare+1","hermit:LuckOfTheDraw+1","hermit:Vantage"],"picked":"SKIP","floor":18.0},{"not_picked":["hermit:Roulette","hermit:Coalescence"],"picked":"hermit:Cheat","floor":19.0},{"not_picked":["hermit:BodyArmor+1","hermit:Maintenance"],"picked":"hermit:DeadMansHand+1","floor":22.0},{"not_picked":["hermit:BodyArmor+1","hermit:Spite"],"picked":"hermit:TrackingShot+1","floor":23.0},{"not_picked":["hermit:Roulette","hermit:SprayPray"],"picked":"hermit:OverwhelmingPower+1","floor":25},{"not_picked":["hermit:Vantage","hermit:Midnight"],"picked":"hermit:TakeAim+1","floor":29},{"not_picked":["hermit:SprayPray","hermit:TrackingShot","hermit:Snipe+1"],"picked":"SKIP","floor":30},{"not_picked":["hermit:FullyLoaded","hermit:Snipe+1"],"picked":"hermit:Reprieve","floor":31},{"not_picked":["hermit:FinalCanter","hermit:DeadOrAlive"],"picked":"hermit:OverwhelmingPower+1","floor":33},{"not_picked":["hermit:FullyLoaded+1","hermit:Roulette+1"],"picked":"hermit:FlashPowder","floor":35},{"not_picked":["hermit:BodyArmor","hermit:Desperado","hermit:Roulette+1"],"picked":"SKIP","floor":36},{"not_picked":["hermit:Coalescence+1","hermit:Feint+1"],"picked":"hermit:ShadowCloak+1","floor":38},{"not_picked":["hermit:Glare","hermit:Snipe+1"],"picked":"hermit:Deadeye+1","floor":41}],"player_experience":451729,"relics_obtained":[{"floor":6.0,"key":"Bottled Lightning"},{"floor":8.0,"key":"Shovel"},{"floor":9.0,"key":"reliquary:HotPoker"},{"floor":12.0,"key":"hubris:BundleOfHerbs"},{"floor":15.0,"key":"HornCleat"},{"floor":21.0,"key":"reliquary:NewFriend"},{"floor":23.0,"key":"reliquary:BoilingFlask"},{"floor":24,"key":"Nilry\u0027s Codex"},{"floor":32,"key":"Blue Candle"},{"floor":41,"key":"Dead Branch"},{"floor":42,"key":"Replay:Bottled Flurry"}],"event_choices":[{"damage_healed":0,"gold_gain":0,"player_choice":"Obtained Book","damage_taken":16,"max_hp_gain":0,"max_hp_loss":0,"event_name":"Cursed Tome","floor":24,"gold_loss":0},{"damage_healed":0,"gold_gain":0,"player_choice":"CARD ","damage_taken":12,"max_hp_gain":0,"max_hp_loss":0,"event_name":"Knowing Skull","floor":27,"potions_obtained":[],"gold_loss":0,"cards_obtained":["Good Instincts"]},{"damage_healed":0,"gold_gain":0,"player_choice":"Ignored","damage_taken":0,"max_hp_gain":0,"max_hp_loss":0,"event_name":"Mysterious Sphere","floor":39,"gold_loss":0},{"damage_healed":0,"gold_gain":0,"player_choice":"Fight","damage_taken":0,"max_hp_gain":0,"max_hp_loss":0,"event_name":"MindBloom","floor":41,"gold_loss":0}],"is_beta":false,"boss_relics":[{"not_picked":["Velvet Choker","ChewingGum"],"picked":"energizedSpire:CursedPentagram"},{"not_picked":["energizedSpire:HugeHouse","Empty Cage"],"picked":"reliquary:Ember"}],"items_purged_floors":[2,5,28],"is_endless":true,"potions_floor_spawned":[1,4,13,23,25,29,30,31,35,38,41],"killed_by":"Transient","ascension_level":0}}