{"host":"2kfsro7skzomnm41","time":1612999988,"event":{"mods":["AchievementEnabler","BaseMod","Googly Eyes","Highlight Path","Minty Spire (QoL Compilation)","StSLib"],"gold_per_floor":[161,161,179,179,197,222,232,265,265,289,61,73,73,91,91,91,91],"floor_reached":16,"language":"ENG","playtime":1978,"items_purged":["Strike_R"],"score":196,"play_id":"362fe742-83ab-4766-8944-ffb568ebd96b","local_time":"20210210183308","is_ascension_mode":true,"campfire_choices":[{"data":"Rampage","floor":13,"key":"SMITH"},{"floor":15,"key":"REST"}],"circlet_count":0,"master_deck":["AscendersBane","Strike_R","Strike_R","Strike_R","Defend_R+1","Defend_R","Defend_R","Defend_R","Bash","Thunderclap","Flex","Rampage+1","Sword Boomerang","Intimidate","Second Wind","Carnage","Headbutt","True Grit","Shrug It Off","Impervious","True Grit"],"relics":["Tiny House","Art of War","Bag of Preparation","Tiny Chest","Odd Mushroom"],"acts_visited":["Exordium"],"potions_floor_usage":[7,10,16],"damage_taken":[{"damage":0,"enemies":"Small Slimes","floor":1,"turns":3},{"damage":7,"enemies":"Jaw Worm","floor":3,"turns":3},{"damage":0,"enemies":"2 Louse","floor":5,"turns":3},{"damage":41,"enemies":"Lagavulin","floor":6,"turns":6},{"damage":6,"enemies":"2 Fungi Beasts","floor":7,"turns":3},{"damage":15,"enemies":"3 Sentries","floor":8,"turns":6},{"damage":9,"enemies":"The Mushroom Lair","floor":10,"turns":3},{"damage":17,"enemies":"Large Slime","floor":12,"turns":6},{"damage":7,"enemies":"Red Slaver","floor":14,"turns":5},{"damage":48,"enemies":"Slime Boss","floor":16,"turns":8}],"seed_played":"1292234508460668181","potions_obtained":[{"floor":0,"key":"FairyPotion"},{"floor":6,"key":"BloodPotion"},{"floor":7,"key":"EssenceOfSteel"},{"floor":12,"key":"Strength Potion"}],"is_trial":false,"path_per_floor":["M","?","M","?","M","E","M","E","T","?","$","M","R","M","R","B"],"character_chosen":"IRONCLAD","items_purchased":["Headbutt","True Grit","Shrug It Off"],"campfire_rested":1,"item_purchase_floors":[11,11,11],"current_hp_per_floor":[73,73,66,66,66,25,35,20,20,11,11,24,24,17,41,0,0],"gold":91,"neow_bonus":"BOSS_RELIC","is_daily":false,"chose_seed":false,"campfire_upgraded":1,"win_rate":0.0,"timestamp":1612999988,"path_taken":["M","?","M","?","M","E","M","E","T","?","$","M","R","M","R","BOSS"],"items_purchased_type":["Card","Card","Card"],"build_version":"2020-12-22","purchased_purges":1,"victory":false,"max_hp_per_floor":[80,80,80,80,80,80,80,80,80,80,80,80,80,80,80,80,80],"card_choices":[{"not_picked":["Wild Strike","Ghostly Armor"],"picked":"Thunderclap","floor":0},{"not_picked":["Clash","Perfected Strike"],"picked":"Flex","floor":1},{"not_picked":["Cleave","Havoc"],"picked":"Sword Boomerang","floor":3},{"not_picked":["Havoc","Pommel Strike"],"picked":"Intimidate","floor":5},{"not_picked":["Wild Strike","Rampage"],"picked":"Second Wind","floor":6},{"not_picked":["Flame Barrier","Uppercut"],"picked":"Carnage","floor":7},{"not_picked":["Combust","Headbutt","Sever Soul"],"picked":"SKIP","floor":8},{"not_picked":["Heavy Blade","Infernal Blade"],"picked":"Impervious","floor":12},{"not_picked":["Shrug It Off","Flex"],"picked":"True Grit","floor":14}],"player_experience":302486,"relics_obtained":[{"floor":6,"key":"Art of War"},{"floor":8,"key":"Bag of Preparation"},{"floor":9,"key":"Tiny Chest"},{"floor":10,"key":"Odd Mushroom"}],"event_choices":[{"damage_healed":0,"gold_gain":0,"cards_transformed":["Strike_R"],"player_choice":"Change","damage_taken":0,"max_hp_gain":0,"max_hp_loss":0,"event_name":"Living Wall","floor":2,"gold_loss":0,"cards_obtained":["Rampage"]},{"damage_healed":0,"gold_gain":0,"player_choice":"Ignored","damage_taken":0,"max_hp_gain":0,"max_hp_loss":0,"event_name":"Liars Game","floor":4,"gold_loss":0},{"damage_healed":0,"gold_gain":0,"player_choice":"Fought Mushrooms","damage_taken":0,"max_hp_gain":0,"max_hp_loss":0,"event_name":"Mushrooms","floor":10,"gold_loss":0}],"is_beta":false,"boss_relics":[],"items_purged_floors":[11],"is_endless":false,"potions_floor_spawned":[6,7,12],"killed_by":"Slime Boss","ascension_level":15}}