{"host":"wshey5htrz8rni6u","time":1612989354,"event":{"mods":["2.2 Compatiblity","BaseMod","Block Reminder","Colored Map","Colored Powertips","Current Relic Mod","Curses Come First","Dark Map","Key Reminder","Minty Spire (QoL Compilation)","Potion Indicator Mod","Quick Restart","Random Character Button","Relic Sorter","Relic Stats","StSLib","SuperFastMode","Twitch Utils","Unceasing Turn Reminder","Weighted Paths","everything is the same but u backflip on backflip"],"gold_per_floor":[114,114,16,34,52,52,81,81,81,109,122,134,10,41,41,136,136,156,174,3,3,3,30,30,56,56,56,83,95,106,106,106,211,211,221,239,239,257,107,137,137,163,245,255,285,285,302,329,329,329,329,329,9,43,43],"floor_reached":56,"language":"ENG","playtime":3937,"items_purged":["Strike_R","Strike_R","Strike_R","Parasite","Pain"],"score":1841,"play_id":"90550ace-6716-40d6-a041-60527f5e817d","local_time":"20210210123554","is_ascension_mode":true,"campfire_choices":[{"data":"Armaments","floor":6,"key":"SMITH"},{"data":"Disarm","floor":15,"key":"SMITH"},{"data":"Armaments","floor":27,"key":"SMITH"},{"floor":32,"key":"REST"},{"floor":41,"key":"RECALL"},{"floor":49,"key":"REST"},{"data":"Brutality","floor":52,"key":"SMITH"}],"circlet_count":0,"master_deck":["Defend_R","Defend_R","Defend_R","Defend_R","Bash","Feed","Disarm+1","Rampage","Cleave","Twin Strike","Hemokinesis","Battle Trance","Spot Weakness+1","Sentinel","Heavy Blade","Feel No Pain","Brutality+1","Ghostly Armor","Feel No Pain+1","Armaments+1","Pummel","Flame Barrier+1","Shockwave","Blood for Blood+1","Feel No Pain","Shrug It Off","Reckless Charge","Inflame","Fiend Fire","Reckless Charge+1","Armaments+1","Double Tap+1","True Grit+1","Clumsy","Metallicize+1","Offering+1","Limit Break+1","Flex+1"],"relics":["Burning Blood","Dream Catcher","Unceasing Top","CultistMask","Boot","Mummified Hand","Cursed Key","Letter Opener","Enchiridion","Matryoshka","Ornamental Fan","Regal Pillow","PreservedInsect","War Paint","Runic Cube","Toxic Egg 2","Frozen Egg 2","HornCleat","Bottled Lightning","InkBottle","White Beast Statue"],"acts_visited":["Exordium","TheCity","TheBeyond","TheEnding"],"potions_floor_usage":[14,14,42,42,42,54,55],"damage_taken":[{"damage":1,"enemies":"2 Louse","floor":1,"turns":2},{"damage":3,"enemies":"Cultist","floor":4,"turns":4},{"damage":12,"enemies":"Jaw Worm","floor":5,"turns":5},{"damage":35,"enemies":"3 Sentries","floor":7,"turns":8},{"damage":17,"enemies":"Lagavulin","floor":10,"turns":8},{"damage":4,"enemies":"2 Fungi Beasts","floor":11,"turns":3},{"damage":9,"enemies":"Red Slaver","floor":12,"turns":3},{"damage":18,"enemies":"Gremlin Nob","floor":14,"turns":3},{"damage":16,"enemies":"The Guardian","floor":16,"turns":12},{"damage":12,"enemies":"Chosen","floor":18,"turns":8},{"damage":16,"enemies":"Shell Parasite","floor":19,"turns":6},{"damage":28,"enemies":"Slavers","floor":23,"turns":6},{"damage":7,"enemies":"Gremlin Leader","floor":25,"turns":6},{"damage":8,"enemies":"Book of Stabbing","floor":28,"turns":4},{"damage":7,"enemies":"3 Cultists","floor":29,"turns":6},{"damage":14,"enemies":"Snecko","floor":30,"turns":4},{"damage":41,"enemies":"Collector","floor":33,"turns":7},{"damage":20,"enemies":"3 Darklings","floor":35,"turns":4},{"damage":8,"enemies":"3 Shapes","floor":36,"turns":4},{"damage":3,"enemies":"Maw","floor":38,"turns":5},{"damage":40,"enemies":"Giant Head","floor":40,"turns":6},{"damage":14,"enemies":"Reptomancer","floor":42,"turns":3},{"damage":12,"enemies":"Sphere and 2 Shapes","floor":44,"turns":4},{"damage":12,"enemies":"Giant Head","floor":45,"turns":5},{"damage":14,"enemies":"Writhing Mass","floor":47,"turns":3},{"damage":32,"enemies":"Reptomancer","floor":48,"turns":6},{"damage":44,"enemies":"Awakened One","floor":50,"turns":10},{"damage":14,"enemies":"Shield and Spear","floor":54,"turns":3},{"damage":84,"enemies":"The Heart","floor":55,"turns":9}],"seed_played":"1943702735644902418","potions_obtained":[{"floor":10,"key":"BloodPotion"},{"floor":11,"key":"Energy Potion"},{"floor":12,"key":"GamblersBrew"},{"floor":16,"key":"BloodPotion"},{"floor":19,"key":"Energy Potion"},{"floor":28,"key":"EntropicBrew"},{"floor":42,"key":"Dexterity Potion"},{"floor":47,"key":"DuplicationPotion"},{"floor":54,"key":"SteroidPotion"}],"is_trial":false,"path_per_floor":["M","?","$","M","M","R","E","?","T","E","M","M","$","E","R","B",null,"M","M","$","?","$","E","?","E","T","R","E","M","M","T","R","B",null,"M","M","?","M","$","E","R","E","T","M","E","?","M","E","R","B",null,"R","$","E","B",null],"character_chosen":"IRONCLAD","items_purchased":["Armaments","Heavy Blade","Armaments","Limit Break+1"],"campfire_rested":2,"item_purchase_floors":[3,13,20,53],"current_hp_per_floor":[83,83,83,87,84,84,58,58,58,51,56,56,56,44,44,37,106,100,94,94,94,94,75,59,58,58,58,60,59,51,51,101,70,121,111,112,112,115,115,84,84,129,129,123,117,117,109,83,131,96,134,134,134,126,48],"gold":43,"neow_bonus":"ONE_RANDOM_RARE_CARD","is_daily":false,"chose_seed":false,"campfire_upgraded":4,"win_rate":0.0,"timestamp":1612989354,"path_taken":["M","?","?","M","?","R","E","?","T","E","M","M","$","E","R","BOSS","M","M","$","?","$","E","?","E","T","R","E","M","M","?","R","BOSS","M","M","?","M","?","E","R","E","T","?","E","?","M","E","R","BOSS","R","$","E","BOSS"],"items_purchased_type":["Card","Card","Card","Card"],"build_version":"2020-12-13","purchased_purges":5,"victory":true,"max_hp_per_floor":[83,83,83,87,90,90,93,93,93,97,100,103,103,103,103,106,106,106,110,110,110,110,113,113,113,113,113,117,117,117,117,117,121,121,125,128,128,128,125,128,128,131,131,131,131,131,131,131,131,134,134,134,134,134,134],"relic_stats":{"Regal Pillow":24,"counters":[29,157],"PreservedInsect":436,"Letter Opener":[316],"War Paint":["Spot Weakness","Flame Barrier"],"Boot":[51],"Cursed Key":3,"Burning Blood":166,"Dream Catcher":2,"Mummified Hand":[112],"Ornamental Fan":[80],"obtain_stats":[{"Regal Pillow":28,"Enchiridion":24,"PreservedInsect":31,"Letter Opener":23,"War Paint":31,"Frozen Egg 2":42,"Boot":10,"Cursed Key":17,"Burning Blood":0,"White Beast Statue":54,"keyreminder:keyreminder":9,"Dream Catcher":26,"Matryoshka":25,"HornCleat":43,"Mummified Hand":14,"Ornamental Fan":26,"CultistMask":8,"Bottled Lightning":45,"Toxic Egg 2":40,"Unceasing Top":7,"InkBottle":48,"Runic Cube":34},{"Regal Pillow":14,"Enchiridion":12,"PreservedInsect":16,"Letter Opener":12,"War Paint":16,"Frozen Egg 2":22,"Boot":5,"Cursed Key":9,"Burning Blood":0,"White Beast Statue":28,"keyreminder:keyreminder":4,"Dream Catcher":13,"Matryoshka":13,"HornCleat":22,"Mummified Hand":8,"Ornamental Fan":13,"CultistMask":4,"Bottled Lightning":24,"Toxic Egg 2":21,"Unceasing Top":4,"InkBottle":26,"Runic Cube":17},{"Regal Pillow":78,"Enchiridion":68,"PreservedInsect":88,"Letter Opener":68,"War Paint":88,"Frozen Egg 2":117,"Boot":27,"Cursed Key":48,"Burning Blood":0,"White Beast Statue":148,"keyreminder:keyreminder":19,"Dream Catcher":74,"Matryoshka":74,"HornCleat":117,"Mummified Hand":36,"Ornamental Fan":74,"CultistMask":19,"Bottled Lightning":126,"Toxic Egg 2":114,"Unceasing Top":19,"InkBottle":135,"Runic Cube":95}],"Unceasing Top":[29],"InkBottle":[12],"Runic Cube":[115]},"card_choices":[{"not_picked":["Shrug It Off","Sever Soul"],"picked":"Disarm","floor":1},{"not_picked":["Seeing Red","True Grit"],"picked":"Cleave","floor":4},{"not_picked":["Clash","Spot Weakness"],"picked":"Twin Strike","floor":5},{"not_picked":["Cleave","Fiend Fire"],"picked":"Hemokinesis","floor":7},{"not_picked":["Dropkick","Blood for Blood"],"picked":"Battle Trance","floor":10},{"not_picked":["Pommel Strike","Body Slam"],"picked":"Spot Weakness","floor":11},{"not_picked":["Wild Strike","Warcry"],"picked":"Sentinel","floor":12},{"not_picked":["Armaments","Sword Boomerang"],"picked":"Feel No Pain","floor":14},{"not_picked":["Immolate","Corruption"],"picked":"Brutality","floor":16},{"not_picked":["Whirlwind+1","Cleave+1"],"picked":"Ghostly Armor","floor":18},{"not_picked":["Metallicize","Headbutt+1"],"picked":"Feel No Pain+1","floor":19},{"not_picked":["Twin Strike+1","Spot Weakness"],"picked":"Shockwave","floor":23},{"not_picked":["Headbutt","Clothesline"],"picked":"Blood for Blood+1","floor":25},{"not_picked":["Twin Strike+1","Flame Barrier"],"picked":"Feel No Pain","floor":28},{"not_picked":["Clothesline","Thunderclap"],"picked":"Shrug It Off","floor":29},{"not_picked":["Burning Pact","Heavy Blade"],"picked":"Reckless Charge","floor":30},{"not_picked":["Wild Strike","Sever Soul"],"picked":"Inflame","floor":32},{"not_picked":["Limit Break","Feed"],"picked":"Fiend Fire","floor":33},{"not_picked":["Fire Breathing+1","Rage+1"],"picked":"Reckless Charge+1","floor":35},{"not_picked":["Uppercut","Clash+1"],"picked":"Armaments+1","floor":36},{"not_picked":["Heavy Blade+1","Iron Wave+1","Flex"],"picked":"SKIP","floor":38},{"not_picked":["Pummel+1","Thunderclap"],"picked":"Double Tap+1","floor":40},{"not_picked":["Feel No Pain+1","Heavy Blade+1"],"picked":"True Grit+1","floor":42},{"not_picked":["Power Through+1","Shrug It Off+1"],"picked":"Metallicize+1","floor":44},{"not_picked":["Heavy Blade","Combust+1","Twin Strike+1"],"picked":"SKIP","floor":45},{"not_picked":["Sword Boomerang","Spot Weakness+1","Clash+1"],"picked":"SKIP","floor":47},{"not_picked":["Headbutt+1","Cleave+1"],"picked":"Offering+1","floor":48},{"not_picked":["Combust+1","Twin Strike+1"],"picked":"Flex+1","floor":54}],"player_experience":28417,"relics_obtained":[{"floor":7,"key":"Unceasing Top"},{"floor":10,"key":"Boot"},{"floor":14,"key":"Mummified Hand"},{"floor":23,"key":"Letter Opener"},{"floor":24,"key":"Enchiridion"},{"floor":25,"key":"Matryoshka"},{"floor":26,"key":"Dream Catcher"},{"floor":26,"key":"Ornamental Fan"},{"floor":28,"key":"Regal Pillow"},{"floor":31,"key":"PreservedInsect"},{"floor":31,"key":"War Paint"},{"floor":40,"key":"Toxic Egg 2"},{"floor":42,"key":"Frozen Egg 2"},{"floor":43,"key":"HornCleat"},{"floor":45,"key":"Bottled Lightning"},{"floor":48,"key":"InkBottle"},{"floor":54,"key":"White Beast Statue"}],"event_choices":[{"damage_healed":0,"gold_gain":0,"player_choice":"1 cards matched","damage_taken":0,"max_hp_gain":0,"max_hp_loss":0,"event_name":"Match and Keep!","floor":2,"gold_loss":0,"cards_obtained":["Rampage"]},{"damage_healed":0,"gold_gain":0,"player_choice":"Trade","damage_taken":0,"relics_obtained":["CultistMask"],"max_hp_gain":0,"max_hp_loss":0,"event_name":"FaceTrader","floor":8,"gold_loss":0},{"damage_healed":0,"gold_gain":0,"cards_transformed":["Strike_R","Strike_R"],"player_choice":"Became Test Subject","damage_taken":0,"max_hp_gain":0,"max_hp_loss":0,"event_name":"Drug Dealer","floor":21,"gold_loss":0,"cards_obtained":["Pummel","Flame Barrier"]},{"damage_healed":0,"gold_gain":0,"player_choice":"Obtained Book","damage_taken":16,"max_hp_gain":0,"max_hp_loss":0,"event_name":"Cursed Tome","floor":24,"gold_loss":0},{"cards_removed":["Armaments"],"damage_healed":0,"gold_gain":0,"player_choice":"Removed Skill","damage_taken":0,"max_hp_gain":0,"max_hp_loss":0,"event_name":"Falling","floor":37,"gold_loss":0},{"damage_healed":0,"gold_gain":0,"player_choice":"Ignored","damage_taken":0,"max_hp_gain":0,"max_hp_loss":0,"event_name":"Tomb of Lord Red Mask","floor":46,"gold_loss":0}],"is_beta":false,"boss_relics":[{"not_picked":["Philosopher\u0027s Stone","Coffee Dripper"],"picked":"Cursed Key"},{"not_picked":["Black Star","Sozu"],"picked":"Runic Cube"}],"items_purged_floors":[3,13,20,39,53],"is_endless":false,"potions_floor_spawned":[10,11,12,16,19,28,36,42,45,47,54],"ascension_level":3}}