{"host":"5p9hybygolzp0efr","time":1612931084,"event":{"mods":["AchievementEnabler","BaseMod","Bestiary","Colored Map","Minty Spire (QoL Compilation)","Permanent Neow","Relic Stats","StSLib"],"gold_per_floor":[118,21,40,54,66,66,99,99,123,142,142,42,57,76,76,172,172,184,36,52,151,151,151,164,164,188,63,89,89,104,28,28,28,28],"floor_reached":33,"language":"ENG","playtime":1336,"items_purged":["Strike_P","Defend_P","Strike_P"],"score":530,"play_id":"46e76d20-e3b8-44b9-aa01-5a04b982496b","local_time":"20210210122444","is_ascension_mode":true,"campfire_choices":[{"data":"Eruption","floor":6.0,"key":"SMITH"},{"data":"LessonLearned","floor":8.0,"key":"SMITH"},{"data":"Wallop","floor":11.0,"key":"SMITH"},{"floor":15.0,"key":"REST"},{"data":"ClearTheMind","floor":23,"key":"SMITH"},{"data":"Evaluate","floor":25,"key":"SMITH"},{"data":"Tantrum","floor":29,"key":"SMITH"},{"data":"Meditate","floor":32,"key":"SMITH"}],"circlet_count":0,"master_deck":["AscendersBane","Strike_P+1","Strike_P+1","Defend_P+1","Defend_P","Defend_P","Eruption+1","Vigilance","CutThroughFate+1","Evaluate+1","Tantrum+1","EmptyFist+1","Wallop+1","LessonLearned+1","JustLucky+1","Halt","Alpha","ClearTheMind+1","Blasphemy","Meditate+1","InnerPeace"],"relics":["Orichalcum","Bag of Preparation","Coffee Dripper","ClockworkSouvenir","Nloth\u0027s Gift","Pen Nib","Strawberry"],"acts_visited":["Exordium","TheCity"],"potions_floor_usage":[18],"damage_taken":[{"damage":0.0,"enemies":"Cultist","floor":1.0,"turns":4.0},{"damage":8.0,"enemies":"2 Louse","floor":3.0,"turns":3.0},{"damage":0.0,"enemies":"Small Slimes","floor":4.0,"turns":3.0},{"damage":4.0,"enemies":"Exordium Thugs","floor":5.0,"turns":4.0},{"damage":14.0,"enemies":"Lagavulin","floor":7.0,"turns":5.0},{"damage":13.0,"enemies":"Large Slime","floor":10.0,"turns":7.0},{"damage":0.0,"enemies":"Blue Slaver","floor":13.0,"turns":3.0},{"damage":6.0,"enemies":"3 Louse","floor":14.0,"turns":4.0},{"damage":0.0,"enemies":"Slime Boss","floor":16.0,"turns":5.0},{"damage":19,"enemies":"3 Byrds","floor":18,"turns":4},{"damage":0,"enemies":"Shell Parasite","floor":20,"turns":2},{"damage":14,"enemies":"Sentry and Sphere","floor":24,"turns":5},{"damage":0,"enemies":"Gremlin Leader","floor":28,"turns":4},{"damage":0,"enemies":"Centurion and Healer","floor":30,"turns":5},{"damage":47,"enemies":"Automaton","floor":33,"turns":6}],"seed_played":"-4532446757146601993","potions_obtained":[{"floor":1.0,"key":"Strength Potion"},{"floor":3.0,"key":"Weak Potion"},{"floor":24,"key":"FearPotion"}],"is_trial":false,"path_per_floor":["M","$","M","M","M","R","E","R","T","M","R","$","M","M","R","B",null,"M","$","M","?","?","R","M","R","T","$","E","R","M","$","R","B"],"character_chosen":"WATCHER","items_purchased":["Evaluate","ClockworkSouvenir","InnerPeace"],"campfire_rested":1,"item_purchase_floors":[2,19,31],"current_hp_per_floor":[65,65,57,57,53,53,39,39,39,26,26,26,26,20,41,41,64,45,45,45,45,45,45,31,31,31,31,38,38,38,38,38,0,0],"gold":28,"neow_bonus":"BOSS_RELIC","is_daily":false,"chose_seed":false,"campfire_upgraded":7,"win_rate":0.0,"timestamp":1612931084,"path_taken":["M","?","M","M","?","R","E","R","T","M","R","$","M","?","R","BOSS","M","$","?","?","?","R","?","R","T","?","E","R","M","$","R","BOSS"],"items_purchased_type":["Card","Relic","Card"],"build_version":"2020-12-22","purchased_purges":3,"victory":false,"max_hp_per_floor":[72,72,72,72,72,72,72,72,72,72,72,72,72,72,72,72,72,72,72,72,72,72,72,72,72,72,72,79,79,79,79,79,79,79],"relic_stats":{"counters":[15,64],"Pen Nib":[3],"Bag of Preparation":[20],"Nloth\u0027s Gift":1,"Orichalcum":[54],"obtain_stats":[{"SlaversCollar":0,"Strawberry":28,"Pen Nib":26,"Bag of Preparation":9,"Coffee Dripper":17,"Nloth\u0027s Gift":22,"PureWater":0,"Orichalcum":7,"ClockworkSouvenir":19},{"SlaversCollar":0,"Strawberry":13,"Pen Nib":12,"Bag of Preparation":5,"Coffee Dripper":9,"Nloth\u0027s Gift":11,"PureWater":0,"Orichalcum":5,"ClockworkSouvenir":10},{"SlaversCollar":0,"Strawberry":53,"Pen Nib":49,"Bag of Preparation":19,"Coffee Dripper":38,"Nloth\u0027s Gift":44,"PureWater":0,"Orichalcum":19,"ClockworkSouvenir":42}]},"card_choices":[{"not_picked":["WindmillStrike","PathToVictory"],"picked":"CutThroughFate","floor":1.0},{"not_picked":["Crescendo","SashWhip"],"picked":"Tantrum","floor":3.0},{"not_picked":["ThirdEye","Prostrate"],"picked":"EmptyFist","floor":4.0},{"not_picked":["BowlingBash","FearNoEvil"],"picked":"Wallop","floor":5.0},{"not_picked":["Wallop","ThirdEye"],"picked":"LessonLearned","floor":7.0},{"not_picked":["SashWhip","FlurryOfBlows"],"picked":"JustLucky","floor":10.0},{"not_picked":["EmptyFist","CrushJoints","Sanctity"],"picked":"SKIP","floor":13.0},{"not_picked":["Protect","ThirdEye"],"picked":"Halt","floor":14.0},{"not_picked":["DeusExMachina","Establishment"],"picked":"Alpha","floor":16.0},{"not_picked":["Fasting2","FlyingSleeves"],"picked":"ClearTheMind","floor":18},{"not_picked":["ClearTheMind+1","SashWhip","Evaluate"],"picked":"SKIP","floor":20},{"not_picked":["ClearTheMind","Meditate"],"picked":"Blasphemy","floor":24},{"not_picked":["SandsOfTime","WreathOfFlame","FlurryOfBlows"],"picked":"SKIP","floor":28},{"not_picked":["MentalFortress+1","SandsOfTime"],"picked":"Meditate","floor":30}],"player_experience":611945,"relics_obtained":[{"floor":7.0,"key":"Orichalcum"},{"floor":9.0,"key":"Bag of Preparation"},{"floor":26,"key":"Pen Nib"},{"floor":28,"key":"Strawberry"}],"event_choices":[{"damage_healed":0,"gold_gain":99,"player_choice":"Stole From Cult","damage_taken":0,"max_hp_gain":0,"max_hp_loss":0,"event_name":"Nest","floor":21,"gold_loss":0},{"damage_healed":0,"gold_gain":0,"player_choice":"Traded Relic","damage_taken":0,"relics_obtained":["Nloth\u0027s Gift"],"max_hp_gain":0,"max_hp_loss":0,"event_name":"N\u0027loth","floor":22,"relics_lost":["SlaversCollar"],"gold_loss":0}],"is_beta":false,"boss_relics":[{"not_picked":["Busted Crown","Runic Dome"],"picked":"Coffee Dripper"}],"items_purged_floors":[2,12,27],"is_endless":false,"potions_floor_spawned":[1,3,5,10,24],"killed_by":"Automaton","ascension_level":11}}