{"host":"greyym6l30slccoc","time":1612953948,"event":{"mods":["AchievementEnabler","BaseMod","Colored Map","Minty Spire (QoL Compilation)","Rare Cards Sparkle"],"gold_per_floor":[114,114,114,39137,39137,38868,38883,38883,38883,38883,38896,38896,38913,38925,38925,39023,39023,39043,38737,38749,38762,38781,38806,38806,38833,38833,38833,38850,38514,38514,38542,38542,38638,38638,38653,38301,38301,37823,37823,37823,37854,37854,37878,37910,38265,38284,38314,32835,32835,32835,32835,32835,32647,32677,32677],"floor_reached":56,"language":"KOR","playtime":1792,"items_purged":["Strike_R","Defend_R","Strike_R","Strike_R","Decay","Strike_R+1","Decay","Writhe"],"score":1785,"play_id":"e4f65603-f5fd-4a34-bceb-6c9810f2451f","local_time":"20210210194548","is_ascension_mode":true,"campfire_choices":[{"data":"Flex","floor":8,"key":"SMITH"},{"data":"Sword Boomerang","floor":10,"key":"SMITH"},{"data":"Burning Pact","floor":12,"key":"SMITH"},{"data":"Bloodletting","floor":15,"key":"SMITH"},{"data":"Limit Break","floor":24,"key":"SMITH"},{"data":"Flex","floor":30,"key":"SMITH"},{"data":"Heavy Blade","floor":32,"key":"SMITH"},{"data":"Pommel Strike","floor":40,"key":"SMITH"},{"floor":42,"key":"REST"},{"floor":49,"key":"RECALL"},{"data":"Offering","floor":52,"key":"SMITH"}],"circlet_count":0,"master_deck":["Defend_R+1","Defend_R+1","Panacea+1","Burning Pact+1","Flex+1","Sword Boomerang+1","Thunderclap","Bloodletting+1","Cleave+1","Limit Break+1","Heavy Blade+1","Flash of Steel+1","Flex+1","Rupture+1","Limit Break+1","Evolve+1","Rage","Feel No Pain+1","Clothesline+1","Dropkick+1","Twin Strike","Pommel Strike+1","Reaper","Flash of Steel","Shrug It Off","Finesse","Offering+1","Pommel Strike","Limit Break","Battle Trance+1"],"relics":["Burning Blood","Ancient Tea Set","Paper Frog","CaptainsWheel","Membership Card","War Paint","Frozen Egg 2","Cursed Key","Toy Ornithopter","White Beast Statue","Kunai","Vajra","Regal Pillow","DollysMirror","Darkstone Periapt","Self Forming Clay","Astrolabe","Nunchaku","Orrery","Centennial Puzzle","PreservedInsect","Shovel","Toolbox","The Courier","Happy Flower","Juzu Bracelet","Old Coin","Mercury Hourglass","Sling","Boot","Singing Bowl","Art of War","Whetstone","Champion Belt","Bag of Marbles","Oddly Smooth Stone","Orichalcum","Blue Candle","Omamori","Dream Catcher","Thread and Needle","Mango","Eternal Feather","Bag of Preparation","Meat on the Bone","Potion Belt","Blood Vial","Shuriken","Pantograph","Gremlin Horn","Lantern","Question Card","Bottled Lightning","Bronze Scales","Strawberry","Toxic Egg 2","TungstenRod","Gambling Chip","MealTicket","Red Skull","Bottled Flame","Anchor","Unceasing Top","Sundial","Mummified Hand","Letter Opener","HornCleat","Molten Egg 2","InkBottle","Pear","Ornamental Fan","Ginger","Torii","StoneCalendar","Pocketwatch","Ice Cream","Magic Flower","Bird Faced Urn","FossilizedHelix","Turnip","Incense Burner","Prayer Wheel","Du-Vu Doll","Lizard Tail","Calipers","Chemical X"],"acts_visited":["Exordium","TheCity","TheBeyond","TheEnding"],"potions_floor_usage":[13,16,21,23,23,25,25,28,31,33,33,41,55],"damage_taken":[{"damage":9.0,"enemies":"2 Louse","floor":1.0,"turns":3.0},{"damage":7,"enemies":"Small Slimes","floor":7,"turns":3},{"damage":0,"enemies":"Cultist","floor":11,"turns":2},{"damage":11,"enemies":"Lots of Slimes","floor":13,"turns":2},{"damage":6,"enemies":"Looter","floor":14,"turns":3},{"damage":5,"enemies":"The Guardian","floor":16,"turns":5},{"damage":0,"enemies":"Chosen","floor":18,"turns":3},{"damage":15,"enemies":"Spheric Guardian","floor":20,"turns":4},{"damage":14,"enemies":"Centurion and Healer","floor":21,"turns":2},{"damage":16,"enemies":"Sentry and Sphere","floor":22,"turns":5},{"damage":10,"enemies":"Book of Stabbing","floor":23,"turns":4},{"damage":29,"enemies":"Slavers","floor":25,"turns":2},{"damage":0,"enemies":"Snake Plant","floor":28,"turns":2},{"damage":0,"enemies":"Gremlin Leader","floor":31,"turns":3},{"damage":38,"enemies":"Collector","floor":33,"turns":5},{"damage":49,"enemies":"3 Shapes","floor":35,"turns":4},{"damage":43,"enemies":"Nemesis","floor":41,"turns":3},{"damage":6,"enemies":"Reptomancer","floor":44,"turns":2},{"damage":17,"enemies":"2 Orb Walkers","floor":45,"turns":2},{"damage":51,"enemies":"Orb Walker","floor":46,"turns":5},{"damage":0,"enemies":"Nemesis","floor":47,"turns":1},{"damage":5,"enemies":"Donu and Deca","floor":50,"turns":1},{"damage":0,"enemies":"Shield and Spear","floor":54,"turns":1},{"damage":7,"enemies":"The Heart","floor":55,"turns":3}],"seed_played":"-3139791409587620450","potions_obtained":[{"floor":1.0,"key":"AttackPotion"},{"floor":16,"key":"HeartOfIron"},{"floor":18,"key":"Energy Potion"},{"floor":20,"key":"SteroidPotion"},{"floor":21,"key":"Swift Potion"},{"floor":23,"key":"LiquidBronze"},{"floor":25,"key":"Weak Potion"},{"floor":28,"key":"AttackPotion"},{"floor":31,"key":"Fruit Juice"},{"floor":33,"key":"Dexterity Potion"},{"floor":35,"key":"Fire Potion"},{"floor":41,"key":"GamblersBrew"},{"floor":54,"key":"AttackPotion"}],"is_trial":false,"path_per_floor":["M","?","?","$","?","$","M","R","T","R","M","R","M","M","R","B",null,"M","$","M","M","M","E","R","E","T","?","M","$","R","E","R","B",null,"M","$","?","$","?","R","E","R","T","E","?","M","E","$","R","B",null,"R","$","E","B",null],"character_chosen":"IRONCLAD","items_purchased":["Panacea","Paper Frog","CaptainsWheel","Membership Card","PowerPotion","Burning Pact","War Paint","Flex","Frozen Egg 2","Flash of Steel","Toy Ornithopter","White Beast Statue","DollysMirror","Darkstone Periapt","FearPotion","Evolve+1","Nunchaku","Orrery","Centennial Puzzle","Regen Potion","PreservedInsect","Shovel","Toolbox","Flash of Steel","Shrug It Off","Sling","Boot","Singing Bowl","Art of War","Whetstone","Champion Belt","Bag of Marbles","Oddly Smooth Stone","Orichalcum","Blue Candle","Omamori","Dream Catcher","Thread and Needle","Mango","Eternal Feather","Bag of Preparation","Meat on the Bone","Potion Belt","Blood Vial","Shuriken","Pantograph","Gremlin Horn","Lantern","Question Card","Bottled Lightning","Bronze Scales","Strawberry","Toxic Egg 2","TungstenRod","Gambling Chip","MealTicket","Red Skull","Bottled Flame","Anchor","Unceasing Top","Sundial","Mummified Hand","Letter Opener","HornCleat","Molten Egg 2","InkBottle","Pear","Ornamental Fan","Ginger","Torii","StoneCalendar","Pocketwatch","Ice Cream","Magic Flower","Bird Faced Urn","FossilizedHelix","Turnip","Incense Burner","Prayer Wheel","Du-Vu Doll","Lizard Tail","Calipers","Chemical X"],"campfire_rested":1,"item_purchase_floors":[4,4,4,4,4,4,6,6,6,19,19,19,29,29,29,29,36,36,36,36,38,38,38,38,38,48,48,48,48,48,48,48,48,48,48,48,48,48,48,48,48,48,48,48,48,48,48,48,48,48,48,48,48,48,48,48,48,48,48,48,48,48,48,48,48,48,48,48,48,48,48,48,48,48,48,48,48,48,48,48,48,48,53],"current_hp_per_floor":[77,70,54,54,54,54,53,53,53,53,59,59,54,54,54,55,80,80,80,71,68,58,64,64,51,51,51,62,62,62,78,78,53,85,42,42,42,42,42,42,19,59,65,91,80,79,85,116,122,122,122,122,122,122,122],"gold":32677,"neow_bonus":"RANDOM_COMMON_RELIC","is_daily":false,"chose_seed":false,"campfire_upgraded":9,"win_rate":0.0,"timestamp":1612953948,"path_taken":["M","?","?","$","?","$","M","R","T","R","M","R","M","M","R","BOSS","M","$","?","M","?","E","R","E","T","?","?","$","R","E","R","BOSS","M","$","?","$","?","R","E","R","T","E","?","M","E","?","R","BOSS","R","$","E","BOSS"],"items_purchased_type":["Card","Relic","Relic","Relic","Potion","Card","Relic","Card","Relic","Card","Relic","Relic","Relic","Relic","Potion","Card","Relic","Relic","Relic","Potion","Relic","Relic","Relic","Card","Card","Relic","Relic","Relic","Relic","Relic","Relic","Relic","Relic","Relic","Relic","Relic","Relic","Relic","Relic","Relic","Relic","Relic","Relic","Relic","Relic","Relic","Relic","Relic","Relic","Relic","Relic","Relic","Relic","Relic","Relic","Relic","Relic","Relic","Relic","Relic","Relic","Relic","Relic","Relic","Relic","Relic","Relic","Relic","Relic","Relic","Relic","Relic","Relic","Relic","Relic","Relic","Relic","Relic","Relic","Relic","Relic","Relic","Relic"],"build_version":"2020-12-22","purchased_purges":8,"victory":true,"max_hp_per_floor":[80,80,80,80,80,80,80,80,80,80,80,80,80,80,80,80,80,80,80,80,80,80,80,80,80,80,80,80,80,80,85,85,85,85,85,85,85,85,85,85,85,85,91,91,91,91,91,122,122,122,122,122,122,122,122],"card_choices":[{"not_picked":["Dark Embrace","Headbutt"],"picked":"Iron Wave","floor":1.0},{"not_picked":["Iron Wave","Clothesline"],"picked":"Sword Boomerang","floor":7},{"not_picked":["Rage","Armaments"],"picked":"Thunderclap","floor":11},{"not_picked":["True Grit","Perfected Strike"],"picked":"Bloodletting","floor":13},{"not_picked":["Entrench","Anger"],"picked":"Cleave","floor":14},{"not_picked":["Brutality+1","Exhume"],"picked":"Limit Break","floor":16},{"not_picked":["Thunderclap","Seeing Red"],"picked":"Heavy Blade","floor":18},{"not_picked":["Clothesline","Seeing Red+1","Armaments"],"picked":"SKIP","floor":20},{"not_picked":["Anger","Havoc+1","Heavy Blade"],"picked":"SKIP","floor":21},{"not_picked":["Thunderclap+1","Power Through","Exhume"],"picked":"SKIP","floor":22},{"not_picked":["Heavy Blade","True Grit","Bloodletting"],"picked":"SKIP","floor":23},{"not_picked":["Feel No Pain+1","Iron Wave"],"picked":"Flex","floor":25},{"not_picked":["Warcry+1","Sword Boomerang"],"picked":"Rupture+1","floor":28},{"not_picked":["True Grit","Clash"],"picked":"Rage","floor":31},{"not_picked":["True Grit","Shockwave+1"],"picked":"Twin Strike","floor":35},{"not_picked":["Intimidate","Armaments"],"picked":"Pommel Strike","floor":36},{"not_picked":["Infernal Blade+1","Armaments"],"picked":"Reaper","floor":36},{"not_picked":["Dramatic Entrance","Enlightenment"],"picked":"Finesse","floor":39},{"not_picked":["Warcry+1","Feel No Pain+1"],"picked":"Offering","floor":41},{"not_picked":["Thunderclap+1","Armaments"],"picked":"Pommel Strike","floor":44},{"not_picked":["Ghostly Armor+1","Pummel","Thunderclap"],"picked":"SKIP","floor":46},{"not_picked":["Perfected Strike","Havoc+1"],"picked":"Limit Break","floor":47},{"not_picked":["Sword Boomerang+1","True Grit+1","Berserk+1"],"picked":"Battle Trance+1","floor":54}],"player_experience":280168,"relics_obtained":[{"floor":23,"key":"Kunai"},{"floor":25,"key":"Vajra"},{"floor":26,"key":"Regal Pillow"},{"floor":31,"key":"Self Forming Clay"},{"floor":41,"key":"The Courier"},{"floor":43,"key":"Happy Flower"},{"floor":44,"key":"Juzu Bracelet"},{"floor":45,"key":"Old Coin"},{"floor":47,"key":"Mercury Hourglass"}],"event_choices":[{"cards_removed":["Strike_R"],"damage_healed":0.0,"max_hp_gain":0.0,"max_hp_loss":0.0,"gold_gain":0.0,"event_name":"Golden Wing","player_choice":"Card Removal","floor":2.0,"gold_loss":0.0,"damage_taken":7.0},{"damage_healed":0.0,"max_hp_gain":0.0,"max_hp_loss":0.0,"gold_gain":0.0,"event_name":"Shining Light","player_choice":"Entered Light","floor":3.0,"gold_loss":0.0,"damage_taken":16.0,"cards_upgraded":["Defend_R","Strike_R"]},{"damage_healed":0.0,"max_hp_gain":0.0,"max_hp_loss":0.0,"gold_gain":0.0,"event_name":"The Woman in Blue","player_choice":"Bought 0 Potions","floor":5.0,"gold_loss":0.0,"damage_taken":0.0},{"damage_healed":0,"gold_gain":0,"player_choice":"Cursed","damage_taken":0,"max_hp_gain":0,"max_hp_loss":0,"event_name":"Wheel of Change","floor":27,"gold_loss":0,"cards_obtained":["Decay"]},{"damage_healed":0,"gold_gain":0,"player_choice":"Ignored","damage_taken":0,"max_hp_gain":0,"max_hp_loss":0,"event_name":"Tomb of Lord Red Mask","floor":37,"gold_loss":0},{"damage_healed":0,"gold_gain":0,"player_choice":"Memory 1","damage_taken":0,"max_hp_gain":0,"max_hp_loss":0,"event_name":"SensoryStone","floor":39,"gold_loss":0},{"damage_healed":0,"gold_gain":0,"player_choice":"Fight","damage_taken":0,"max_hp_gain":0,"max_hp_loss":0,"event_name":"Mysterious Sphere","floor":45,"gold_loss":0}],"is_beta":false,"boss_relics":[{"not_picked":["Calling Bell","Sozu"],"picked":"Cursed Key"},{"not_picked":["Black Star","SlaversCollar"],"picked":"Astrolabe"}],"items_purged_floors":[4,6,19,29,36,38,48,53],"is_endless":false,"potions_floor_spawned":[1,16,18,20,21,22,23,25,28,31,33,35,41,44,45,46,47,54],"ascension_level":3}}