{"host":"se54kqb5s2qquozl","time":1612992983,"event":{"mods":["BaseMod","Colored Powertips","Downfall","Hermit","Minty Spire (QoL Compilation)","Replay The Spire","StSLib"],"gold_per_floor":[99,113,127,140,157,185,185,198,198,298,298,316,316,330,341,446,446,446,462,482,202,218,218,218,218,244,244,244,279,279,324,342,442,442,442,460,479,479,494,494,542,552,552,578,312,312,312,496,516,516],"floor_reached":51,"language":"ENG","playtime":2384,"items_purged":["Slimebound:Strike_Slimebound"],"score":934,"play_id":"5f9c33de-5b04-4d20-aa9d-c854c3cd155a","local_time":"20210210153623","is_ascension_mode":true,"campfire_choices":[{"data":"Slimebound:Split","floor":1.0,"key":"SMITH"},{"data":"Slimebound:LeadByExample","floor":9.0,"key":"SMITH"},{"data":"Slimebound:LeadByExample","floor":11.0,"key":"SMITH"},{"data":"Slimebound:MassRepurpose","floor":13.0,"key":"SMITH"},{"data":"Slimebound:Teamwork","floor":18.0,"key":"SMITH"},{"data":"Slimebound:SlimeBrawl","floor":23.0,"key":"SMITH"},{"floor":25.0,"key":"REST"},{"data":"Slimebound:RainOfGoop","floor":27.0,"key":"SMITH"},{"data":"Slimebound:MassRepurpose","floor":30.0,"key":"SMITH"},{"data":"Slimebound:MassFeed","floor":35.0,"key":"SMITH"},{"data":"Slimebound:Darklings","floor":40.0,"key":"SMITH"},{"data":"Slimebound:SplitMire","floor":43.0,"key":"SMITH"},{"data":"Slimebound:SplitMire","floor":47,"key":"SMITH"}],"circlet_count":0,"master_deck":["Slimebound:Strike_Slimebound","Slimebound:Strike_Slimebound","Slimebound:Tackle","Slimebound:Defend_Slimebound","Slimebound:Defend_Slimebound","Slimebound:Defend_Slimebound","Slimebound:Defend_Slimebound","Slimebound:Split+1","Slimebound:CorrosiveSpit","Slimebound:LeadByExample+1","Slimebound:RainOfGoop+1","Slimebound:LeechingTouch","Slimebound:LeadByExample+1","Slimebound:RainOfGoop+1","Slimebound:SplitMire+1","Slimebound:Teamwork+1","Slimebound:ForwardTackle+1","Slimebound:Prepare+1","Slimebound:SlimeBrawl+1","Slimebound:Prepare+1","Slimebound:SplitMire+1","Slimebound:MassRepurpose+1","Slimebound:MassFeed+1","Slimebound:Prepare+1","Slimebound:Darklings+1","Slimebound:SlimeBrawl+1","Slimebound:LevelUp"],"relics":["Slimebound:AbsorbEndCombatUpgraded","Lantern","Replay:Accelerometer","Membership Card","Gremlin Food","Replay:Rubber Ducky","Counterbalance","Eternal Feather","PreservedInsect","SlaversCollar","ReplayTheSpireMod:Lightbulb","Iron Hammer","Durian","HandDrill","TungstenRod"],"acts_visited":["Exordium","TheCity","TheBeyond"],"potions_floor_usage":[45],"damage_taken":[{"damage":1.0,"enemies":"Jaw Worm","floor":2.0,"turns":4.0},{"damage":10.0,"enemies":"Small Slimes","floor":3.0,"turns":3.0},{"damage":6.0,"enemies":"Cultist","floor":4.0,"turns":3.0},{"damage":10.0,"enemies":"3 Louse","floor":5.0,"turns":3.0},{"damage":1.0,"enemies":"Replay:BlueRogue","floor":6.0,"turns":5.0},{"damage":9.0,"enemies":"Blue Slaver","floor":8.0,"turns":5.0},{"damage":0.0,"enemies":"Large Slime","floor":12.0,"turns":6.0},{"damage":3.0,"enemies":"3 Louse","floor":14.0,"turns":3.0},{"damage":9.0,"enemies":"Blue Slaver","floor":15.0,"turns":3.0},{"damage":5.0,"enemies":"IC_STATUS_ARCHETYPE","floor":16.0,"turns":4.0},{"damage":13.0,"enemies":"3 Byrds","floor":19.0,"turns":5.0},{"damage":34.0,"enemies":"Centurion and Healer","floor":20.0,"turns":6.0},{"damage":8.0,"enemies":"downfall:FleeingMerchant","floor":21.0,"turns":4.0},{"damage":10.0,"enemies":"Snecko","floor":22.0,"turns":4.0},{"damage":18.0,"enemies":"Slavers","floor":26.0,"turns":5.0},{"damage":11.0,"enemies":"Gremlin Leader","floor":29.0,"turns":5.0},{"damage":0.0,"enemies":"Shelled Parasite and Fungi","floor":32.0,"turns":4.0},{"damage":0.0,"enemies":"WA_ARCHETYPE_CALM","floor":33.0,"turns":7.0},{"damage":20.0,"enemies":"3 Shapes","floor":36.0,"turns":3.0},{"damage":18.0,"enemies":"3 Darklings","floor":37.0,"turns":3.0},{"damage":29.0,"enemies":"Maw","floor":39.0,"turns":7.0},{"damage":0.0,"enemies":"Transient","floor":42.0,"turns":5.0},{"damage":0.0,"enemies":"Reptomancer","floor":44.0,"turns":4.0},{"damage":0,"enemies":"downfall:FleeingMerchant","floor":45,"turns":4},{"damage":0,"enemies":"downfall:FleeingMerchant","floor":48,"turns":2},{"damage":2,"enemies":"4 Shapes","floor":49,"turns":4},{"damage":0,"enemies":"SI_POISON_ARCHETYPE","floor":50,"turns":7}],"seed_played":"-2433843228078619457","potions_obtained":[{"floor":2.0,"key":"Venom Potion"},{"floor":5.0,"key":"DistilledChaos"},{"floor":12.0,"key":"LiquidMemories"},{"floor":20.0,"key":"DuplicationPotion"},{"floor":26.0,"key":"AttackPotion"},{"floor":32.0,"key":"DistilledChaos"},{"floor":42.0,"key":"Milkshake"},{"floor":49,"key":"Death Potion"}],"is_trial":false,"path_per_floor":["R","M","M","M","M","E","T","M","R","?","R","M","R","M","M","B",null,"R","M","M","$","M","R","T","R","E","R","?","E","R","T","M","B",null,"R","M","M","?","M","R","T","M","R","E","?","?","R","$","M","B",null],"character_chosen":"SLIMEBOUND","items_purchased":["Membership Card","Gremlin Food","Durian","Slimebound:SlimeBrawl+1","HandDrill","TungstenRod"],"campfire_rested":1,"item_purchase_floors":[21,21,45,45,45,48],"current_hp_per_floor":[65,65,61,59,53,58,58,55,55,55,55,63,63,65,58,59,65,65,64,45,40,36,36,36,55,49,49,49,53,65,65,65,65,65,65,62,59,59,43,58,58,67,77,77,82,82,82,82,86,90],"gold":516,"neow_bonus":"","is_daily":false,"chose_seed":false,"campfire_upgraded":12,"win_rate":0.0,"timestamp":1612992983,"path_taken":["R","M","M","M","M","E","T","M","R","?","R","M","R","M","M","BOSS","R","M","M","$","M","R","T","R","E","R","?","E","R","?","M","BOSS","R","M","M","?","M","R","T","M","R","E","?","?","R","$","M","BOSS"],"items_purchased_type":["Relic","Relic","Relic","Card","Relic","Relic"],"build_version":"2020-12-22","purchased_purges":1,"victory":true,"max_hp_per_floor":[65,65,65,65,65,65,65,65,65,65,65,65,65,65,65,65,65,65,65,65,65,65,65,65,65,65,65,65,65,65,65,65,65,65,65,73,73,73,77,77,77,77,77,77,82,82,82,82,86,90],"card_choices":[{"not_picked":["Slimebound:RainOfGoop","Slimebound:ViciousTackle"],"picked":"Slimebound:LeadByExample","floor":2.0},{"not_picked":["Slimebound:HauntingLick","Slimebound:GoopSpray"],"picked":"Slimebound:RainOfGoop","floor":3.0},{"not_picked":["Slimebound:TongueLash","Slimebound:SlimeTap"],"picked":"Slimebound:LeechingTouch","floor":4.0},{"not_picked":["Slimebound:Prepare","Slimebound:Schlurp"],"picked":"Slimebound:MassRepurpose","floor":5.0},{"not_picked":["Slimebound:Prepare","Slimebound:PrepareCrush"],"picked":"Slimebound:LeadByExample","floor":6.0},{"not_picked":["Slimebound:GoopTackle","Slimebound:FinishingTackle","Slimebound:ItLooksTasty"],"picked":"SKIP","floor":8.0},{"not_picked":["Slimebound:SamplingLick","Slimebound:LeechingTouch"],"picked":"Slimebound:RainOfGoop","floor":12.0},{"not_picked":["Slimebound:ItLooksTasty","Slimebound:AcidTongue","Slimebound:HauntingLick"],"picked":"SKIP","floor":14.0},{"not_picked":["Slimebound:GoopTackle","Slimebound:TongueLash"],"picked":"Slimebound:SplitMire","floor":15.0},{"not_picked":["Slimebound:WasteNot","Slimebound:OozeBath"],"picked":"Slimebound:Teamwork","floor":16.0},{"not_picked":["Slimebound:GoopSpray","Slimebound:GoopTackle"],"picked":"Slimebound:ForwardTackle+1","floor":19.0},{"not_picked":["Slimebound:Chomp","Slimebound:SlimeSpikes+1"],"picked":"Slimebound:Prepare+1","floor":20.0},{"not_picked":["Slimebound:Repurpose+1","Slimebound:GoopSpray+1"],"picked":"Slimebound:SlimeBrawl","floor":21.0},{"not_picked":["Slimebound:Replication","Slimebound:SplitBruiser"],"picked":"Slimebound:Prepare+1","floor":22.0},{"not_picked":["Slimebound:SlimeSpikes","Slimebound:RollThrough+1"],"picked":"Slimebound:SplitMire","floor":26.0},{"not_picked":["Slimebound:ForwardTackle","Slimebound:SplitLeeching+1"],"picked":"Slimebound:MassRepurpose","floor":29.0},{"not_picked":["Slimebound:GoopTackle","Slimebound:Replication","Slimebound:SplitMire"],"picked":"SKIP","floor":32.0},{"not_picked":["Slimebound:DuplicatedForm","Slimebound:FirmFortitude"],"picked":"Slimebound:MassFeed","floor":33.0},{"not_picked":["Slimebound:SplitAcid","Slimebound:Repurpose"],"picked":"Slimebound:Prepare+1","floor":36.0},{"not_picked":["Slimebound:Dissolve","Slimebound:SlimeSpikes","Slimebound:ComboTackle"],"picked":"SKIP","floor":37.0},{"not_picked":["Slimebound:Dissolve","Slimebound:Prepare","Slimebound:SamplingLick"],"picked":"SKIP","floor":39.0},{"not_picked":["Slimebound:Chomp+1","Slimebound:Prepare","Slimebound:Grow"],"picked":"SKIP","floor":42.0},{"not_picked":["Slimebound:SelfFormingGoo","Slimebound:SplitMire","Slimebound:SlimeTap"],"picked":"SKIP","floor":44.0},{"not_picked":["Slimebound:RollThrough","Slimebound:Prepare+1","Slimebound:FinishingTackle+1"],"picked":"SKIP","floor":45},{"not_picked":["Slimebound:SlimeSpikes+1","Slimebound:DisruptingSlam"],"picked":"Slimebound:LevelUp","floor":48},{"not_picked":["Slimebound:MegaLick","Slimebound:SpikyOuterGoop+1","Slimebound:ComboTackle"],"picked":"SKIP","floor":49}],"player_experience":43299,"relics_obtained":[{"floor":6.0,"key":"Lantern"},{"floor":7.0,"key":"Replay:Accelerometer"},{"floor":24.0,"key":"Replay:Rubber Ducky"},{"floor":26.0,"key":"Counterbalance"},{"floor":29.0,"key":"Eternal Feather"},{"floor":31.0,"key":"PreservedInsect"},{"floor":41.0,"key":"ReplayTheSpireMod:Lightbulb"},{"floor":44.0,"key":"Iron Hammer"}],"event_choices":[],"is_beta":false,"boss_relics":[{"not_picked":["Runic Dome","Calling Bell"],"picked":"Slimebound:AbsorbEndCombatUpgraded"},{"not_picked":["Runic Pyramid","Snecko Eye"],"picked":"SlaversCollar"}],"items_purged_floors":[21],"is_endless":false,"potions_floor_spawned":[2,5,12,15,16,20,26,32,33,36,42,49],"ascension_level":1}}