{"host":"8jwrv7sn1174lfer","time":1612997039,"event":{"mods":["BaseMod","Colored Map","Colored Powertips","Downfall","Highlight Path","Minty Spire (QoL Compilation)","StSLib"],"gold_per_floor":[0,20,35,45,45,56,82,82,82,108,25,60,60,78,89,184,184,84,104,116,18,18,18,18],"floor_reached":22,"language":"ENG","playtime":1407,"items_purged":[],"score":216,"play_id":"ff526761-81e9-4361-937b-aa72ec626156","local_time":"20210210174359","is_ascension_mode":true,"campfire_choices":[{"data":"bronze:InfiniteLoop","floor":1,"key":"SMITH"},{"data":"bronze:ItsAFeature","floor":13,"key":"SMITH"},{"data":"bronze:Verify","floor":18,"key":"SMITH"}],"circlet_count":0,"master_deck":["bronze:Strike","bronze:Strike","bronze:Strike","bronze:Strike","bronze:Defend","bronze:Defend","bronze:Defend","bronze:Defend","bronze:Replicate","bronze:Goto","bronze:InfiniteLoop+1","bronze:Return","bronze:FineTuning","bronze:Turbo","bronze:CutThrough","bronze:Terminator","bronze:ItsAFeature+1","bronze:InfiniteBeams","bronze:FineTuning","bronze:Verify+1","bronze:Repulsor","expansioncontent:YouAreMine"],"relics":["bronze:BronzeCore","bronze:BottledCode","Nunchaku","Juzu Bracelet","Oddly Smooth Stone","StrikeDummy","Sozu","downfall:HeartBlessingGreen"],"acts_visited":["Exordium","TheCity"],"potions_floor_usage":[16,16,19],"damage_taken":[{"damage":0,"enemies":"Cultist","floor":2,"turns":3},{"damage":2,"enemies":"Jaw Worm","floor":3,"turns":3},{"damage":10,"enemies":"2 Louse","floor":4,"turns":3},{"damage":4,"enemies":"Red Slaver","floor":6,"turns":3},{"damage":16,"enemies":"Lagavulin","floor":10,"turns":5},{"damage":0,"enemies":"downfall:FleeingMerchant","floor":11,"turns":4},{"damage":22,"enemies":"3 Sentries","floor":12,"turns":7},{"damage":6,"enemies":"Exordium Wildlife","floor":14,"turns":3},{"damage":14,"enemies":"3 Louse","floor":15,"turns":2},{"damage":4,"enemies":"WA_ARCHETYPE_RETAIN","floor":16,"turns":4},{"damage":9,"enemies":"3 Byrds","floor":19,"turns":5},{"damage":34,"enemies":"Snake Plant","floor":20,"turns":3},{"damage":8,"enemies":"downfall:FleeingMerchant","floor":21,"turns":4},{"damage":15,"enemies":"Cultist and Chosen","floor":22,"turns":4}],"seed_played":"-699689431804943024","potions_obtained":[{"floor":2,"key":"DuplicationPotion"},{"floor":3,"key":"FairyPotion"},{"floor":12,"key":"CultistPotion"},{"floor":16,"key":"SpeedPotion"}],"is_trial":false,"path_per_floor":["R","M","M","M","?","M","T","?","?","E","$","E","R","M","M","B",null,"R","M","M","$","M"],"character_chosen":"THE_AUTOMATON","items_purchased":["bronze:ItsAFeature","expansioncontent:YouAreMine"],"campfire_rested":0,"item_purchase_floors":[11,21],"current_hp_per_floor":[70,70,68,58,58,54,54,47,47,31,31,9,9,3,10,6,60,60,51,17,9,0,0,0],"gold":18,"neow_bonus":"THREE_RARE_CARDS","is_daily":false,"chose_seed":false,"campfire_upgraded":3,"win_rate":0.0,"timestamp":1612997039,"path_taken":["R","M","M","M","?","M","T","?","?","E","$","E","R","M","M","BOSS","R","M","M","?","M"],"items_purchased_type":["Card","Card"],"build_version":"2020-12-22","purchased_purges":0,"victory":false,"max_hp_per_floor":[70,70,70,70,60,60,60,60,60,60,60,60,60,60,60,60,60,60,60,60,60,60,60,60],"card_choices":[{"not_picked":["bronze:BurnOut","bronze:ThunderWave"],"picked":"bronze:InfiniteLoop","floor":0},{"not_picked":["bronze:DarkDash","bronze:DelayedGuard"],"picked":"bronze:Return","floor":2},{"not_picked":["bronze:BugBarrage","bronze:BitShift"],"picked":"bronze:FineTuning","floor":3},{"not_picked":["bronze:Invalidate","bronze:BitShift","bronze:WildBeam"],"picked":"SKIP","floor":4},{"not_picked":["bronze:HardenedForm","bronze:Deprecate"],"picked":"bronze:Turbo","floor":6},{"not_picked":["bronze:DelayedGuard","bronze:DarkDash"],"picked":"bronze:CutThrough","floor":10},{"not_picked":["bronze:ThunderWave","bronze:Branch"],"picked":"bronze:Terminator","floor":11},{"not_picked":["bronze:Backtrace","bronze:Philosophize"],"picked":"bronze:InfiniteBeams","floor":12},{"not_picked":["bronze:DelayedSlice","bronze:Branch"],"picked":"bronze:FineTuning","floor":14},{"not_picked":["bronze:BugBarrage","bronze:DelayedGuard","bronze:CloningBeam"],"picked":"SKIP","floor":15},{"not_picked":["bronze:Break","bronze:RecursiveStrike"],"picked":"bronze:Verify","floor":16},{"not_picked":["bronze:Shield","bronze:Fortify"],"picked":"bronze:Repulsor","floor":19},{"not_picked":["bronze:NullPointer+1","bronze:BuggyMess","bronze:Backtrace"],"picked":"SKIP","floor":20},{"not_picked":["bronze:FineTuning","bronze:BugBarrage+1","bronze:CloningBeam"],"picked":"SKIP","floor":21}],"player_experience":756094,"relics_obtained":[{"floor":7,"key":"Nunchaku"},{"floor":10,"key":"Oddly Smooth Stone"},{"floor":12,"key":"StrikeDummy"}],"event_choices":[{"damage_healed":0,"gold_gain":0,"player_choice":"Success","damage_taken":7,"relics_obtained":["Juzu Bracelet"],"max_hp_gain":0,"max_hp_loss":0,"event_name":"Scrap Ooze","floor":8,"gold_loss":0}],"is_beta":false,"boss_relics":[{"not_picked":["Black Star","Tiny House"],"picked":"Sozu"}],"items_purged_floors":[],"is_endless":false,"potions_floor_spawned":[2,3,12,14,16,19],"killed_by":"Cultist and Chosen","ascension_level":2}}