{"host":"899crud3100o27sg","time":1612916507,"event":{"mods":["BaseMod","Better Third Choice","Colored Map","Colored Powertips","Downfall","Minty Spire (QoL Compilation)","Quick Restart","Relic Stats","Shop Mod","StSLib","The IronCluck"],"gold_per_floor":[118,128,139,152,165,165,192,212,212,237,237,11,11,29,29,100,100,120,120,120,130,130,159,159,174,174,174,174,186,186,205,205,205,205],"floor_reached":33,"language":"ENG","playtime":1611,"items_purged":["Strike_R"],"score":532,"play_id":"7e8fd32a-1661-4785-b204-ca67f7c4b1eb","local_time":"20210210105147","is_ascension_mode":true,"campfire_choices":[{"data":"Searing Blow","floor":6.0,"key":"SMITH"},{"data":"Searing Blow+2","floor":13.0,"key":"SMITH"},{"data":"Searing Blow+3","floor":15.0,"key":"SMITH"},{"data":"Searing Blow+4","floor":24.0,"key":"SMITH"},{"data":"Searing Blow+5","floor":28.0,"key":"SMITH"},{"data":"Searing Blow+6","floor":30.0,"key":"SMITH"},{"data":"Searing Blow+7","floor":32,"key":"SMITH"}],"circlet_count":0,"master_deck":["AscendersBane","Defend_R","Defend_R","Defend_R","Defend_R","Bash","Flame Barrier","Searing Blow+8","Wild Strike","Pommel Strike","Intimidate","Shrug It Off","Headbutt","Fiend Fire","Clothesline","Slimebound:Tackle+1","Slimebound:Tackle+1","Slimebound:Tackle+1","downfall:Bewildered","Shockwave","Burning Pact"],"relics":["Black Blood","Darkstone Periapt","Centennial Puzzle","Self Forming Clay","Blood Vial","sneckomod:BabySnecko","Dream Catcher"],"acts_visited":["Exordium","TheCity"],"potions_floor_usage":[33,33],"damage_taken":[{"damage":9.0,"enemies":"Jaw Worm","floor":1.0,"turns":4.0},{"damage":6.0,"enemies":"Small Slimes","floor":2.0,"turns":6.0},{"damage":1.0,"enemies":"2 Louse","floor":3.0,"turns":3.0},{"damage":3.0,"enemies":"Looter","floor":4.0,"turns":3.0},{"damage":30.0,"enemies":"Large Slime","floor":5.0,"turns":8.0},{"damage":35.0,"enemies":"3 Sentries","floor":7.0,"turns":10.0},{"damage":7.0,"enemies":"Red Slaver","floor":8.0,"turns":4.0},{"damage":15.0,"enemies":"Lagavulin","floor":10.0,"turns":6.0},{"damage":6.0,"enemies":"Exordium Thugs","floor":14.0,"turns":5.0},{"damage":36.0,"enemies":"The Guardian","floor":16.0,"turns":12.0},{"damage":1.0,"enemies":"3 Byrds","floor":18.0,"turns":3.0},{"damage":3.0,"enemies":"Spheric Guardian","floor":21.0,"turns":3.0},{"damage":29.0,"enemies":"Slavers","floor":23.0,"turns":4.0},{"damage":9.0,"enemies":"Chosen and Byrds","floor":25.0,"turns":4.0},{"damage":21.0,"enemies":"3 Cultists","floor":29.0,"turns":5.0},{"damage":6,"enemies":"Centurion and Healer","floor":31,"turns":3},{"damage":66,"enemies":"Champ","floor":33,"turns":7}],"seed_played":"1780026042239733522","potions_obtained":[{"floor":1.0,"key":"AttackPotion"},{"floor":2.0,"key":"AttackPotion"},{"floor":7.0,"key":"hexamod:SoulburnPotion"},{"floor":8.0,"key":"AttackPotion"},{"floor":14.0,"key":"FairyPotion"},{"floor":18.0,"key":"PowerPotion"},{"floor":21.0,"key":"AttackPotion"},{"floor":25.0,"key":"PowerPotion"}],"is_trial":false,"path_per_floor":["M","M","M","M","M","R","E","M","T","E","?","$","R","M","R","B",null,"M","?","?","M","?","E","R","M","T","?","R","M","R","M","R","B"],"character_chosen":"IRONCLAD","items_purchased":["Blood Vial"],"campfire_rested":0,"item_purchase_floors":[12],"current_hp_per_floor":[72,72,77,80,56,56,27,26,26,17,17,17,17,19,19,21,67,80,56,56,67,73,58,58,63,63,63,63,56,56,64,64,0,0],"gold":205,"neow_bonus":"TEN_PERCENT_HP_BONUS","is_daily":false,"chose_seed":false,"campfire_upgraded":7,"win_rate":0.0,"timestamp":1612916507,"path_taken":["M","M","M","M","M","R","E","M","T","E","?","?","R","M","R","BOSS","M","?","?","M","?","E","R","M","T","?","R","M","R","?","R","BOSS"],"items_purchased_type":["Relic"],"build_version":"2020-12-22","purchased_purges":1,"victory":false,"max_hp_per_floor":[82,82,82,82,82,82,82,82,82,82,82,82,82,82,82,82,82,82,87,87,87,93,93,93,93,93,93,93,93,93,93,93,93,93],"relic_stats":{"Darkstone Periapt":6,"Blood Vial":18,"Centennial Puzzle":[30],"Dream Catcher":0,"counters":[17,89],"Self Forming Clay":[108],"Black Blood":132,"obtain_stats":[{"Darkstone Periapt":7,"Blood Vial":12,"sneckomod:BabySnecko":22,"Centennial Puzzle":9,"Dream Catcher":23,"Self Forming Clay":10,"Black Blood":17,"Burning Blood":0},{"Darkstone Periapt":6,"Blood Vial":8,"sneckomod:BabySnecko":12,"Centennial Puzzle":7,"Dream Catcher":13,"Self Forming Clay":8,"Black Blood":10,"Burning Blood":0},{"Darkstone Periapt":34,"Blood Vial":44,"sneckomod:BabySnecko":67,"Centennial Puzzle":38,"Dream Catcher":71,"Self Forming Clay":44,"Black Blood":61,"Burning Blood":0}]},"card_choices":[{"not_picked":["Perfected Strike","Blood for Blood"],"picked":"Flame Barrier","floor":1.0},{"not_picked":["Havoc","Pummel"],"picked":"Searing Blow","floor":2.0},{"not_picked":["Heavy Blade","Anger"],"picked":"Wild Strike","floor":3.0},{"not_picked":["Sword Boomerang","Perfected Strike"],"picked":"Pommel Strike","floor":4.0},{"not_picked":["Hemokinesis","Bloodletting"],"picked":"Intimidate","floor":5.0},{"not_picked":["Shockwave","Heavy Blade"],"picked":"Shrug It Off","floor":7.0},{"not_picked":["Cleave","Twin Strike","Flex"],"picked":"SKIP","floor":8.0},{"not_picked":["Sword Boomerang","Clash"],"picked":"Headbutt","floor":10.0},{"not_picked":["Power Through","Flame Barrier","Sword Boomerang"],"picked":"SKIP","floor":14.0},{"not_picked":["Immolate","Bludgeon"],"picked":"Fiend Fire","floor":16.0},{"not_picked":["Clash","Headbutt"],"picked":"Clothesline","floor":18.0},{"not_picked":["Clash","Reaper","Anger"],"picked":"SKIP","floor":21.0},{"not_picked":["Thunderclap","Carnage"],"picked":"Shockwave","floor":23.0},{"not_picked":["Warcry","Twin Strike","Havoc"],"picked":"SKIP","floor":25.0},{"not_picked":["Heavy Blade","Carnage","Clash+1"],"picked":"SKIP","floor":29.0},{"not_picked":["Rampage","Pummel"],"picked":"Burning Pact","floor":31}],"player_experience":1035592,"relics_obtained":[{"floor":7.0,"key":"Darkstone Periapt"},{"floor":9.0,"key":"Centennial Puzzle"},{"floor":10.0,"key":"Self Forming Clay"},{"floor":23.0,"key":"Dream Catcher"}],"event_choices":[{"damage_healed":0.0,"max_hp_gain":0.0,"max_hp_loss":0.0,"gold_gain":0.0,"event_name":"Living Wall","player_choice":"Grow","floor":11.0,"gold_loss":0.0,"damage_taken":0.0,"cards_upgraded":["Searing Blow"]},{"damage_healed":0.0,"max_hp_gain":5.0,"max_hp_loss":0.0,"gold_gain":0.0,"event_name":"Forgotten Altar","player_choice":"Shed Blood","floor":19.0,"gold_loss":0.0,"damage_taken":29.0},{"damage_healed":0.0,"max_hp_gain":0.0,"max_hp_loss":0.0,"gold_gain":0.0,"event_name":"Match and Keep!","player_choice":"0 cards matched","floor":27.0,"gold_loss":0.0,"damage_taken":0.0,"cards_obtained":[]}],"is_beta":false,"boss_relics":[{"not_picked":["Calling Bell","Runic Cube"],"picked":"Black Blood"}],"items_purged_floors":[12],"is_endless":false,"potions_floor_spawned":[1,2,7,8,14,18,21,25],"killed_by":"Champ","ascension_level":15}}