{"host":"p6x4b30m1ltzgl6z","time":1612931763,"event":{"mods":["2.2 Compatiblity","Act Like it!","BaseMod","Colored Powertips","Curses Come First","Defective Defect","Gensokyo","GifTheSpireLib","Halation","Hallownest","Infinite Spire","Marisa????????","Minty Spire (QoL Compilation)","Quick Restart","Rare Cards Sparkle","Reimu??????","Replay The Spire","StSLib","Stuff the Spire","The Bug Knight","The Servant 0.9.4","everything is the same but u backflip on backflip","slay the spire mod where everything is the same but ironclad has a cowboy hat"],"gold_per_floor":[110,110,124,124,142,195,209,209,263,280,280,280,294,339,339,439,439,449,48,48,60,310,310,336,336,336,336,336],"floor_reached":27,"language":"ENG","playtime":3567,"items_purged":[],"score":256,"play_id":"9334f5bc-9a0a-4ac4-ace0-0ec704dbd3a5","local_time":"20210209223603","is_ascension_mode":false,"campfire_choices":[{"floor":8,"key":"REST"},{"data":"EnergyRecoil","floor":12,"key":"SMITH"},{"floor":15,"key":"REST"},{"floor":23,"key":"REST"}],"circlet_count":0,"master_deck":["Strike_MRS","Strike_MRS+1","Strike_MRS","Strike_MRS+1","Defend_MRS","Defend_MRS","Defend_MRS","Defend_MRS","MasterSpark+1","UpSweep","SuperPerseids","Robbery","MilkyWay","EnergyRecoil+1","OrrerysSun","PowerUp","GasGiant","SprinkleStarSeal","FinalSpark","EnergyFlow","Gensokyo:TurboGranny","Gensokyo:Shovel","Gensokyo:TarnishedGold","Gensokyo:RustyChest","Gensokyo:BlemishedSteel","ChargingUp","MilkyWay+1"],"relics":["MiniHakkero","NeowsBlessing","Hallownest:DreamNailRelic","halation:PromiseList","RedLine:ReiMu","Calipers","White Beast Statue"],"acts_visited":["Hallownest:Greenpath","Gensokyo:Gensokyoer"],"potions_floor_usage":[16,27],"damage_taken":[{"damage":0,"enemies":"Hallownest:2_MossCreeps","floor":1,"turns":1},{"damage":0,"enemies":"2_ Uuma","floor":3,"turns":1},{"damage":0,"enemies":"Hallownest:2_Baldur","floor":5,"turns":1},{"damage":17,"enemies":"Hallownest:eliteMossKnight","floor":6,"turns":11},{"damage":3,"enemies":"Hallownest:monsterAspidMother","floor":7,"turns":5},{"damage":0,"enemies":"Hallownest:monsterMossCharger","floor":10,"turns":5},{"damage":16,"enemies":"Hallownest:1_Ooma_and_2_Uuma","floor":13,"turns":8},{"damage":3,"enemies":"Hallownest:MossCreep_and_Mosskin","floor":14,"turns":5},{"damage":4,"enemies":"Hallownest:BossHornet","floor":16,"turns":9},{"damage":24,"enemies":"Gensokyo:3_Dogs","floor":18,"turns":11},{"damage":4,"enemies":"Gensokyo:Chomper","floor":21,"turns":5},{"damage":41,"enemies":"Gensokyo:Tenshi","floor":24,"turns":7},{"damage":69,"enemies":"Gensokyo:3_Gloops","floor":27,"turns":4}],"seed_played":"4515647041200295685","potions_obtained":[{"floor":1,"key":"FairyPotion"},{"floor":10,"key":"Dexterity Potion"},{"floor":13,"key":"GrandPatriotsElixir:ReiMu"},{"floor":16,"key":"ShroomBrew"}],"is_trial":false,"path_per_floor":["M","?","M","?","M","E","M","R","T","M","?","R","M","M","R","B",null,"M","COS","?","M","?","R","E","?","T","M"],"character_chosen":"MARISA","items_purchased":[],"campfire_rested":3,"item_purchase_floors":[],"current_hp_per_floor":[75,75,75,75,75,58,55,75,75,75,75,75,59,56,75,71,75,51,51,51,47,47,69,28,28,28,0,0],"gold":336,"neow_bonus":"THREE_ENEMY_KILL","is_daily":false,"chose_seed":false,"campfire_upgraded":1,"win_rate":0.0,"timestamp":1612931763,"path_taken":["M","?","M","?","?","E","M","R","T","M","?","R","M","M","R","BOSS","M","COS","?","M","?","R","E","?","T","M"],"items_purchased_type":[],"build_version":"2020-12-22","purchased_purges":0,"victory":false,"max_hp_per_floor":[75,75,75,75,75,75,75,75,75,75,75,75,75,75,75,75,75,75,75,75,75,75,75,75,75,75,75,75],"card_choices":[{"not_picked":["RefractionSpark","Orbital"],"picked":"SuperPerseids","floor":1},{"not_picked":["StarlightTyphoon","DC"],"picked":"Robbery","floor":3},{"not_picked":["WitchLeyline","NonDirectionalLaser"],"picked":"MilkyWay","floor":5},{"not_picked":["WitchOfGreed","ManaConvection"],"picked":"EnergyRecoil","floor":6},{"not_picked":["BlazeAway","MysteriousBeam"],"picked":"OrrerysSun","floor":7},{"not_picked":["DoubleSpark","BlazeAway"],"picked":"PowerUp","floor":10},{"not_picked":["OneTimeOff","LuminesStrike"],"picked":"GasGiant","floor":13},{"not_picked":["MilkyWay","GrandCross"],"picked":"SprinkleStarSeal","floor":14},{"not_picked":["CollectingQuirk","BigCrunch"],"picked":"FinalSpark","floor":16},{"not_picked":["StarlightTyphoon","MilkyWay+1"],"picked":"EnergyFlow","floor":18},{"not_picked":["StarBarrage+1","6A+1"],"picked":"MilkyWay+1","floor":21},{"not_picked":["MeteoricShower+1","MysteriousBeam","DeepEcoloBomb+1"],"picked":"SKIP","floor":21},{"not_picked":["ShootTheMoon","WitchLeyline","PowerUp"],"picked":"SKIP","floor":24}],"player_experience":165094,"relics_obtained":[{"floor":6,"key":"Pet Ghost"},{"floor":9,"key":"halation:PromiseList"},{"floor":24,"key":"Calipers"},{"floor":26,"key":"White Beast Statue"}],"event_choices":[],"is_beta":false,"boss_relics":[{"not_picked":["Busted Crown","RampagingMagicTools"],"picked":"RedLine:ReiMu"}],"items_purged_floors":[],"is_endless":false,"potions_floor_spawned":[1,10,13,16,24],"killed_by":"Gensokyo:3_Gloops","ascension_level":0}}