{"host":"899crud3100o27sg","time":1612936386,"event":{"mods":["BaseMod","Better Third Choice","Colored Map","Colored Powertips","Downfall","Minty Spire (QoL Compilation)","Quick Restart","Relic Stats","Shop Mod","StSLib","The IronCluck"],"gold_per_floor":[16,16,36,55,70,97,97,116,142,174,174,174,174],"floor_reached":12,"language":"ENG","playtime":555,"items_purged":[],"score":158,"play_id":"2147fb92-bffc-43c1-b21c-a0e6a115eb7e","local_time":"20210210162306","is_ascension_mode":true,"campfire_choices":[{"data":"Cleave","floor":7,"key":"SMITH"}],"circlet_count":0,"master_deck":["AscendersBane","Strike_R","Strike_R","Defend_R","Defend_R","Defend_R","Defend_R","Bash","Cleave+1","Shockwave","Rage","True Grit","Iron Wave","Sentinel","Corruption","Dropkick"],"relics":["Burning Blood","Question Card","Akabeko","Boot"],"acts_visited":["Exordium"],"potions_floor_usage":[6,6,10],"damage_taken":[{"damage":18,"enemies":"Jaw Worm","floor":1,"turns":5},{"damage":0,"enemies":"Cultist","floor":3,"turns":4},{"damage":5,"enemies":"2 Louse","floor":4,"turns":2},{"damage":27,"enemies":"Large Slime","floor":5,"turns":7},{"damage":24,"enemies":"3 Sentries","floor":6,"turns":8},{"damage":3,"enemies":"2 Fungi Beasts","floor":8,"turns":4},{"damage":10,"enemies":"Lagavulin","floor":10,"turns":5},{"damage":25,"enemies":"3 Sentries","floor":12,"turns":4}],"seed_played":"8404120400570116616","potions_obtained":[{"floor":1,"key":"Regen Potion"},{"floor":2,"key":"PowerPotion"},{"floor":3,"key":"hexamod:SoulburnPotion"},{"floor":6,"key":"hexamod:SoulburnPotion"}],"is_trial":false,"path_per_floor":["M","?","M","M","M","E","R","M","T","E","?","E"],"character_chosen":"IRONCLAD","items_purchased":[],"campfire_rested":0,"item_purchase_floors":[],"current_hp_per_floor":[56,56,62,63,42,24,24,27,27,23,23,0,0],"gold":174,"neow_bonus":"REMOVE_TWO","is_daily":false,"chose_seed":false,"campfire_upgraded":1,"win_rate":0.0,"timestamp":1612936386,"path_taken":["M","?","M","M","M","E","R","?","T","E","?","E"],"items_purchased_type":[],"build_version":"2020-12-22","purchased_purges":0,"victory":false,"max_hp_per_floor":[75,75,75,75,75,75,75,75,75,75,75,75,75],"relic_stats":{"counters":[8,39],"Question Card":2,"Boot":[0],"obtain_stats":[{"Question Card":6,"Boot":10,"Burning Blood":0,"Akabeko":9},{"Question Card":5,"Boot":7,"Burning Blood":0,"Akabeko":6},{"Question Card":26,"Boot":35,"Burning Blood":0,"Akabeko":30}],"Burning Blood":42},"card_choices":[{"not_picked":["Burning Pact","Hemokinesis"],"picked":"Cleave","floor":1},{"not_picked":["Bloodletting","Entrench"],"picked":"Shockwave","floor":3},{"not_picked":["Havoc","Clash"],"picked":"Rage","floor":4},{"not_picked":["Warcry","Entrench"],"picked":"True Grit","floor":5},{"not_picked":["Headbutt","Perfected Strike"],"picked":"Iron Wave","floor":6},{"not_picked":["Burning Pact","Pommel Strike","Reckless Charge"],"picked":"Sentinel","floor":8},{"not_picked":["Twin Strike","Metallicize","Flame Barrier"],"picked":"Corruption","floor":10}],"player_experience":1037203,"relics_obtained":[{"floor":6,"key":"Question Card"},{"floor":9,"key":"Akabeko"},{"floor":10,"key":"Boot"}],"event_choices":[{"damage_healed":0,"gold_gain":0,"player_choice":"Got Potions","damage_taken":0,"max_hp_gain":0,"max_hp_loss":0,"event_name":"Lab","floor":2,"gold_loss":0},{"damage_healed":0,"gold_gain":0,"cards_transformed":["Strike_R"],"player_choice":"Transformed","damage_taken":0,"max_hp_gain":0,"max_hp_loss":0,"event_name":"Transmorgrifier","floor":11,"gold_loss":0,"cards_obtained":["Dropkick"]}],"is_beta":false,"boss_relics":[],"items_purged_floors":[],"is_endless":false,"potions_floor_spawned":[1,3,4,6],"killed_by":"3 Sentries","ascension_level":15}}