{"host":"11728qvdvolffudn","time":1612996535,"event":{"mods":["BaseMod","Block Reminder","Colored Powertips","Curses Come First","Custom Start","Displayed Cursed Tome","Highlight Path","Minty Spire (QoL Compilation)","Permanent Neow","Quick Restart","Rare Cards Sparkle","Relic Stats","StSLib","Weighted Paths"],"gold_per_floor":[110,110,35,35,48,48,73,73,73,102,102,128,148,54,54,159,159,177,188,201,101,119,119,152,152,175,189,200,200,220,234,234,234,234],"floor_reached":33,"language":"ENG","playtime":2192,"items_purged":["Strike_R","Defend_R"],"score":344,"play_id":"f84579ba-aa07-4aad-8283-d28a6f60250a","local_time":"20210210223535","is_ascension_mode":true,"campfire_choices":[{"data":"Infernal Blade","floor":6,"key":"SMITH"},{"data":"Rampage","floor":8,"key":"SMITH"},{"data":"Defend_R","floor":11,"key":"SMITH"},{"data":"Inflame","floor":15,"key":"SMITH"},{"data":"Immolate","floor":23,"key":"SMITH"},{"data":"Iron Wave","floor":29,"key":"SMITH"},{"data":"Flex","floor":32,"key":"SMITH"}],"circlet_count":0,"master_deck":["Strike_R","Defend_R+1","Defend_R+1","Defend_R","Bash","Infernal Blade+1","Rampage+1","Perfected Strike","Iron Wave+1","Inflame+1","Cleave","Bandage Up+1","Immolate+1","Iron Wave","Shrug It Off+1","Battle Trance","Double Tap","Good Instincts","Flex+1"],"relics":["Burning Blood","Gambling Chip","Eternal Feather","Ancient Tea Set","Orichalcum","War Paint","Regal Pillow"],"acts_visited":["Exordium","TheCity"],"potions_floor_usage":[7,16,18,27,28,33,33],"damage_taken":[{"damage":5,"enemies":"Small Slimes","floor":1,"turns":4},{"damage":1,"enemies":"Cultist","floor":5,"turns":3},{"damage":12,"enemies":"Gremlin Nob","floor":7,"turns":3},{"damage":45,"enemies":"3 Sentries","floor":10,"turns":8},{"damage":14,"enemies":"Lagavulin","floor":12,"turns":6},{"damage":2,"enemies":"2 Louse","floor":13,"turns":2},{"damage":43,"enemies":"The Guardian","floor":16,"turns":10},{"damage":5,"enemies":"Spheric Guardian","floor":18,"turns":3},{"damage":20,"enemies":"2 Thieves","floor":19,"turns":3},{"damage":14,"enemies":"3 Cultists","floor":20,"turns":4},{"damage":34,"enemies":"Shelled Parasite and Fungi","floor":22,"turns":7},{"damage":11,"enemies":"Gremlin Leader","floor":24,"turns":5},{"damage":14,"enemies":"Sentry and Sphere","floor":27,"turns":4},{"damage":10,"enemies":"Snake Plant","floor":28,"turns":4},{"damage":2,"enemies":"Centurion and Healer","floor":30,"turns":2},{"damage":22,"enemies":"Shelled Parasite and Fungi","floor":31,"turns":4},{"damage":80,"enemies":"Automaton","floor":33,"turns":6}],"seed_played":"-6639544072016311436","potions_obtained":[{"floor":1,"key":"FearPotion"},{"floor":13,"key":"EssenceOfSteel"},{"floor":16,"key":"LiquidBronze"},{"floor":19,"key":"AttackPotion"},{"floor":22,"key":"DistilledChaos"},{"floor":27,"key":"SpeedPotion"},{"floor":30,"key":"Energy Potion"},{"floor":31,"key":"Regen Potion"}],"is_trial":false,"path_per_floor":["M","?","$","?","M","R","E","R","T","E","R","E","M","$","R","B",null,"M","M","M","$","M","R","E","?","T","M","M","R","M","M","R","B"],"character_chosen":"IRONCLAD","items_purchased":["Bandage Up"],"campfire_rested":0,"item_purchase_floors":[14],"current_hp_per_floor":[80,80,80,80,80,80,74,74,74,35,41,33,37,37,43,10,80,80,66,62,62,38,47,46,46,46,44,46,55,59,49,58,0,0],"gold":234,"neow_bonus":"TRANSFORM_CARD","is_daily":false,"chose_seed":false,"campfire_upgraded":7,"win_rate":0.0,"timestamp":1612996535,"path_taken":["M","?","?","?","M","R","E","R","T","E","R","E","M","$","R","BOSS","M","?","?","$","M","R","E","?","T","M","?","R","M","M","R","BOSS"],"items_purchased_type":["Card"],"build_version":"2020-12-22","purchased_purges":2,"victory":false,"max_hp_per_floor":[80,80,80,80,80,80,80,80,80,80,80,80,80,80,80,80,80,80,80,80,80,80,80,80,80,80,80,80,80,80,80,80,80,80],"relic_stats":{"Regal Pillow":0,"counters":[17,78],"Gambling Chip":[40],"Eternal Feather":39,"Orichalcum":[114],"War Paint":["Defend_R","Bandage Up"],"obtain_stats":[{"Regal Pillow":26,"Gambling Chip":7,"Eternal Feather":9,"Orichalcum":12,"War Paint":24,"Ancient Tea Set":10,"Burning Blood":0},{"Regal Pillow":12,"Gambling Chip":3,"Eternal Feather":3,"Orichalcum":5,"War Paint":12,"Ancient Tea Set":4,"Burning Blood":0},{"Regal Pillow":58,"Gambling Chip":10,"Eternal Feather":10,"Orichalcum":24,"War Paint":58,"Ancient Tea Set":18,"Burning Blood":0}],"Burning Blood":85},"card_choices":[{"not_picked":["Sword Boomerang","Warcry"],"picked":"Rampage","floor":1},{"not_picked":["True Grit","Armaments"],"picked":"Iron Wave","floor":5},{"not_picked":["True Grit","Sever Soul"],"picked":"Inflame","floor":7},{"not_picked":["Twin Strike","Sever Soul"],"picked":"Cleave","floor":10},{"not_picked":["Cleave","Burning Pact","Seeing Red"],"picked":"SKIP","floor":12},{"not_picked":["True Grit","Clash","Heavy Blade"],"picked":"SKIP","floor":13},{"not_picked":["Barricade","Berserk"],"picked":"Immolate","floor":16},{"not_picked":["Wild Strike","Armaments"],"picked":"Iron Wave","floor":18},{"not_picked":["Searing Blow","Power Through"],"picked":"Shrug It Off+1","floor":19},{"not_picked":["Twin Strike","True Grit+1","Sword Boomerang+1"],"picked":"SKIP","floor":20},{"not_picked":["Ghostly Armor","Clash"],"picked":"Battle Trance","floor":22},{"not_picked":["Corruption","Armaments+1","Thunderclap"],"picked":"SKIP","floor":24},{"not_picked":["Heavy Blade","Evolve+1","Shrug It Off+1"],"picked":"SKIP","floor":27},{"not_picked":["Carnage+1","Power Through","Thunderclap"],"picked":"SKIP","floor":28},{"not_picked":["Fire Breathing","Disarm+1","Rampage"],"picked":"SKIP","floor":30},{"not_picked":["Body Slam","Heavy Blade+1"],"picked":"Flex","floor":31}],"player_experience":191479,"relics_obtained":[{"floor":7,"key":"Gambling Chip"},{"floor":9,"key":"Eternal Feather"},{"floor":10,"key":"Ancient Tea Set"},{"floor":12,"key":"Orichalcum"},{"floor":24,"key":"War Paint"},{"floor":26,"key":"Regal Pillow"}],"event_choices":[{"damage_healed":0,"gold_gain":0,"cards_transformed":["Strike_R"],"player_choice":"Transformed","damage_taken":0,"max_hp_gain":0,"max_hp_loss":0,"event_name":"Transmorgrifier","floor":2,"gold_loss":0,"cards_obtained":["Perfected Strike"]},{"cards_removed":["Strike_R"],"damage_healed":0,"gold_gain":0,"player_choice":"Offered Basic","damage_taken":0,"max_hp_gain":0,"max_hp_loss":0,"event_name":"Bonfire Elementals","floor":4,"gold_loss":0},{"damage_healed":0,"gold_gain":0,"player_choice":"2 cards matched","damage_taken":0,"max_hp_gain":0,"max_hp_loss":0,"event_name":"Match and Keep!","floor":25,"gold_loss":0,"cards_obtained":["Double Tap","Good Instincts"]}],"is_beta":false,"boss_relics":[{"not_picked":["Ectoplasm","Busted Crown","Fusion Hammer"]}],"items_purged_floors":[3,21],"is_endless":false,"potions_floor_spawned":[1,13,16,19,22,27,30,31],"killed_by":"Automaton","ascension_level":4}}