{"host":"prxrhpgaxnj4om9r","time":1612999001,"event":{"mods":["AchievementEnabler","BaseMod","DeckTracker","Keyboard Shortcuts","Minty Spire (QoL Compilation)"],"gold_per_floor":[113,113,123,141,158,188,206,206,206],"floor_reached":8,"language":"KOR","playtime":543,"items_purged":[],"score":60,"play_id":"6a92b7e8-9b67-40ee-b84c-aa001b23fced","local_time":"20210211081641","is_ascension_mode":false,"campfire_choices":[],"circlet_count":0,"master_deck":["Survivor","Neutralize","Blade Dance","Noxious Fumes","Distraction","Concentrate","Cloak And Dagger","Storm of Steel","Expertise","Die Die Die","Grand Finale","Bane","Flying Knee","Finisher","Deadly Poison","Quick Slash","All Out Attack","Endless Agony"],"relics":["Pandora\u0027s Box","Omamori"],"acts_visited":["Exordium"],"potions_floor_usage":[6,6,8],"damage_taken":[{"damage":11,"enemies":"Jaw Worm","floor":1,"turns":3},{"damage":0,"enemies":"Cultist","floor":3,"turns":3},{"damage":12,"enemies":"Small Slimes","floor":4,"turns":3},{"damage":9,"enemies":"Gremlin Gang","floor":5,"turns":3},{"damage":29,"enemies":"Gremlin Nob","floor":6,"turns":4},{"damage":12,"enemies":"Blue Slaver","floor":7,"turns":2},{"damage":12,"enemies":"Lagavulin","floor":8,"turns":4}],"seed_played":"3825924474740587665","potions_obtained":[{"floor":4,"key":"Regen Potion"},{"floor":5,"key":"Block Potion"},{"floor":7,"key":"PowerPotion"}],"is_trial":false,"path_per_floor":["M","?","M","M","M","E","M","E"],"character_chosen":"THE_SILENT","items_purchased":[],"campfire_rested":0,"item_purchase_floors":[],"current_hp_per_floor":[59,59,59,47,38,23,11,0,0],"gold":206,"neow_bonus":"BOSS_RELIC","is_daily":false,"chose_seed":false,"campfire_upgraded":0,"win_rate":0.0,"timestamp":1612999001,"path_taken":["M","?","?","M","M","E","M","E"],"items_purchased_type":[],"build_version":"2020-12-22","purchased_purges":0,"victory":false,"max_hp_per_floor":[70,70,70,70,70,70,70,70,70],"card_choices":[{"not_picked":["PiercingWail","Infinite Blades"],"picked":"Flying Knee","floor":1},{"not_picked":["Underhanded Strike","Reflex"],"picked":"Finisher","floor":3},{"not_picked":["Underhanded Strike","Tactician"],"picked":"Deadly Poison","floor":4},{"not_picked":["Acrobatics","Flying Knee"],"picked":"Quick Slash","floor":5},{"not_picked":["Crippling Poison","Bane"],"picked":"All Out Attack","floor":6},{"not_picked":["Bullet Time","PiercingWail"],"picked":"Endless Agony","floor":7}],"player_experience":372139,"relics_obtained":[{"floor":6,"key":"Omamori"}],"event_choices":[{"damage_healed":0,"gold_gain":0,"player_choice":"Ignored","damage_taken":0,"max_hp_gain":0,"max_hp_loss":0,"event_name":"NoteForYourself","floor":2,"gold_loss":0}],"is_beta":false,"boss_relics":[],"items_purged_floors":[],"is_endless":false,"potions_floor_spawned":[4,5,7],"killed_by":"Lagavulin","ascension_level":0}}