{"host":"rm0ctv8qd8mnbkg1","time":1612965141,"event":{"mods":["BaseMod","Beaked The Cultist","BetterRewards","Colored Map","DNKmod","Dark Map","Defuse TimeMaze Blight","Downfall","Friendly Minions","Halation","Hubris","Marisa????????","Minty Spire (QoL Compilation)","MostiFishMod","Permanent Neow","Quarter Circle Forward PUNCH!","RRrroohrrRGHHhhh!!","Rare Cards Sparkle","Relic Sorter","Reliquary","Replay The Spire","RumiaBox-????????","Shade Mod","Shop Mod","Spicy Shops","Spire Arcade","StS++","StSLib","The Construct","The Servant 0.9.4","TheVacant","Wandering Minibosses","??????REMEMod"],"gold_per_floor":[10000,10000,10000,9228,9228,9151,9151,8766,8766,8795,8795,8826,8845,8864,8884,8988,8988,8988,9008,9008,9027,9038,9048,9075,9075,8226,8251,8251,7721,7780,7854,7896,8101,8101,8101,8185,8047,9002,9048,9048,9048,9116,9167,9167,9167,9067,9163,9063,9140,9285],"floor_reached":51,"language":"ENG","playtime":5102,"items_purged":["Pain","Normality"],"score":1155,"play_id":"f6d5f90c-dce1-4a5e-a9b6-d27a465e3d9e","local_time":"20210210135221","is_ascension_mode":false,"campfire_choices":[{"data":"bronze:Replicate","floor":1,"key":"SMITH"},{"data":"bronze:ChosenStrike","floor":18,"key":"SMITH"},{"data":"bronze:ChosenStrike","floor":18,"key":"SMITH"},{"data":"bronze:Spike","floor":25,"key":"SMITH"},{"data":"bronze:FineTuning","floor":25,"key":"SMITH"},{"data":"bronze:HyperBeam","floor":28,"key":"SMITH"},{"data":"bronze:Goto","floor":28,"key":"SMITH"},{"data":"bronze:Iterate","floor":35,"key":"SMITH"},{"data":"bronze:Iterate","floor":35,"key":"SMITH"},{"data":"bronze:OilSpill","floor":46,"key":"SMITH"},{"data":"bronze:ClassDefault","floor":46,"key":"SMITH"},{"data":"bronze:DelayedSlice","floor":48,"key":"SMITH"},{"data":"bronze:RecursiveStrike","floor":48,"key":"SMITH"}],"circlet_count":0,"master_deck":["bronze:Strike","bronze:Strike","bronze:Strike","bronze:Strike","bronze:Defend","bronze:Defend","bronze:Defend","bronze:Defend","bronze:Replicate+1","bronze:Goto+1","MostiFishMod:Neptune","MostiFishMod:TheEndOfMoonlight","MostiFishMod:SparklingWater","MostiFishMod:FantasySummer","MostiFishMod:NightSea","Envenom","bronze:Invalidate","bronze:ItsAFeature","bronze:Format+1","bronze:ChosenStrike+1","bronze:ChosenStrike+1","bronze:HyperBeam+1","bronze:Iterate+1","bronze:Repulsor","Replay:SS_fish_1","bronze:FineTuning+1","bronze:ClassDefault+1","bronze:Spike+1","bronze:DazingPulse","bronze:Explode","bronze:Fortify","bronze:OilSpill+1","bronze:Philosophize","bronze:Frontload","bronze:Repair","bronze:Flail","bronze:ThunderWave","bronze:Iterate+1","bronze:WhirlingStrike","bronze:ItsAFeature","bronze:BugBarrage","bronze:WhirlingStrike+1","bronze:Mutator","bronze:Iterate+1","bronze:RecursiveStrike+1","bronze:DelayedSlice+1","downfall:Haunted","bronze:DelayedSlice+1","bronze:WhirlingStrike"],"relics":["bronze:BronzeCore","REME_ComplimentaryCards","DaveBox","MoonlightInvasionPlan","downfall:HeartsMalice","Ring of Panic","ZombieArmy","ReplayFunnel","hubris:SphereOfDissonance","BargainBundle","LastBattle","Pantograph","BirthdayGift-Tetrahedron","BionicSphere","bronze:BottledCode","Blue Doll","hubris:Backtick","Replay:Arrowhead","reliquary:SharkskinSheath","Replay:Bandana","Iron Hammer","Guardian:PocketSentry","Durian","Chemical X","Guardian:GemstoneGun","halation:VictoryRuler","halation:Trompette","wanderingMiniBosses:MasterThiefsPresence","downfall:HeartBlessingBlue","MealTicket","downfall:HeartBlessingGreen"],"acts_visited":["Exordium","TheCity","TheBeyond"],"potions_floor_usage":[],"damage_taken":[{"damage":0,"enemies":"Small Slimes","floor":2,"turns":1},{"damage":0,"enemies":"downfall:FleeingMerchant","floor":4,"turns":1},{"damage":0,"enemies":"Jaw Worm","floor":5,"turns":1},{"damage":5,"enemies":"downfall:FleeingMerchant","floor":6,"turns":4},{"damage":0,"enemies":"downfall:FleeingMerchant","floor":8,"turns":2},{"damage":3,"enemies":"downfall:FleeingMerchant","floor":9,"turns":1},{"damage":2,"enemies":"3 Sentries","floor":10,"turns":2},{"damage":2,"enemies":"Gremlin Nob","floor":12,"turns":2},{"damage":0,"enemies":"2 Louse","floor":13,"turns":1},{"damage":0,"enemies":"Blue Slaver","floor":14,"turns":1},{"damage":0,"enemies":"3 Louse","floor":15,"turns":1},{"damage":2,"enemies":"WA_ARCHETYPE_RETAIN","floor":16,"turns":2},{"damage":2,"enemies":"Shell Parasite","floor":19,"turns":2},{"damage":2,"enemies":"3 Cultists","floor":21,"turns":2},{"damage":2,"enemies":"Centurion and Healer","floor":22,"turns":2},{"damage":0,"enemies":"Snecko","floor":23,"turns":1},{"damage":0,"enemies":"Sentry and Sphere","floor":27,"turns":1},{"damage":0,"enemies":"Centurion and Healer","floor":30,"turns":2},{"damage":0,"enemies":"Slavers","floor":31,"turns":2},{"damage":0,"enemies":"Snake Plant","floor":32,"turns":1},{"damage":0,"enemies":"DF_ARCHETYPE_CLAW","floor":33,"turns":3},{"damage":0,"enemies":"3 Darklings","floor":36,"turns":2},{"damage":0,"enemies":"3 Darklings","floor":38,"turns":2},{"damage":0,"enemies":"3 Shapes","floor":39,"turns":2},{"damage":0,"enemies":"Spire Growth","floor":42,"turns":1},{"damage":0,"enemies":"Jaw Worm Horde","floor":43,"turns":1},{"damage":0,"enemies":"Nemesis","floor":47,"turns":2},{"damage":0,"enemies":"Sphere and 2 Shapes","floor":49,"turns":2},{"damage":0,"enemies":"SI_POISON_ARCHETYPE","floor":50,"turns":4}],"seed_played":"-8120165372848896346","potions_obtained":[{"floor":9,"key":"StSpp:ScatteredWeakPotion"},{"floor":15,"key":"bronze:BuildAFunctionPotion"},{"floor":16,"key":"StSpp:ScatteredPotion"}],"is_trial":false,"path_per_floor":["R","M","?","$","M","$","T","$","?","E","?","E","M","M","M","B",null,"R","M","?","M","M","M","T","R","$","M","R","$","M","E","M","B",null,"R","M","$","?","M","?","T","M","M","?","?","R","E","R","M","B",null],"character_chosen":"THE_AUTOMATON","items_purchased":["ZombieArmy","ReplayFunnel","hubris:SphereOfDissonance","bronze:Format+1","bronze:ChosenStrike","BargainBundle","LastBattle","bronze:Iterate","bronze:Repulsor","Replay:SS_fish_1","BirthdayGift-Tetrahedron","bronze:ClassDefault","Replay:Bandana","Iron Hammer","Guardian:PocketSentry","Durian","Chemical X","bronze:ItsAFeature","Guardian:GemstoneGun","bronze:RecursiveStrike"],"campfire_rested":0,"item_purchase_floors":[4,4,4,4,4,6,6,6,6,6,8,8,26,26,26,26,29,29,29,37],"current_hp_per_floor":[1000,1000,1000,1000,1000,995,995,995,992,990,990,988,988,988,988,988,990,990,990,990,988,986,990,990,990,995,995,995,995,995,995,995,995,995,995,995,995,995,995,995,995,995,995,995,995,1005,1005,1005,1005,1005],"gold":9285,"neow_bonus":"THREE_ENEMY_KILL","is_daily":false,"chose_seed":false,"campfire_upgraded":13,"win_rate":0.0,"timestamp":1612965141,"path_taken":["R","M","?","$","M","$","T","?","?","E","?","E","M","M","M","BOSS","R","M","?","M","M","M","T","R","$","M","R","$","M","E","M","BOSS","R","M","$","?","M","?","T","?","M","?","?","R","E","R","M","BOSS"],"items_purchased_type":["Relic","Relic","Relic","Card","Card","Relic","Relic","Card","Card","Card","Relic","Card","Relic","Relic","Relic","Relic","Relic","Card","Relic","Card"],"build_version":"2020-12-22","purchased_purges":2,"victory":true,"max_hp_per_floor":[1000,1000,1000,1000,1000,1000,1000,1000,1000,1000,990,990,990,990,990,990,990,990,990,990,990,990,990,990,990,995,995,995,995,995,995,995,995,995,995,995,995,995,995,995,995,995,995,995,995,1005,1005,1005,1005,1005],"card_choices":[{"not_picked":["bronze:Safeguard","bronze:BuggyMess"],"picked":"bronze:Invalidate","floor":2},{"not_picked":["bronze:OilSpill","bronze:WildBeam"],"picked":"bronze:ItsAFeature","floor":4},{"not_picked":["bronze:OilSpill","bronze:Shield"],"picked":"bronze:ChosenStrike","floor":5},{"not_picked":["bronze:Repulsor","bronze:Overheat"],"picked":"bronze:HyperBeam","floor":6},{"not_picked":["bronze:Backtrace","bronze:Frontload"],"picked":"bronze:FineTuning","floor":8},{"not_picked":[],"picked":"bronze:Spike","floor":9},{"not_picked":[],"picked":"bronze:DazingPulse","floor":9},{"not_picked":[],"picked":"bronze:Explode","floor":9},{"not_picked":["bronze:ChildClass","bronze:FindAndReplace"],"picked":"bronze:Fortify","floor":9},{"not_picked":["bronze:DigitalCarnage","bronze:Overheat"],"picked":"bronze:OilSpill","floor":10},{"not_picked":["bronze:BugBarrage","bronze:Shield"],"picked":"bronze:Philosophize","floor":12},{"not_picked":["bronze:Shield","bronze:CutThrough"],"picked":"bronze:Frontload","floor":13},{"not_picked":["bronze:Frontload","bronze:Safeguard"],"picked":"bronze:Repair","floor":14},{"not_picked":["bronze:Branch","bronze:Safeguard"],"picked":"bronze:Flail","floor":15},{"not_picked":["bronze:ShipIt","bronze:Virus"],"picked":"bronze:ThunderWave","floor":16},{"not_picked":["bronze:BitShift","bronze:ItsAFeature+1","bronze:OilSpill+1"],"picked":"SKIP","floor":19},{"not_picked":["bronze:Repair","bronze:OilSpill"],"picked":"bronze:Iterate","floor":21},{"not_picked":["bronze:BuggyMess+1","bronze:ShipIt"],"picked":"bronze:WhirlingStrike","floor":22},{"not_picked":["bronze:DelayedGuard","bronze:Philosophize","bronze:OilSpill"],"picked":"SKIP","floor":23},{"not_picked":["bronze:WildBeam","bronze:FollowUp","bronze:Safeguard"],"picked":"SKIP","floor":27},{"not_picked":["bronze:Invalidate","bronze:BugBarrage","bronze:Branch+1"],"picked":"SKIP","floor":30},{"not_picked":["bronze:OilSpill","bronze:Allocate"],"picked":"bronze:BugBarrage","floor":31},{"not_picked":["bronze:Shell","bronze:BitShift+1"],"picked":"bronze:WhirlingStrike+1","floor":32},{"not_picked":["bronze:SpaghettiCode","bronze:Break"],"picked":"bronze:Mutator","floor":33},{"not_picked":["bronze:Invalidate","bronze:NullPointer"],"picked":"bronze:Iterate","floor":36},{"not_picked":["bronze:Shell","bronze:Shield"],"picked":"bronze:DelayedSlice","floor":39},{"not_picked":["bronze:Flail+1","bronze:Format","bronze:Frontload+1"],"picked":"SKIP","floor":42},{"not_picked":["bronze:Turbo+1","bronze:Philosophize"],"picked":"bronze:DelayedSlice","floor":43},{"not_picked":["bronze:Deprecate","bronze:BronzeArmor","bronze:Branch"],"picked":"SKIP","floor":47},{"not_picked":["bronze:NullPointer","bronze:BuggyMess+1"],"picked":"bronze:WhirlingStrike","floor":49}],"player_experience":331310,"relics_obtained":[{"floor":3,"key":"Ring of Panic"},{"floor":7,"key":"Pantograph"},{"floor":10,"key":"BionicSphere"},{"floor":12,"key":"Blue Doll"},{"floor":24,"key":"reliquary:SharkskinSheath"},{"floor":31,"key":"halation:VictoryRuler"},{"floor":38,"key":"halation:Trompette"},{"floor":38,"key":"wanderingMiniBosses:MasterThiefsPresence"},{"floor":47,"key":"MealTicket"}],"event_choices":[],"is_beta":false,"boss_relics":[{"not_picked":["Black Star","hubris:HollowSoul"],"picked":"hubris:Backtick"},{"not_picked":["StSpp:CrystalBall","PatriotShield","qcfpunch:Crimson_Sash"]}],"items_purged_floors":[8,8],"is_endless":false,"potions_floor_spawned":[9,10,13,15,16,21,32,33,38,39,43,49],"ascension_level":0}}