{"host":"kpyoctgc7jne3jiy","time":1612973860,"event":{"mods":["AchievementEnabler","BaseMod","Minty Spire (QoL Compilation)","Relic Stats"],"gold_per_floor":[115,135,153,153,153,153,168,194,194,228,247,265,293,293,293,392,392,402,414,414,414,434,465,465,479,479,499,529,545,545,555,555,658,658,673,673,0,17,17,48,48,68,68,68,68,68],"floor_reached":45,"language":"ENG","playtime":2096,"items_purged":["Defend_G"],"score":875,"play_id":"532be6dd-cc1b-40e9-affb-0ecf4ab4ac54","local_time":"20210210171740","is_ascension_mode":true,"campfire_choices":[{"data":"Choke","floor":6.0,"key":"SMITH"},{"floor":15.0,"key":"REST"},{"data":"After Image","floor":24.0,"key":"SMITH"},{"data":"Venomology","floor":30.0,"key":"SMITH"},{"data":"Leg Sweep","floor":32.0,"key":"SMITH"},{"data":"Panache","floor":41,"key":"SMITH"},{"floor":44,"key":"RECALL"}],"circlet_count":0,"master_deck":["AscendersBane","Defend_G","Defend_G","Defend_G","Defend_G","Survivor","Neutralize","Choke+1","Blade Dance","Slice","PiercingWail","Dash","Leg Sweep+1","Noxious Fumes","All Out Attack","Corpse Explosion","After Image+1","Cloak And Dagger","Outmaneuver+1","Bite","Bite","Bite","Bite","Bite","Neutralize","Noxious Fumes+1","Choke+1","Venomology+1","Accuracy","PiercingWail","Escape Plan+1","Cloak And Dagger","A Thousand Cuts","Deadly Poison+1","Panache+1","PiercingWail","Venomology+1","Blade Dance","Dodge and Roll+1"],"relics":["Ring of the Snake","Lantern","Omamori","Blue Candle","Bronze Scales","Philosopher\u0027s Stone","StoneCalendar","HornCleat","Darkstone Periapt","SacredBark","Snake Skull","Gambling Chip","TheAbacus","Smiling Mask"],"acts_visited":["Exordium","TheCity","TheBeyond"],"potions_floor_usage":[33,35,38,40,42,42,45,45],"damage_taken":[{"damage":0.0,"enemies":"Jaw Worm","floor":1.0,"turns":5.0},{"damage":0.0,"enemies":"Small Slimes","floor":2.0,"turns":4.0},{"damage":1.0,"enemies":"2 Louse","floor":3.0,"turns":3.0},{"damage":3.0,"enemies":"Exordium Wildlife","floor":7.0,"turns":3.0},{"damage":27.0,"enemies":"Lagavulin","floor":8.0,"turns":7.0},{"damage":0.0,"enemies":"Gremlin Nob","floor":10.0,"turns":2.0},{"damage":4.0,"enemies":"Lots of Slimes","floor":11.0,"turns":4.0},{"damage":13.0,"enemies":"Exordium Thugs","floor":12.0,"turns":7.0},{"damage":10.0,"enemies":"Lagavulin","floor":13.0,"turns":5.0},{"damage":40.0,"enemies":"Hexaghost","floor":16.0,"turns":11.0},{"damage":15.0,"enemies":"2 Thieves","floor":18.0,"turns":3.0},{"damage":0.0,"enemies":"3 Byrds","floor":19.0,"turns":2.0},{"damage":14.0,"enemies":"Sentry and Sphere","floor":22.0,"turns":5.0},{"damage":17.0,"enemies":"Book of Stabbing","floor":23.0,"turns":5.0},{"damage":1.0,"enemies":"Snake Plant","floor":25.0,"turns":4.0},{"damage":9.0,"enemies":"Shelled Parasite and Fungi","floor":27.0,"turns":5.0},{"damage":9.0,"enemies":"Gremlin Leader","floor":28.0,"turns":6.0},{"damage":0.0,"enemies":"Snecko","floor":29.0,"turns":3.0},{"damage":15.0,"enemies":"3 Cultists","floor":31.0,"turns":5.0},{"damage":31,"enemies":"Collector","floor":33,"turns":10},{"damage":0,"enemies":"Orb Walker","floor":35,"turns":5},{"damage":4,"enemies":"3 Darklings","floor":38,"turns":3},{"damage":26,"enemies":"Reptomancer","floor":40,"turns":7},{"damage":0,"enemies":"Jaw Worm Horde","floor":42,"turns":4},{"damage":42,"enemies":"Nemesis","floor":45,"turns":5}],"seed_played":"5095704844569138171","potions_obtained":[{"floor":2.0,"key":"Energy Potion"},{"floor":7.0,"key":"DistilledChaos"},{"floor":11.0,"key":"SteroidPotion"},{"floor":18.0,"key":"Strength Potion"},{"floor":22.0,"key":"DistilledChaos"},{"floor":27.0,"key":"Fire Potion"},{"floor":28.0,"key":"Strength Potion"},{"floor":33,"key":"SmokeBomb"},{"floor":35,"key":"Fire Potion"}],"is_trial":false,"path_per_floor":["M","M","M","?","?","R","M","E","T","E","M","M","E","?","R","B",null,"M","M","?","?","M","E","R","M","T","M","E","M","R","M","R","B",null,"M","?","$","M","?","E","R","M","T","R","E"],"character_chosen":"THE_SILENT","items_purchased":["Snake Skull","Gambling Chip","TheAbacus"],"campfire_rested":1,"item_purchase_floors":[37,37,37],"current_hp_per_floor":[70,70,69,69,62,62,59,32,32,32,28,15,5,24,47,7,60,45,45,45,45,41,34,34,39,39,36,35,37,37,32,32,13,43,47,47,47,45,45,29,29,31,31,31,0,0],"gold":68,"neow_bonus":"TEN_PERCENT_HP_BONUS","is_daily":false,"chose_seed":false,"campfire_upgraded":5,"win_rate":0.0,"timestamp":1612973860,"path_taken":["M","M","M","?","?","R","M","E","T","E","M","M","E","?","R","BOSS","M","M","?","?","M","E","R","M","T","M","E","?","R","M","R","BOSS","M","?","$","M","?","E","R","?","T","R","E"],"items_purchased_type":["Relic","Relic","Relic"],"build_version":"2020-12-22","purchased_purges":1,"victory":false,"max_hp_per_floor":[77,77,77,77,77,77,77,77,77,77,77,77,77,77,77,77,77,77,77,53,53,53,53,53,53,53,53,53,53,53,53,53,53,53,53,53,53,53,53,53,53,53,53,53,53,53],"relic_stats":{"Darkstone Periapt":0,"TheAbacus":[6],"counters":[25,123],"Blue Candle":[0],"Bronze Scales":[267],"Gambling Chip":[4],"StoneCalendar":[184],"Snake Skull":[25],"Smiling Mask":0,"obtain_stats":[{"Darkstone Periapt":28,"Lantern":8,"Blue Candle":10,"SacredBark":34,"StoneCalendar":23,"Snake Skull":37,"Omamori":9,"Smiling Mask":40,"HornCleat":26,"TheAbacus":37,"Bronze Scales":13,"Gambling Chip":37,"Philosopher\u0027s Stone":17,"Ring of the Snake":0},{"Darkstone Periapt":17,"Lantern":5,"Blue Candle":6,"SacredBark":20,"StoneCalendar":14,"Snake Skull":21,"Omamori":5,"Smiling Mask":23,"HornCleat":15,"TheAbacus":21,"Bronze Scales":9,"Gambling Chip":21,"Philosopher\u0027s Stone":10,"Ring of the Snake":0},{"Darkstone Periapt":81,"Lantern":22,"Blue Candle":24,"SacredBark":99,"StoneCalendar":66,"Snake Skull":104,"Omamori":22,"Smiling Mask":114,"HornCleat":70,"TheAbacus":104,"Bronze Scales":40,"Gambling Chip":104,"Philosopher\u0027s Stone":51,"Ring of the Snake":0}],"Ring of the Snake":[50]},"card_choices":[{"not_picked":["Underhanded Strike","Prepared"],"picked":"Choke","floor":1.0},{"not_picked":["Catalyst","Heel Hook"],"picked":"Blade Dance","floor":2.0},{"not_picked":["Outmaneuver","Bane"],"picked":"Slice","floor":3.0},{"not_picked":["Sucker Punch","Prepared"],"picked":"PiercingWail","floor":7.0},{"not_picked":["Heel Hook","Flechettes"],"picked":"Dash","floor":8.0},{"not_picked":["Flying Knee","Backflip"],"picked":"Leg Sweep","floor":10.0},{"not_picked":["Terror","Caltrops"],"picked":"Noxious Fumes","floor":11.0},{"not_picked":["Tactician","Bouncing Flask"],"picked":"All Out Attack","floor":12.0},{"not_picked":["Caltrops","Footwork"],"picked":"Corpse Explosion","floor":13.0},{"not_picked":["Night Terror","Envenom"],"picked":"After Image","floor":16.0},{"not_picked":["Dodge and Roll","Underhanded Strike"],"picked":"Cloak And Dagger","floor":18.0},{"not_picked":["Escape Plan","Catalyst"],"picked":"Outmaneuver+1","floor":19.0},{"not_picked":["Blade Dance","Concentrate"],"picked":"Noxious Fumes+1","floor":22.0},{"not_picked":["Cloak And Dagger","Flying Knee"],"picked":"Choke+1","floor":23.0},{"not_picked":["Cloak And Dagger","Dodge and Roll"],"picked":"Venomology","floor":25.0},{"not_picked":["Dagger Spray","Finisher"],"picked":"Accuracy","floor":27.0},{"not_picked":["Deflect","Tactician"],"picked":"PiercingWail","floor":28.0},{"not_picked":["Choke+1","Bane"],"picked":"Escape Plan+1","floor":29.0},{"not_picked":["Flying Knee","Bouncing Flask"],"picked":"Cloak And Dagger","floor":31.0},{"not_picked":["Storm of Steel","Bullet Time"],"picked":"A Thousand Cuts","floor":33},{"not_picked":["Quick Slash+1","Underhanded Strike"],"picked":"Deadly Poison+1","floor":35},{"not_picked":["Discovery","Dramatic Entrance"],"picked":"Panache","floor":36},{"not_picked":["Masterful Stab+1","Noxious Fumes+1"],"picked":"PiercingWail","floor":38},{"not_picked":["Bane","Venomology"],"picked":"Blade Dance","floor":40},{"not_picked":["Finisher+1","Choke"],"picked":"Dodge and Roll+1","floor":42}],"player_experience":356166,"relics_obtained":[{"floor":8.0,"key":"Lantern"},{"floor":9.0,"key":"Omamori"},{"floor":10.0,"key":"Blue Candle"},{"floor":13.0,"key":"Bronze Scales"},{"floor":23.0,"key":"StoneCalendar"},{"floor":26.0,"key":"HornCleat"},{"floor":28.0,"key":"Darkstone Periapt"},{"floor":40,"key":"Smiling Mask"}],"event_choices":[{"damage_healed":0.0,"max_hp_gain":0.0,"max_hp_loss":0.0,"gold_gain":0.0,"event_name":"Liars Game","player_choice":"Ignored","floor":4.0,"gold_loss":0.0,"damage_taken":0.0},{"cards_removed":["Strike_G"],"damage_healed":0.0,"max_hp_gain":0.0,"max_hp_loss":0.0,"gold_gain":0.0,"event_name":"Golden Wing","player_choice":"Card Removal","floor":5.0,"gold_loss":0.0,"damage_taken":7.0},{"damage_healed":19.0,"max_hp_gain":0.0,"max_hp_loss":0.0,"gold_gain":0.0,"event_name":"Mushrooms","player_choice":"Healed and dodged fight","floor":14.0,"gold_loss":0.0,"damage_taken":0.0,"cards_obtained":["Parasite"]},{"damage_healed":0.0,"max_hp_gain":0.0,"max_hp_loss":24.0,"gold_gain":0.0,"event_name":"Vampires","player_choice":"Became a vampire","floor":20.0,"gold_loss":0.0,"damage_taken":0.0,"cards_obtained":["Bite","Bite","Bite","Bite","Bite"]},{"damage_healed":0.0,"max_hp_gain":0.0,"max_hp_loss":0.0,"gold_gain":0.0,"event_name":"Match and Keep!","player_choice":"2 cards matched","floor":21.0,"gold_loss":0.0,"damage_taken":0.0,"cards_obtained":["Neutralize","Clumsy"]},{"damage_healed":0,"gold_gain":0,"player_choice":"Memory 1","damage_taken":0,"max_hp_gain":0,"max_hp_loss":0,"event_name":"SensoryStone","floor":36,"gold_loss":0},{"damage_healed":0,"gold_gain":0,"player_choice":"Copied","damage_taken":0,"max_hp_gain":0,"max_hp_loss":0,"event_name":"Duplicator","floor":39,"gold_loss":0,"cards_obtained":["Venomology"]}],"is_beta":false,"boss_relics":[{"not_picked":["Empty Cage","Ring of the Serpent"],"picked":"Philosopher\u0027s Stone"},{"not_picked":["Fusion Hammer","Pandora\u0027s Box"],"picked":"SacredBark"}],"items_purged_floors":[37],"is_endless":false,"potions_floor_spawned":[2,7,8,11,18,22,27,28,33,35],"killed_by":"Nemesis","ascension_level":11}}