{"host":"msmkw03x1o7nq45i","time":1612943949,"event":{"mods":["AchievementEnabler","BaseMod","Bestiary","Colored Powertips","GifTheSpireLib","Highlight Path","Minty Spire (QoL Compilation)","Random Character Button","StSLib","everything is the same but u backflip on backflip"],"gold_per_floor":[118,133,145,162,162,162,179,179,179],"floor_reached":8,"language":"ENG","playtime":559,"items_purged":[],"score":98,"play_id":"2273887a-a3ba-4e74-9a88-3d859a0a30b6","local_time":"20210210095909","is_ascension_mode":true,"campfire_choices":[{"data":"Riddle With Holes","floor":6,"key":"SMITH"}],"circlet_count":0,"master_deck":["AscendersBane","Strike_G","Strike_G+1","Strike_G","Strike_G","Defend_G","Defend_G","Defend_G","Defend_G+1","Survivor","Neutralize","Dagger Throw","Dagger Throw","Riddle With Holes+1","Poisoned Stab"],"relics":["Ring of the Snake"],"acts_visited":["Exordium"],"potions_floor_usage":[8],"damage_taken":[{"damage":4,"enemies":"Small Slimes","floor":1,"turns":4},{"damage":0,"enemies":"Jaw Worm","floor":2,"turns":5},{"damage":1,"enemies":"Cultist","floor":3,"turns":3},{"damage":14,"enemies":"Large Slime","floor":4,"turns":8},{"damage":10,"enemies":"3 Louse","floor":7,"turns":5},{"damage":12,"enemies":"3 Sentries","floor":8,"turns":3}],"seed_played":"5523777002162129239","potions_obtained":[{"floor":3,"key":"Fire Potion"}],"is_trial":false,"path_per_floor":["M","M","M","M","?","R","M","E"],"character_chosen":"THE_SILENT","items_purchased":[],"campfire_rested":0,"item_purchase_floors":[],"current_hp_per_floor":[55,55,54,40,22,22,12,0,0],"gold":179,"neow_bonus":"REMOVE_TWO","is_daily":false,"chose_seed":false,"campfire_upgraded":1,"win_rate":0.0,"timestamp":1612943949,"path_taken":["M","M","M","M","?","R","M","E"],"items_purchased_type":[],"build_version":"2020-12-22","purchased_purges":0,"victory":false,"max_hp_per_floor":[60,60,60,60,60,60,60,60,60],"card_choices":[{"not_picked":["Outmaneuver","Blur"],"picked":"Dagger Throw","floor":1},{"not_picked":["Blur","Expertise"],"picked":"Dagger Throw","floor":2},{"not_picked":["Acrobatics","Deflect"],"picked":"Riddle With Holes","floor":3},{"not_picked":["Outmaneuver","Catalyst","Heel Hook"],"picked":"SKIP","floor":4},{"not_picked":["Quick Slash","Dagger Throw"],"picked":"Poisoned Stab","floor":7}],"player_experience":516038,"relics_obtained":[],"event_choices":[{"damage_healed":0,"gold_gain":0,"player_choice":"Entered Light","damage_taken":18,"max_hp_gain":0,"max_hp_loss":0,"event_name":"Shining Light","floor":5,"gold_loss":0,"cards_upgraded":["Strike_G","Defend_G"]}],"is_beta":false,"boss_relics":[],"items_purged_floors":[],"is_endless":false,"potions_floor_spawned":[3],"killed_by":"3 Sentries","ascension_level":19}}