{"host":"cc6r8m2qe4jvlwua","time":1612936447,"event":{"mods":["BaseMod","Hubris","Marisa????????","Minty Spire (QoL Compilation)","Replay The Spire","Spicy Shops","StSLib","The Cursed","The Marked","The Necromancer"],"gold_per_floor":[10,10,10,10,25,25,25,25,25,25,43,63,87,102,102,102,102],"floor_reached":16,"language":"ENG","playtime":554,"items_purged":[],"score":106,"play_id":"b2dd604f-be9a-4cc0-ad38-dea321fac1f3","local_time":"20210209235407","is_ascension_mode":true,"campfire_choices":[{"data":"Beam Cell","floor":6,"key":"SMITH"},{"data":"Self Repair","floor":8,"key":"SMITH"},{"data":"Machine Learning","floor":10,"key":"SMITH"},{"data":"Loop","floor":15,"key":"SMITH"}],"circlet_count":0,"master_deck":["Strike_B","Strike_B","Strike_B","Defend_B","Defend_B","Defend_B","Defend_B","Zap","Dualcast","Machine Learning+1","Gash","Self Repair+1","Beam Cell+1","FTL","ReplayTheSpireMod:Calculation Training","Loop+1"],"relics":["Cracked Core","Golden Idol","Carrot"],"acts_visited":["Exordium"],"potions_floor_usage":[12,12,16],"damage_taken":[{"damage":7,"enemies":"Jaw Worm","floor":1,"turns":3},{"damage":9,"enemies":"Small Slimes","floor":5,"turns":3},{"damage":0,"enemies":"Cultist","floor":11,"turns":3},{"damage":13,"enemies":"Exordium Wildlife","floor":12,"turns":4},{"damage":18,"enemies":"Exordium Thugs","floor":13,"turns":4},{"damage":11,"enemies":"Blue Slaver","floor":14,"turns":3},{"damage":64,"enemies":"Fading Forest","floor":16,"turns":9}],"seed_played":"1094047910491339568","potions_obtained":[{"floor":5,"key":"Block Potion"},{"floor":11,"key":"Adrenaline Potion"},{"floor":14,"key":"Explosive Potion"}],"is_trial":false,"path_per_floor":["M","?","?","$","M","R","?","R","T","R","M","M","M","M","R","B"],"character_chosen":"DEFECT","items_purchased":[],"campfire_rested":0,"item_purchase_floors":[],"current_hp_per_floor":[68,50,50,50,48,48,48,48,48,48,58,55,47,46,46,0,0],"gold":102,"neow_bonus":"THREE_RARE_CARDS","is_daily":false,"chose_seed":false,"campfire_upgraded":4,"win_rate":0.0,"timestamp":1612936447,"path_taken":["M","?","?","?","?","R","?","R","T","R","M","M","M","M","R","BOSS"],"items_purchased_type":[],"build_version":"2020-12-22","purchased_purges":0,"victory":false,"max_hp_per_floor":[75,75,75,75,75,75,75,75,75,75,75,75,75,75,75,75,75],"card_choices":[{"not_picked":["Meteor Strike","Rainbow"],"picked":"Machine Learning","floor":0},{"not_picked":["Panic Button","Chill"],"picked":"Gash","floor":1},{"not_picked":["Compile Driver","Rebound"],"picked":"Beam Cell","floor":5},{"not_picked":["Rebound","Conserve Battery"],"picked":"ReplayTheSpireMod:Calculation Training","floor":11},{"not_picked":["Conserve Battery","Redo","Hologram"],"picked":"SKIP","floor":12},{"not_picked":["Rip and Tear","Barrage"],"picked":"Loop","floor":13},{"not_picked":["Reprogram","Chill","ReplayTheSpireMod:System Scan"],"picked":"SKIP","floor":14}],"player_experience":256089,"relics_obtained":[{"floor":9,"key":"Carrot"}],"event_choices":[{"damage_healed":0,"gold_gain":0,"player_choice":"Take Damage","damage_taken":18,"relics_obtained":["Golden Idol"],"max_hp_gain":0,"max_hp_loss":0,"event_name":"Golden Idol","floor":2,"gold_loss":0},{"damage_healed":0,"gold_gain":0,"cards_transformed":["Strike_B"],"player_choice":"Transformed","damage_taken":0,"max_hp_gain":0,"max_hp_loss":0,"event_name":"Transmorgrifier","floor":7,"gold_loss":0,"cards_obtained":["FTL"]}],"is_beta":false,"boss_relics":[],"items_purged_floors":[],"is_endless":false,"potions_floor_spawned":[5,11,14],"killed_by":"Fading Forest","ascension_level":3}}