{"host":"shb6fs4xkmgx64v4","time":1612929783,"event":{"mods":["AchievementEnabler","BaseMod","Colored Map","Downfall","Minty Spire (QoL Compilation)","StSLib"],"gold_per_floor":[99,112,16,26,26,55,101,1,21,33,46,64,64,79,91,187,187,87,102,102,119,119,134,134,134,145,155,167,117,17,17,34,132,132,132,143,143,143,158,174,174,190,190,33,33,33,33],"floor_reached":45,"language":"ENG","playtime":2829,"items_purged":[],"score":446,"play_id":"2462d367-8160-4356-8dcb-4d30f2a96a2f","local_time":"20210209230303","is_ascension_mode":false,"campfire_choices":[{"floor":1,"key":"RECALL"},{"floor":8,"key":"REST"},{"floor":13,"key":"REST"},{"floor":18,"key":"REST"},{"floor":30,"key":"REST"},{"floor":35,"key":"REST"}],"circlet_count":0,"master_deck":["Slimebound:Tackle","Slimebound:Split","Slimebound:CorrosiveSpit","Slimebound:SlimeSpikes","Slimebound:SlimeBarrage","Slimebound:FinishingTackle","Slimebound:Gluttony","Slimebound:RollThrough","Slimebound:LevelUp","Slimebound:ItLooksTasty","Slimebound:GoopSpray","Slimebound:LeechEnergy","Slimebound:SamplingLick","Slimebound:Recycling","Slimebound:ComboTackle","Slimebound:RainOfGoop","Slimebound:HauntingLick","Slimebound:SplitLeeching","Slimebound:FormOfPuddle","Slimebound:Recollect","Pride","Slimebound:DuplicatedForm","Slimebound:DuplicatedForm","Slimebound:Teamwork","Slimebound:DuplicatedForm","Slimebound:LeechingTouch","Slimebound:Dissolve","Slimebound:Gluttony","Slimebound:SplitBruiser","Slimebound:GoopTackle+1","Slimebound:HauntingLick","Slimebound:RainOfGoop+1","Parasite","Slimebound:ComboTackle+1","Slimebound:Darklings","Slimebound:FormOfPuddle","Slimebound:TagTeam+1"],"relics":["Slimebound:AbsorbEndCombat","downfall:ShatteredFragment","Shuriken","downfall:HeartBlessingRed","Odd Mushroom","Fusion Hammer","downfall:HeartBlessingGreen","MutagenicStrength","Pen Nib","downfall:HeartBlessingBlue","Slimebound:AggressiveSlimeRelic","Pandora\u0027s Box","Regal Pillow","Molten Egg 2"],"acts_visited":["Exordium","TheCity","TheBeyond"],"potions_floor_usage":[6,23,32,42],"damage_taken":[{"damage":5,"enemies":"2 Louse","floor":2,"turns":3},{"damage":6,"enemies":"downfall:FleeingMerchant","floor":3,"turns":4},{"damage":5,"enemies":"Small Slimes","floor":4,"turns":4},{"damage":17,"enemies":"Lagavulin","floor":6,"turns":5},{"damage":9,"enemies":"The Mushroom Lair","floor":9,"turns":4},{"damage":10,"enemies":"Jaw Worm","floor":10,"turns":2},{"damage":3,"enemies":"3 Louse","floor":11,"turns":2},{"damage":0,"enemies":"Large Slime","floor":12,"turns":4},{"damage":8,"enemies":"Red Slaver","floor":14,"turns":2},{"damage":7,"enemies":"2 Fungi Beasts","floor":15,"turns":2},{"damage":37,"enemies":"DF_ARCHETYPE_STREAMLINE","floor":16,"turns":7},{"damage":10,"enemies":"3 Byrds","floor":19,"turns":5},{"damage":17,"enemies":"Spheric Guardian","floor":21,"turns":4},{"damage":3,"enemies":"Snecko","floor":23,"turns":3},{"damage":11,"enemies":"Snake Plant","floor":26,"turns":2},{"damage":13,"enemies":"Cultist and Chosen","floor":27,"turns":4},{"damage":7,"enemies":"Centurion and Healer","floor":28,"turns":4},{"damage":5,"enemies":"Snecko","floor":32,"turns":3},{"damage":45,"enemies":"SI_MIRROR_ARCHETYPE","floor":33,"turns":7},{"damage":29,"enemies":"3 Shapes","floor":36,"turns":4},{"damage":0,"enemies":"Orb Walker","floor":39,"turns":4},{"damage":38,"enemies":"Maw","floor":40,"turns":5},{"damage":33,"enemies":"Writhing Mass","floor":42,"turns":5},{"damage":4,"enemies":"downfall:FleeingMerchant","floor":44,"turns":4},{"damage":44,"enemies":"Sphere and 2 Shapes","floor":45,"turns":4}],"seed_played":"4806667433944928667","potions_obtained":[{"floor":4,"key":"Slimebound:ThreeZeroPotion"},{"floor":6,"key":"Slimebound:SlimedPotion"},{"floor":16,"key":"Regen Potion"},{"floor":19,"key":"FairyPotion"},{"floor":23,"key":"Fire Potion"},{"floor":32,"key":"LiquidMemories"}],"is_trial":false,"path_per_floor":["R","M","$","M","?","E","T","R","?","M","M","M","R","M","M","B",null,"R","M","?","M","?","M","T","?","M","M","M","?","R","?","M","B",null,"R","M","?","?","M","M","T","M","?","$","M"],"character_chosen":"SLIMEBOUND","items_purchased":["Slimebound:Gluttony","Slimebound:TagTeam+1"],"campfire_rested":5,"item_purchase_floors":[3,44],"current_hp_per_floor":[65,62,58,55,37,28,28,47,38,30,29,37,56,50,45,16,65,65,61,61,48,48,47,47,47,42,35,32,58,75,75,74,52,75,75,52,52,52,54,39,39,14,14,18,0,0,0],"gold":33,"neow_bonus":"THREE_CARDS","is_daily":false,"chose_seed":false,"campfire_upgraded":0,"win_rate":0.0,"timestamp":1612929783,"path_taken":["R","M","$","M","?","E","T","R","?","M","M","M","R","M","M","BOSS","R","M","?","M","?","M","T","?","?","M","M","?","R","?","M","BOSS","R","M","?","?","M","M","T","M","?","?","?"],"items_purchased_type":["Card","Card"],"build_version":"2020-12-22","purchased_purges":0,"victory":false,"max_hp_per_floor":[65,65,65,65,65,65,65,65,65,65,65,65,65,65,65,65,65,65,65,65,65,65,65,65,65,65,65,65,65,75,75,75,75,75,75,75,75,75,75,75,75,75,75,75,75,75,75],"card_choices":[{"not_picked":["Slimebound:SlimeBrawl","Slimebound:LivingWall"],"picked":"Slimebound:SlimeSpikes","floor":0},{"not_picked":["Slimebound:LivingWall","Slimebound:SpikyOuterGoop"],"picked":"Slimebound:SlimeBarrage","floor":2},{"not_picked":["Slimebound:SpikyOuterGoop","Slimebound:MegaLick"],"picked":"Slimebound:FinishingTackle","floor":3},{"not_picked":["Slimebound:SlimeSpikes","Slimebound:SplitMire"],"picked":"Slimebound:RollThrough","floor":4},{"not_picked":["Slimebound:Replication","Slimebound:DivideAndConquer"],"picked":"Slimebound:Recycling","floor":6},{"not_picked":["Slimebound:ForwardTackle","Slimebound:Repurpose"],"picked":"Slimebound:LevelUp","floor":9},{"not_picked":["Slimebound:SplitBruiser","Slimebound:FinishingTackle"],"picked":"Slimebound:ItLooksTasty","floor":10},{"not_picked":["Slimebound:FinishingTackle","Slimebound:GoopTackle"],"picked":"Slimebound:GoopSpray","floor":11},{"not_picked":["Slimebound:SlimeBrawl","Slimebound:ComboTackle","Slimebound:GoopSpray"],"picked":"SKIP","floor":12},{"not_picked":["Slimebound:MegaLick","Slimebound:ComboTackle"],"picked":"Slimebound:LeechEnergy","floor":14},{"not_picked":["Slimebound:SpikyOuterGoop","Slimebound:LeechEnergy"],"picked":"Slimebound:SamplingLick","floor":15},{"not_picked":["Slimebound:TagTeam","Slimebound:PrepareCrush"],"picked":"Slimebound:Recycling","floor":16},{"not_picked":["Slimebound:SplitMire","Slimebound:SlimeSpikes"],"picked":"Slimebound:ComboTackle","floor":19},{"not_picked":["Slimebound:Prepare","Slimebound:Gluttony"],"picked":"Slimebound:RainOfGoop","floor":21},{"not_picked":["Slimebound:Prepare","Slimebound:PressTheAttack+1"],"picked":"Slimebound:HauntingLick","floor":23},{"not_picked":["Slimebound:ComboTackle","Slimebound:LeechingTouch"],"picked":"Slimebound:SplitLeeching","floor":26},{"not_picked":["Slimebound:ItLooksTasty+1","Slimebound:Chomp"],"picked":"Slimebound:FormOfPuddle","floor":27},{"not_picked":["Slimebound:SlimeBarrage","Slimebound:LevelUp"],"picked":"Slimebound:Recollect","floor":28},{"not_picked":["Slimebound:ItLooksTasty","Slimebound:SplitAcid"],"picked":"Slimebound:DuplicatedForm","floor":32},{"not_picked":["Slimebound:Darklings","Slimebound:PrepareCrush"],"picked":"Slimebound:DuplicatedForm","floor":33},{"not_picked":["Slimebound:SpikyOuterGoop+1","Slimebound:DisruptingSlam+1"],"picked":"Slimebound:GoopTackle+1","floor":36},{"not_picked":["Slimebound:ComboTackle","Slimebound:DisruptingSlam"],"picked":"Slimebound:HauntingLick","floor":39},{"not_picked":["Slimebound:Nibble","Slimebound:SplitLeeching"],"picked":"Slimebound:RainOfGoop+1","floor":40},{"not_picked":["Slimebound:SplitAcid+1","Slimebound:Recollect"],"picked":"Slimebound:ComboTackle+1","floor":42},{"not_picked":["Slimebound:PrepareCrush","Slimebound:LivingWall+1"],"picked":"Slimebound:FormOfPuddle","floor":44}],"player_experience":296366,"relics_obtained":[{"floor":6,"key":"Shuriken"},{"floor":9,"key":"Odd Mushroom"},{"floor":24,"key":"Pen Nib"},{"floor":37,"key":"Regal Pillow"},{"floor":41,"key":"Molten Egg 2"}],"event_choices":[{"damage_healed":0,"gold_gain":0,"player_choice":"Fought Mushrooms","damage_taken":0,"max_hp_gain":0,"max_hp_loss":0,"event_name":"Mushrooms","floor":9,"gold_loss":0},{"damage_healed":0,"gold_gain":0,"player_choice":"Inject Mutagens","damage_taken":0,"relics_obtained":["MutagenicStrength"],"max_hp_gain":0,"max_hp_loss":0,"event_name":"Drug Dealer","floor":22,"gold_loss":0},{"damage_healed":0,"gold_gain":0,"player_choice":"Stole Relic","damage_taken":0,"relics_obtained":["Slimebound:AggressiveSlimeRelic"],"max_hp_gain":0,"max_hp_loss":0,"event_name":"Addict","floor":31,"gold_loss":0,"cards_obtained":["Pride"]}],"is_beta":false,"boss_relics":[{"not_picked":["Snecko Eye","Runic Pyramid"],"picked":"Fusion Hammer"},{"not_picked":["Coffee Dripper","Runic Dome"],"picked":"Pandora\u0027s Box"}],"items_purged_floors":[],"is_endless":false,"potions_floor_spawned":[4,6,16,19,23,32,33,40],"killed_by":"Sphere and 2 Shapes","ascension_level":0}}