{"host":"tp1hyvdwlciy3xbu","time":1612954800,"event":{"mods":["BaseMod","Marisa£®ÏF”Í°°ƒß¿Ì…≥£©","Minty Spire (QoL Compilation)","SIMod","StSLib","The Servant 0.9.4","Youmu£®ªÍ∆«—˝√Œ£©"],"gold_per_floor":[117,37,37,37,95,95,95,95,95,126,126,155,155,173,173,173,173],"floor_reached":16,"language":"ZHS","playtime":505,"items_purged":[],"score":208,"play_id":"970bf34b-5a5e-47fc-88ca-da56a82b20f8","local_time":"20210210190000","daily_mods":["SealedDeck","Heirloom","Time Dilation","Flight","DeadlyEvents","Elite Swarm"],"is_ascension_mode":true,"campfire_choices":[{"floor":6,"key":"REST"},{"data":"TenInstruments","floor":7,"key":"SMITH"},{"data":"AlloutStrike","floor":8,"key":"SMITH"},{"data":"CleanLibrary","floor":11,"key":"SMITH"},{"floor":13,"key":"REST"},{"data":"FriendshipIsMagic","floor":15,"key":"SMITH"}],"circlet_count":0,"master_deck":["AscendersBane","CleanLibrary+1","Louder","Yay","Louder+1","TenInstruments+1","AlloutStrike","DynamicVision","BatchProduction","HideCarefully","ReinventMyself","AlloutStrike+1","CleanLibrary+1","InspirationRecovery","TakeTheLead","FriendshipIsMagic+1","Boundary"],"relics":["The_element_of_harmony","Calipers","GypsyBard","Mercury Hourglass","Celestia","Du-Vu Doll"],"acts_visited":["Exordium"],"potions_floor_usage":[12,16],"damage_taken":[{"damage":6,"enemies":"Cultist","floor":1,"turns":3},{"damage":24,"enemies":"Lagavulin","floor":10,"turns":4},{"damage":10,"enemies":"3 Sentries","floor":12,"turns":3},{"damage":0,"enemies":"Jaw Worm","floor":14,"turns":3},{"damage":36,"enemies":"The Guardian","floor":16,"turns":4}],"seed_played":"8917248958503288780","potions_obtained":[{"floor":10,"key":"SteroidPotion"},{"floor":12,"key":"Block Potion"}],"is_trial":true,"path_per_floor":["M","$","?","?","?","R","R","R","T","E","R","E","R","M","R","B"],"character_chosen":"TWI_CLASS","items_purchased":["CleanLibrary"],"campfire_rested":2,"item_purchase_floors":[2],"current_hp_per_floor":[63,63,40,22,22,45,45,45,45,21,21,11,34,34,34,0,0],"gold":173,"neow_bonus":"","is_daily":false,"chose_seed":false,"campfire_upgraded":4,"win_rate":0.0,"timestamp":1612954800,"path_taken":["M","$","?","?","?","R","R","R","T","E","R","E","R","M","R","BOSS"],"items_purchased_type":["Card"],"build_version":"2020-12-22","purchased_purges":0,"victory":false,"max_hp_per_floor":[77,77,77,77,77,77,77,77,77,77,77,77,77,77,77,77,77],"card_choices":[{"not_picked":["Magictrain"],"picked":"AlloutStrike","floor":1},{"not_picked":["Tornado","Whining"],"picked":"SKIP","floor":1},{"not_picked":["Harmanyblast"],"picked":"InspirationRecovery","floor":10},{"not_picked":["TakeTheLead","Overwhelming"],"picked":"SKIP","floor":10},{"not_picked":["Stare"],"picked":"TakeTheLead","floor":12},{"not_picked":["LoveMe"],"picked":"FriendshipIsMagic","floor":12},{"not_picked":["KillingWithKindness"],"picked":"Boundary","floor":14},{"not_picked":["AppleFever","Louder"],"picked":"SKIP","floor":14}],"player_experience":317861,"relics_obtained":[{"floor":9,"key":"Mercury Hourglass"},{"floor":10,"key":"Celestia"},{"floor":12,"key":"Du-Vu Doll"}],"event_choices":[{"damage_healed":0,"gold_gain":0,"player_choice":"Entered Light","damage_taken":23,"max_hp_gain":0,"max_hp_loss":0,"event_name":"Shining Light","floor":3,"gold_loss":0,"cards_upgraded":["CleanLibrary","Louder"]},{"damage_healed":0,"gold_gain":0,"player_choice":"Success","damage_taken":18,"relics_obtained":["GypsyBard"],"max_hp_gain":0,"max_hp_loss":0,"event_name":"Scrap Ooze","floor":4,"gold_loss":0},{"damage_healed":0,"gold_gain":58,"player_choice":"Gained Gold","damage_taken":0,"max_hp_gain":0,"max_hp_loss":0,"event_name":"Golden Wing","floor":5,"gold_loss":0}],"is_beta":false,"boss_relics":[],"items_purged_floors":[],"is_endless":true,"potions_floor_spawned":[10,12],"killed_by":"The Guardian","ascension_level":20}}