{"host":"owox7x4ngjt9htcc","time":1612942185,"event":{"mods":["BaseMod","Colored Map","DeckTracker","Keyboard Shortcuts","Minty Spire (QoL Compilation)","SuperFastMode"],"gold_per_floor":[144,319,364,409,34,124,124,214,214,164,209,284,374,419,419,719,719,789,859,904,985,985,1075,1075,1075,1125,1182,1284,1341,773,818,818,1118,1118,1163,1208,1253,1253,865,865,955,1000,1025,1025,1070,1115,1160,1205,1205,1205],"floor_reached":51,"language":"KOR","playtime":3977,"items_purged":["Doubt","Quick Slash","Vault"],"score":918,"play_id":"4dafd5ee-ee76-4967-9d93-83c0eb1c2ece","local_time":"20210210162945","daily_mods":["SealedDeck","Purple Cards","Midas"],"is_ascension_mode":false,"campfire_choices":[{"floor":7.0,"key":"REST"},{"floor":15.0,"key":"REST"},{"floor":24.0,"key":"REST"},{"floor":32,"key":"REST"},{"floor":40,"key":"REST"},{"floor":44,"key":"REST"},{"floor":49,"key":"REST"}],"circlet_count":0,"master_deck":["Evaluate","PiercingWail","Cloak And Dagger","FearNoEvil","Backflip","Backflip","Blade Dance","Infinite Blades","EmptyBody","Consecrate","LikeWater","Consecrate","Wish","FlurryOfBlows","Cloak And Dagger+1","Blade Dance","Prostrate","Deflect+1","Tantrum","Adaptation","Apotheosis","Weave","Poisoned Stab","EmptyFist","Evaluate+1","Envenom","ClearTheMind+1","Prostrate","Halt","Accuracy","Footwork+1","Backflip","FlurryOfBlows","Consecrate+1","Consecrate+1","ClearTheMind+1","FlurryOfBlows+1","Consecrate","TalkToTheHand+1"],"relics":["Ring of the Snake","Unceasing Top","Snake Skull","Vajra","Centennial Puzzle","PreservedInsect","WristBlade","Red Mask","Bottled Flame","MawBank","Prayer Wheel","Membership Card","Sundial","Question Card","Mummified Hand","Orichalcum","Chemical X","Eternal Feather","Bag of Preparation"],"acts_visited":["Exordium","TheCity","TheBeyond"],"potions_floor_usage":[50,50,50],"damage_taken":[{"damage":0.0,"enemies":"Jaw Worm","floor":1.0,"turns":3.0},{"damage":0.0,"enemies":"Small Slimes","floor":3.0,"turns":2.0},{"damage":1.0,"enemies":"Cultist","floor":4.0,"turns":4.0},{"damage":17.0,"enemies":"Gremlin Nob","floor":6.0,"turns":4.0},{"damage":14.0,"enemies":"Lagavulin","floor":8.0,"turns":6.0},{"damage":0.0,"enemies":"2 Fungi Beasts","floor":11.0,"turns":2.0},{"damage":2.0,"enemies":"3 Sentries","floor":13.0,"turns":6.0},{"damage":0.0,"enemies":"Large Slime","floor":14.0,"turns":3.0},{"damage":0.0,"enemies":"Slime Boss","floor":16.0,"turns":7.0},{"damage":1.0,"enemies":"3 Byrds","floor":18.0,"turns":4.0},{"damage":2.0,"enemies":"2 Thieves","floor":19.0,"turns":3.0},{"damage":15.0,"enemies":"Snake Plant","floor":20.0,"turns":3.0},{"damage":0.0,"enemies":"Masked Bandits","floor":21.0,"turns":3.0},{"damage":9.0,"enemies":"Slavers","floor":23.0,"turns":4.0},{"damage":6,"enemies":"Chosen and Byrds","floor":27,"turns":3},{"damage":0,"enemies":"Gremlin Leader","floor":28,"turns":3},{"damage":8,"enemies":"Shelled Parasite and Fungi","floor":29,"turns":4},{"damage":0,"enemies":"Centurion and Healer","floor":31,"turns":2},{"damage":15,"enemies":"Collector","floor":33,"turns":5},{"damage":5,"enemies":"3 Shapes","floor":35,"turns":6},{"damage":8,"enemies":"Orb Walker","floor":36,"turns":3},{"damage":0,"enemies":"Maw","floor":37,"turns":6},{"damage":0,"enemies":"Nemesis","floor":41,"turns":3},{"damage":0,"enemies":"Sphere and 2 Shapes","floor":42,"turns":3},{"damage":16,"enemies":"4 Shapes","floor":45,"turns":3},{"damage":0,"enemies":"Spire Growth","floor":46,"turns":2},{"damage":11,"enemies":"Writhing Mass","floor":47,"turns":4},{"damage":0,"enemies":"Transient","floor":48,"turns":5},{"damage":49,"enemies":"Awakened One","floor":50,"turns":7}],"seed_played":"-5810517303651203205","potions_obtained":[{"floor":1.0,"key":"PowerPotion"},{"floor":3.0,"key":"Explosive Potion"},{"floor":6.0,"key":"Ancient Potion"},{"floor":11.0,"key":"DistilledChaos"},{"floor":19.0,"key":"FearPotion"},{"floor":20.0,"key":"GamblersBrew"},{"floor":27,"key":"Dexterity Potion"},{"floor":37,"key":"Swift Potion"},{"floor":45,"key":"Dexterity Potion"}],"is_trial":false,"path_per_floor":["M","?","M","M","$","E","R","E","T","?","M","?","E","M","R","B",null,"M","M","M","?","?","E","R","?","T","M","E","M","$","M","R","B",null,"M","M","M","?","$","R","E","M","T","R","M","M","M","M","R","B",null],"character_chosen":"THE_SILENT","items_purchased":["Unceasing Top","Membership Card","Apotheosis","Sundial","Question Card","Weave","Poisoned Stab","Mummified Hand","Backflip","Orichalcum","Chemical X","FlurryOfBlows"],"campfire_rested":7,"item_purchase_floors":[5,30,30,30,30,30,30,39,39,39,39,39],"current_hp_per_floor":[70,70,70,69,69,52,70,56,56,56,56,49,47,47,68,68,70,69,67,52,52,52,43,64,64,64,58,58,50,50,50,70,55,70,65,57,57,57,57,70,70,70,70,70,54,54,43,43,70,21],"gold":1205,"neow_bonus":"","is_daily":true,"chose_seed":false,"campfire_upgraded":0,"win_rate":0.0,"timestamp":1612942185,"path_taken":["M","?","M","M","$","E","R","E","T","?","M","?","E","?","R","BOSS","M","M","M","?","?","E","R","?","T","M","E","M","$","M","R","BOSS","M","M","?","?","$","R","E","M","T","R","?","?","M","M","R","BOSS"],"items_purchased_type":["Relic","Relic","Card","Relic","Relic","Card","Card","Relic","Card","Relic","Relic","Card"],"build_version":"2020-12-22","purchased_purges":3,"victory":true,"max_hp_per_floor":[70,70,70,70,70,70,70,70,70,70,70,70,70,70,70,70,70,70,70,70,70,70,70,70,70,70,70,70,70,70,70,70,70,70,70,70,70,70,70,70,70,70,70,70,70,70,70,70,70,70],"card_choices":[{"not_picked":["FollowUp","Dagger Throw"],"picked":"EmptyBody","floor":1.0},{"not_picked":["Sanctity","Endless Agony"],"picked":"Consecrate","floor":3.0},{"not_picked":["Sucker Punch","Evaluate","Protect"],"picked":"SKIP","floor":4.0},{"not_picked":["Prepared","Blasphemy","Flechettes"],"picked":"SKIP","floor":6.0},{"not_picked":["EmptyBody","Underhanded Strike"],"picked":"LikeWater","floor":8.0},{"not_picked":["Protect","Acrobatics","Backflip"],"picked":"SKIP","floor":11.0},{"not_picked":["WheelKick","Deadly Poison"],"picked":"Consecrate","floor":13.0},{"not_picked":["Outmaneuver","Consecrate"],"picked":"Wish","floor":14.0},{"not_picked":["SpiritShield","Judgement"],"picked":"Vault","floor":16.0},{"not_picked":["EmptyMind","WindmillStrike","FlyingSleeves"],"picked":"SKIP","floor":18.0},{"not_picked":["Reflex","Noxious Fumes+1"],"picked":"FlurryOfBlows","floor":19.0},{"not_picked":["SandsOfTime+1","BowlingBash"],"picked":"Cloak And Dagger+1","floor":20.0},{"not_picked":["Endless Agony+1","PiercingWail"],"picked":"Blade Dance","floor":21.0},{"not_picked":["Deadly Poison","Poisoned Stab"],"picked":"Prostrate","floor":23.0},{"not_picked":["Bane","Noxious Fumes+1"],"picked":"Deflect+1","floor":27},{"not_picked":["Flying Knee","WaveOfTheHand","CutThroughFate"],"picked":"SKIP","floor":28},{"not_picked":["Consecrate","InnerPeace+1"],"picked":"Tantrum","floor":29},{"not_picked":["Bane","FlyingSleeves+1"],"picked":"Adaptation","floor":29},{"not_picked":["Dagger Spray+1","Doppelganger","Tantrum"],"picked":"EmptyFist","floor":31},{"not_picked":["Backflip","Bouncing Flask","ClearTheMind"],"picked":"Evaluate+1","floor":31},{"not_picked":["Glass Knife","A Thousand Cuts","Burst"],"picked":"Envenom","floor":33},{"not_picked":["WheelKick+1","LikeWater+1","Noxious Fumes"],"picked":"ClearTheMind+1","floor":35},{"not_picked":["FlyingSleeves","Protect","EmptyBody","SashWhip"],"picked":"SKIP","floor":35},{"not_picked":["Die Die Die","Conclude+1","Blade Dance"],"picked":"Prostrate","floor":36},{"not_picked":["Outmaneuver+1","ReachHeaven+1","CrushJoints"],"picked":"Halt","floor":36},{"not_picked":["TalkToTheHand","SpiritShield","BowlingBash+1"],"picked":"Accuracy","floor":37},{"not_picked":["Collect","Pray+1","ThirdEye"],"picked":"Footwork+1","floor":37},{"not_picked":["All Out Attack+1","Sanctity+1","Conclude+1","Dagger Throw"],"picked":"SKIP","floor":41},{"not_picked":["Worship+1","WindmillStrike+1","SignatureMove"],"picked":"Consecrate+1","floor":42},{"not_picked":["Acrobatics+1","Leg Sweep","Weave+1"],"picked":"Consecrate+1","floor":42},{"not_picked":["Endless Agony+1","WheelKick","Malaise"],"picked":"ClearTheMind+1","floor":45},{"not_picked":["Prepared","FlyingSleeves","EmptyBody","Glass Knife"],"picked":"SKIP","floor":45},{"not_picked":["Pray","ClearTheMind","Backflip"],"picked":"FlurryOfBlows+1","floor":46},{"not_picked":["Setup+1","Sucker Punch","Nirvana+1","Pray"],"picked":"SKIP","floor":46},{"not_picked":["EmptyFist+1","Well Laid Plans+1","Outmaneuver"],"picked":"Consecrate","floor":47},{"not_picked":["Cloak And Dagger+1","Heel Hook","SashWhip+1","Catalyst+1"],"picked":"SKIP","floor":47},{"not_picked":["ThirdEye","Concentrate","Sanctity"],"picked":"TalkToTheHand+1","floor":48},{"not_picked":["Flying Knee+1","Protect","CutThroughFate+1","Deadly Poison"],"picked":"SKIP","floor":48}],"player_experience":918813,"relics_obtained":[{"floor":6.0,"key":"Snake Skull"},{"floor":8.0,"key":"Vajra"},{"floor":9.0,"key":"Centennial Puzzle"},{"floor":13.0,"key":"PreservedInsect"},{"floor":21.0,"key":"Red Mask"},{"floor":23.0,"key":"Bottled Flame"},{"floor":26,"key":"MawBank"},{"floor":28,"key":"Prayer Wheel"},{"floor":41,"key":"Eternal Feather"},{"floor":43,"key":"Bag of Preparation"}],"event_choices":[{"damage_healed":0.0,"max_hp_gain":0.0,"max_hp_loss":0.0,"gold_gain":175.0,"event_name":"Liars Game","player_choice":"AGREE","floor":2.0,"gold_loss":0.0,"damage_taken":0.0,"cards_obtained":["Doubt"]},{"cards_removed":["BowlingBash"],"damage_healed":0.0,"max_hp_gain":0.0,"max_hp_loss":0.0,"gold_gain":0.0,"event_name":"The Cleric","player_choice":"Card Removal","floor":10.0,"gold_loss":50.0,"damage_taken":0.0},{"damage_healed":0.0,"max_hp_gain":0.0,"max_hp_loss":0.0,"gold_gain":75.0,"event_name":"FaceTrader","player_choice":"Touch","floor":12.0,"gold_loss":0.0,"damage_taken":7.0},{"damage_healed":0.0,"max_hp_gain":0.0,"max_hp_loss":0.0,"gold_gain":0.0,"event_name":"Masked Bandits","player_choice":"Fought Bandits","floor":21.0,"gold_loss":0.0,"damage_taken":0.0},{"damage_healed":0.0,"max_hp_gain":0.0,"max_hp_loss":0.0,"gold_gain":0.0,"event_name":"Cursed Tome","player_choice":"Ignored","floor":22.0,"gold_loss":0.0,"damage_taken":0.0},{"damage_healed":0,"gold_gain":0,"player_choice":"Ignored","damage_taken":0,"max_hp_gain":0,"max_hp_loss":0,"event_name":"Transmorgrifier","floor":25,"gold_loss":0},{"damage_healed":0,"gold_gain":0,"player_choice":"Ignored","damage_taken":0,"max_hp_gain":0,"max_hp_loss":0,"event_name":"Transmorgrifier","floor":38,"gold_loss":0}],"is_beta":false,"boss_relics":[{"not_picked":["Ring of the Serpent","Philosopher\u0027s Stone"],"picked":"WristBlade"},{"not_picked":["Runic Pyramid","Runic Dome","Snecko Eye"]}],"items_purged_floors":[5,30,39],"is_endless":false,"potions_floor_spawned":[1,3,6,11,14,19,20,27,29,33,35,37,42,45],"ascension_level":0}}