{"host":"p6y17sixyu8q9v1f","time":1612981437,"event":{"mods":["BaseMod","Colored Map","Minty Spire (QoL Compilation)"],"gold_per_floor":[118,293,22,97,113,113,138,161,161,77,324,351,265,296,296,399,399,418,418,428,353,23,23,50,83,109,141,153,65,65,96,96,197,197,211,266,266,316,538,568,568,597,668,683,697,728,357,367,367,367],"floor_reached":51,"language":"ENG","playtime":2327,"items_purged":["Doubt","Strike_B","Strike_B","Strike_B","Defend_B","Defend_B"],"score":1185,"play_id":"f78f004f-760b-4fe9-b913-1f7d25b47796","local_time":"20210210122357","is_ascension_mode":true,"campfire_choices":[{"data":"Zap","floor":6,"key":"SMITH"},{"data":"Buffer","floor":15,"key":"SMITH"},{"data":"Echo Form","floor":23,"key":"SMITH"},{"data":"Static Discharge","floor":30,"key":"SMITH"},{"floor":32,"key":"REST"},{"data":"Loop","floor":49,"key":"SMITH"}],"circlet_count":0,"master_deck":["Defend_B","Defend_B","Zap+1","Dualcast","Ball Lightning","Static Discharge+1","Consume","BootSequence","Electrodynamics","Capacitor","Steam","Conserve Battery","Buffer+1","Echo Form+1","Conserve Battery+1","Barrage+1","Loop+1","Amplify","Ball Lightning+1","Ball Lightning+1","BootSequence+1","Redo+1"],"relics":["Cracked Core","NeowsBlessing","Membership Card","Toy Ornithopter","Odd Mushroom","FossilizedHelix","Old Coin","Letter Opener","StrikeDummy","Inserter","Bottled Flame","Molten Egg 2","Unceasing Top","Red Mask","PreservedInsect","MealTicket","Bag of Preparation","SlaversCollar","TungstenRod","Du-Vu Doll","Bag of Marbles","Cables","Incense Burner","DataDisk","Mercury Hourglass","OrangePellets"],"acts_visited":["Exordium","TheCity","TheBeyond"],"potions_floor_usage":[8,16,18,28,28,33,36,40,48,50,50],"damage_taken":[{"damage":0,"enemies":"Small Slimes","floor":1,"turns":1},{"damage":0,"enemies":"Jaw Worm","floor":5,"turns":1},{"damage":0,"enemies":"Gremlin Nob","floor":7,"turns":1},{"damage":10,"enemies":"The Mushroom Lair","floor":8,"turns":3},{"damage":20,"enemies":"Lagavulin","floor":12,"turns":5},{"damage":14,"enemies":"Gremlin Nob","floor":14,"turns":4},{"damage":11,"enemies":"The Guardian","floor":16,"turns":9},{"damage":4,"enemies":"Shell Parasite","floor":18,"turns":6},{"damage":0,"enemies":"3 Byrds","floor":20,"turns":2},{"damage":14,"enemies":"Gremlin Leader","floor":24,"turns":6},{"damage":0,"enemies":"Masked Bandits","floor":25,"turns":4},{"damage":12,"enemies":"Slavers","floor":27,"turns":4},{"damage":23,"enemies":"3 Cultists","floor":28,"turns":4},{"damage":20,"enemies":"Gremlin Leader","floor":31,"turns":5},{"damage":14,"enemies":"Champ","floor":33,"turns":9},{"damage":0,"enemies":"3 Shapes","floor":35,"turns":3},{"damage":40,"enemies":"2 Orb Walkers","floor":36,"turns":5},{"damage":0,"enemies":"Mind Bloom Boss Battle","floor":38,"turns":5},{"damage":0,"enemies":"Giant Head","floor":40,"turns":8},{"damage":6,"enemies":"Nemesis","floor":42,"turns":5},{"damage":16,"enemies":"Orb Walker","floor":44,"turns":4},{"damage":10,"enemies":"Jaw Worm Horde","floor":45,"turns":4},{"damage":0,"enemies":"Giant Head","floor":46,"turns":8},{"damage":0,"enemies":"Spire Growth","floor":48,"turns":5},{"damage":41,"enemies":"Time Eater","floor":50,"turns":7}],"seed_played":"-5249001978961590646","potions_obtained":[{"floor":5,"key":"Fire Potion"},{"floor":12,"key":"SpeedPotion"},{"floor":16,"key":"GamblersBrew"},{"floor":18,"key":"Strength Potion"},{"floor":24,"key":"EntropicBrew"},{"floor":27,"key":"GamblersBrew"},{"floor":31,"key":"AttackPotion"},{"floor":36,"key":"FocusPotion"},{"floor":45,"key":"Dexterity Potion"},{"floor":48,"key":"Fire Potion"}],"is_trial":false,"path_per_floor":["M","?","$","?","M","R","E","?","T","$","?","E","$","E","R","B",null,"M","?","M","?","$","R","E","?","T","E","M","$","R","E","R","B",null,"M","?","?","?","?","E","?","E","T","M","M","E","$","M","R","B",null],"character_chosen":"DEFECT","items_purchased":["Static Discharge","Membership Card","Capacitor","Conserve Battery","Bottled Flame","Molten Egg 2","DataDisk","Mercury Hourglass","OrangePellets"],"campfire_rested":1,"item_purchase_floors":[3,3,10,13,22,22,47,47,47],"current_hp_per_floor":[75,75,75,68,68,68,68,63,63,63,63,43,43,29,29,23,62,63,63,63,63,63,63,49,49,49,37,24,39,39,19,41,32,64,64,29,66,66,66,66,63,57,57,41,31,31,46,51,51,20],"gold":367,"neow_bonus":"THREE_ENEMY_KILL","is_daily":false,"chose_seed":false,"campfire_upgraded":5,"win_rate":0.0,"timestamp":1612981437,"path_taken":["M","?","?","?","?","R","E","?","T","$","?","E","$","E","R","BOSS","M","?","M","?","$","R","E","?","T","E","M","$","R","E","R","BOSS","M","?","?","?","?","E","?","E","T","?","?","E","$","M","R","BOSS"],"items_purchased_type":["Card","Relic","Card","Card","Relic","Relic","Relic","Relic","Relic"],"build_version":"2020-12-22","purchased_purges":6,"victory":true,"max_hp_per_floor":[75,75,75,75,75,75,75,75,75,75,75,75,75,75,75,75,75,75,75,75,75,75,75,75,75,75,75,75,75,75,75,75,75,75,75,75,66,66,66,66,63,63,63,63,63,63,63,63,63,63],"card_choices":[{"not_picked":["Compile Driver","Leap"],"picked":"Ball Lightning","floor":1},{"not_picked":["Leap","Hello World"],"picked":"Consume","floor":5},{"not_picked":["Force Field","Gash"],"picked":"BootSequence","floor":7},{"not_picked":["Barrage","Gash"],"picked":"Electrodynamics","floor":8},{"not_picked":["Steam Power","Rip and Tear"],"picked":"Steam","floor":12},{"not_picked":["FTL","Steam"],"picked":"Buffer","floor":14},{"not_picked":["Rainbow","Creative AI"],"picked":"Echo Form","floor":16},{"not_picked":["Fusion","Rebound+1"],"picked":"Conserve Battery+1","floor":18},{"not_picked":["Cold Snap","Scrape","Hello World+1"],"picked":"SKIP","floor":20},{"not_picked":["Stack+1","Genetic Algorithm"],"picked":"Barrage+1","floor":24},{"not_picked":["Darkness+1","Lockon+1"],"picked":"Loop","floor":25},{"not_picked":["Compile Driver+1","Stack","Sweeping Beam+1"],"picked":"SKIP","floor":27},{"not_picked":["Double Energy","Undo","Aggregate"],"picked":"SKIP","floor":28},{"not_picked":["Fusion","Leap","Storm"],"picked":"SKIP","floor":31},{"not_picked":["Echo Form","Hyperbeam+1"],"picked":"Amplify","floor":33},{"not_picked":["Barrage+1","Force Field"],"picked":"Ball Lightning+1","floor":35},{"not_picked":["Steam+1","Go for the Eyes+1"],"picked":"Ball Lightning+1","floor":36},{"not_picked":["Go for the Eyes+1","Beam Cell+1"],"picked":"BootSequence+1","floor":40},{"not_picked":["Conserve Battery","Leap"],"picked":"Redo+1","floor":42},{"not_picked":["Leap","Streamline+1","Ball Lightning+1"],"picked":"SKIP","floor":44},{"not_picked":["Recycle+1","All For One+1","Capacitor+1"],"picked":"SKIP","floor":45},{"not_picked":["Beam Cell+1","Gash+1","Melter+1"],"picked":"SKIP","floor":46},{"not_picked":["Steam","Turbo","Barrage+1"],"picked":"SKIP","floor":48}],"player_experience":1079623,"relics_obtained":[{"floor":7,"key":"Toy Ornithopter"},{"floor":8,"key":"Odd Mushroom"},{"floor":9,"key":"FossilizedHelix"},{"floor":12,"key":"Letter Opener"},{"floor":14,"key":"StrikeDummy"},{"floor":24,"key":"Unceasing Top"},{"floor":25,"key":"Red Mask"},{"floor":26,"key":"PreservedInsect"},{"floor":27,"key":"MealTicket"},{"floor":31,"key":"Bag of Preparation"},{"floor":36,"key":"TungstenRod"},{"floor":38,"key":"Du-Vu Doll"},{"floor":40,"key":"Bag of Marbles"},{"floor":42,"key":"Cables"},{"floor":46,"key":"Incense Burner"}],"event_choices":[{"damage_healed":0,"gold_gain":175,"player_choice":"AGREE","damage_taken":0,"max_hp_gain":0,"max_hp_loss":0,"event_name":"Liars Game","floor":2,"gold_loss":0,"cards_obtained":["Doubt"]},{"damage_healed":0,"gold_gain":75,"player_choice":"Touch","damage_taken":7,"max_hp_gain":0,"max_hp_loss":0,"event_name":"FaceTrader","floor":4,"gold_loss":0},{"damage_healed":0,"gold_gain":0,"player_choice":"Fought Mushrooms","damage_taken":0,"max_hp_gain":0,"max_hp_loss":0,"event_name":"Mushrooms","floor":8,"gold_loss":0},{"damage_healed":0,"gold_gain":0,"player_choice":"Paid Gold","damage_taken":0,"relics_obtained":["Old Coin"],"max_hp_gain":0,"max_hp_loss":0,"event_name":"WeMeetAgain","floor":11,"gold_loss":53},{"damage_healed":0,"gold_gain":0,"player_choice":"Ignored","damage_taken":0,"max_hp_gain":0,"max_hp_loss":0,"event_name":"Vampires","floor":19,"gold_loss":0},{"cards_removed":["Strike_B"],"damage_healed":0,"gold_gain":0,"player_choice":"Gave Gold","damage_taken":0,"max_hp_gain":0,"max_hp_loss":0,"event_name":"Beggar","floor":21,"gold_loss":75},{"damage_healed":0,"gold_gain":0,"player_choice":"Fought Bandits","damage_taken":0,"max_hp_gain":0,"max_hp_loss":0,"event_name":"Masked Bandits","floor":25,"gold_loss":0},{"damage_healed":0,"gold_gain":0,"player_choice":"Fight","damage_taken":0,"max_hp_gain":0,"max_hp_loss":0,"event_name":"Mysterious Sphere","floor":36,"gold_loss":0},{"damage_healed":66,"gold_gain":0,"player_choice":"Heal","damage_taken":0,"max_hp_gain":0,"max_hp_loss":9,"event_name":"The Moai Head","floor":37,"gold_loss":0},{"damage_healed":0,"gold_gain":0,"player_choice":"Fight","damage_taken":0,"max_hp_gain":0,"max_hp_loss":0,"event_name":"MindBloom","floor":38,"gold_loss":0},{"damage_healed":0,"gold_gain":222,"player_choice":"Wore Mask","damage_taken":0,"max_hp_gain":0,"max_hp_loss":0,"event_name":"Tomb of Lord Red Mask","floor":39,"gold_loss":0},{"damage_healed":0,"gold_gain":0,"player_choice":"Max HP","damage_taken":0,"max_hp_gain":0,"max_hp_loss":3,"event_name":"Winding Halls","floor":41,"gold_loss":0}],"is_beta":false,"boss_relics":[{"not_picked":["Black Star","Fusion Hammer"],"picked":"Inserter"},{"not_picked":["Snecko Eye","Nuclear Battery"],"picked":"SlaversCollar"}],"items_purged_floors":[3,10,13,22,29,47],"is_endless":false,"potions_floor_spawned":[5,12,16,18,24,27,31,36,45,48],"ascension_level":5}}