{"host":"j5shy70asow5koz5","time":1612967959,"event":{"mods":["2.2 Compatiblity","Act Like it!","Arknights","BaseMod","Colored Map","Marisa£¨Ùöéë¡¡Øª×âÞÞ£©","Minty Spire (QoL Compilation)","Prisma Mod","StSLib","SuperFastMode","Td1madao Mod","The Disciple","The Gatherer","The Servant 0.9.4","Waifu the Spire"],"gold_per_floor":[117,117,137,157,157,157,58,76,76,76,101,101,101,121,121,226,226,244,260,260,280,280,280,300,300,300,20,20,34,34,34,34,139,139,150,0,0,0,12,12,23,23,23,23,23,23,23,73,73,73],"floor_reached":51,"language":"KOR","playtime":768,"items_purged":["Searing Blow"],"score":666,"play_id":"51817085-22d8-4225-ba41-166342323635","local_time":"20210210233919","is_ascension_mode":false,"campfire_choices":[{"data":"Searing Blow","floor":6.0,"key":"SMITH"},{"data":"Uppercut","floor":10.0,"key":"SMITH"},{"data":"Searing Blow+1","floor":13.0,"key":"SMITH"},{"data":"Double Tap","floor":15.0,"key":"SMITH"},{"data":"Perfected Strike","floor":23,"key":"SMITH"},{"data":"Perfected Strike","floor":25,"key":"SMITH"},{"data":"Searing Blow+2","floor":28,"key":"SMITH"},{"data":"Searing Blow+3","floor":30,"key":"SMITH"},{"data":"Searing Blow+4","floor":32,"key":"SMITH"},{"data":"Searing Blow+5","floor":40,"key":"SMITH"},{"data":"Searing Blow+6","floor":44,"key":"SMITH"},{"data":"Enlightenment","floor":46,"key":"SMITH"},{"data":"Searing Blow+7","floor":49,"key":"SMITH"}],"circlet_count":0,"master_deck":["Strike_R","Strike_R","Strike_R","Strike_R","Strike_R+1","Defend_R","Defend_R+1","Defend_R","Defend_R","Bash","Perfected Strike+1","Searing Blow+8","Uppercut+1","Perfected Strike+1","Pommel Strike","Double Tap+1","Shrug It Off","Offering","Armaments+1","Sever Soul+1","Perfected Strike+1","Impervious","Perfected Strike+1","Enlightenment+1","Flex+1"],"relics":["Burning Blood","Bag of Marbles","Self Forming Clay","Eternal Feather","SlaversCollar","Bottled Flame","Omamori","Frozen Eye","Cursed Key","Shuriken","Gambling Chip"],"acts_visited":["Exordium","TheCity","TheBeyond"],"potions_floor_usage":[24,29,33,33,33,50,50,50],"damage_taken":[{"damage":2.0,"enemies":"Small Slimes","floor":1.0,"turns":3.0},{"damage":2.0,"enemies":"ats:Genji","floor":3.0,"turns":2.0},{"damage":3.0,"enemies":"Jaw Worm","floor":4.0,"turns":3.0},{"damage":16.0,"enemies":"Exordium Wildlife","floor":8.0,"turns":3.0},{"damage":25.0,"enemies":"Lagavulin","floor":11.0,"turns":4.0},{"damage":9.0,"enemies":"Red Slaver","floor":14.0,"turns":2.0},{"damage":35.0,"enemies":"The Guardian","floor":16.0,"turns":8.0},{"damage":6.0,"enemies":"Spheric Guardian","floor":18.0,"turns":3.0},{"damage":13.0,"enemies":"Shell Parasite","floor":19.0,"turns":3.0},{"damage":7.0,"enemies":"Snecko","floor":21.0,"turns":3.0},{"damage":18,"enemies":"Sentry and Sphere","floor":24,"turns":4},{"damage":10,"enemies":"Centurion and Healer","floor":29,"turns":3},{"damage":68,"enemies":"Champ","floor":33,"turns":5},{"damage":3,"enemies":"3 Shapes","floor":35,"turns":2},{"damage":14,"enemies":"3 Darklings","floor":39,"turns":4},{"damage":31,"enemies":"Maw","floor":41,"turns":4},{"damage":6,"enemies":"Mind Bloom Boss Battle","floor":48,"turns":1},{"damage":43,"enemies":"Donu and Deca","floor":50,"turns":6}],"seed_played":"-1909003362242481894","potions_obtained":[{"floor":8.0,"key":"ElixirPotion"},{"floor":11.0,"key":"Swift Potion"},{"floor":16.0,"key":"Explosive Potion"},{"floor":21.0,"key":"Strength Potion"},{"floor":29,"key":"BlessingOfTheForge"},{"floor":39,"key":"SpeedPotion"},{"floor":41,"key":"Dexterity Potion"}],"is_trial":false,"path_per_floor":["M","?","M","M","?","R","$","M","T","R","E","?","R","M","R","B",null,"M","M","T","M","?","R","M","R","T","$","R","M","R","$","R","B",null,"M","$","?","$","M","R","M","?","T","R","?","R","$","?","R","B",null],"character_chosen":"IRONCLAD","items_purchased":["Perfected Strike","SkillPotion","Energy Potion","Frozen Eye","HeartOfIron","BlessingOfTheForge"],"campfire_rested":0,"item_purchase_floors":[7,7,27,27,36,36],"current_hp_per_floor":[80,64,68,71,71,71,71,61,61,61,42,42,51,48,57,28,80,80,73,73,72,72,80,68,80,80,80,80,76,80,80,80,18,80,80,80,80,80,72,80,55,55,55,67,67,79,79,79,80,43],"gold":73,"neow_bonus":"RANDOM_COMMON_RELIC","is_daily":false,"chose_seed":false,"campfire_upgraded":13,"win_rate":0.0,"timestamp":1612967959,"path_taken":["M","?","M","M","?","R","$","?","T","R","E","?","R","M","R","BOSS","M","M","?","M","?","R","?","R","T","$","R","M","R","$","R","BOSS","M","$","?","$","?","R","M","?","T","R","?","R","$","?","R","BOSS"],"items_purchased_type":["Card","Potion","Potion","Relic","Potion","Potion"],"build_version":"2020-12-22","purchased_purges":1,"victory":true,"max_hp_per_floor":[80,80,80,80,80,80,80,80,80,80,80,80,80,80,80,80,80,80,80,80,80,80,80,80,80,80,80,80,80,80,80,80,80,80,80,80,80,80,80,80,80,80,80,80,80,80,80,80,80,80],"card_choices":[{"not_picked":["Thunderclap","Flex"],"picked":"Perfected Strike","floor":1.0},{"not_picked":["Blood for Blood","Spot Weakness"],"picked":"Clothesline","floor":3.0},{"not_picked":["Anger","Clash"],"picked":"Searing Blow","floor":4.0},{"not_picked":["Hemokinesis","Thunderclap","Twin Strike"],"picked":"SKIP","floor":8.0},{"not_picked":["Iron Wave","Feed"],"picked":"Pommel Strike","floor":11.0},{"not_picked":["Warcry","Rage"],"picked":"Shrug It Off","floor":14.0},{"not_picked":["Corruption","Reaper"],"picked":"Offering","floor":16.0},{"not_picked":["Power Through","Bloodletting"],"picked":"Searing Blow","floor":18.0},{"not_picked":["Power Through","Disarm"],"picked":"Armaments+1","floor":19.0},{"not_picked":["Clash","Headbutt"],"picked":"Sever Soul+1","floor":21.0},{"not_picked":["Headbutt","Battle Trance","Anger"],"picked":"SKIP","floor":24},{"not_picked":["Anger","Seeing Red"],"picked":"Perfected Strike+1","floor":29},{"not_picked":["Double Tap","Barricade"],"picked":"Impervious","floor":33},{"not_picked":["Hemokinesis+1","Body Slam"],"picked":"Perfected Strike+1","floor":35},{"not_picked":["Clash","Evolve","Rampage"],"picked":"SKIP","floor":39},{"not_picked":["Cleave","Shockwave","Clash+1"],"picked":"SKIP","floor":41},{"not_picked":["Swift Strike","Forethought"],"picked":"Enlightenment","floor":45},{"not_picked":["Shrug It Off","Hemokinesis"],"picked":"Flex+1","floor":48}],"player_experience":91294,"relics_obtained":[{"floor":9.0,"key":"Self Forming Clay"},{"floor":11.0,"key":"Eternal Feather"},{"floor":20.0,"key":"Bottled Flame"},{"floor":26,"key":"Omamori"},{"floor":43,"key":"Shuriken"},{"floor":48,"key":"Gambling Chip"}],"event_choices":[{"damage_healed":0.0,"max_hp_gain":0.0,"max_hp_loss":0.0,"gold_gain":0.0,"event_name":"Shining Light","player_choice":"Entered Light","floor":2.0,"gold_loss":0.0,"damage_taken":16.0,"cards_upgraded":["Defend_R","Strike_R"]},{"damage_healed":0.0,"max_hp_gain":0.0,"max_hp_loss":0.0,"gold_gain":0.0,"cards_transformed":["Clothesline"],"event_name":"Transmorgrifier","player_choice":"Transformed","floor":5.0,"gold_loss":0.0,"damage_taken":0.0,"cards_obtained":["Uppercut"]},{"damage_healed":0.0,"max_hp_gain":0.0,"max_hp_loss":0.0,"gold_gain":0.0,"event_name":"Match and Keep!","player_choice":"1 cards matched","floor":12.0,"gold_loss":0.0,"damage_taken":0.0,"cards_obtained":["Double Tap"]},{"damage_healed":0,"gold_gain":0,"player_choice":"Ignored","damage_taken":0,"max_hp_gain":0,"max_hp_loss":0,"event_name":"Cursed Tome","floor":22,"gold_loss":0},{"damage_healed":0,"gold_gain":0,"player_choice":"0 cards matched","damage_taken":0,"max_hp_gain":0,"max_hp_loss":0,"event_name":"Match and Keep!","floor":37,"gold_loss":0,"cards_obtained":[]},{"damage_healed":0,"gold_gain":0,"player_choice":"Ignored","damage_taken":0,"max_hp_gain":0,"max_hp_loss":0,"event_name":"Mysterious Sphere","floor":42,"gold_loss":0},{"damage_healed":0,"gold_gain":0,"player_choice":"Memory 1","damage_taken":0,"max_hp_gain":0,"max_hp_loss":0,"event_name":"SensoryStone","floor":45,"gold_loss":0},{"damage_healed":0,"gold_gain":0,"player_choice":"Fight","damage_taken":0,"max_hp_gain":0,"max_hp_loss":0,"event_name":"MindBloom","floor":48,"gold_loss":0}],"is_beta":false,"boss_relics":[{"not_picked":["Runic Cube","Runic Dome"],"picked":"SlaversCollar"},{"not_picked":["Fusion Hammer","Coffee Dripper"],"picked":"Cursed Key"}],"items_purged_floors":[27],"is_endless":false,"potions_floor_spawned":[8,11,16,21,29,39,41],"ascension_level":0}}