{"host":"jegehu1t82aiec5j","time":1612964042,"event":{"mods":["BaseMod","Colored Map","Minty Spire (QoL Compilation)","Relic Stats","StSLib"],"gold_per_floor":[116,133,133,133,151,183,183,211,211,242,259,278,288,303,303,374,374,389,389,408,428,445,474,490,490,490,490,502,502,534,551,551,626,626,637,637,662,662,676,706,706,209,209,56,56,67,67,95,95,95],"floor_reached":51,"language":"ENG","playtime":2205,"items_purged":[],"score":1446,"play_id":"660d9063-fed5-43bc-93bc-040a11fc2c6f","local_time":"20210210083402","is_ascension_mode":true,"campfire_choices":[{"data":"Metallicize","floor":7.0,"key":"SMITH"},{"data":"Dual Wield","floor":15.0,"key":"SMITH"},{"floor":25.0,"key":"REST"},{"floor":27.0,"key":"REST"},{"data":"Metallicize","floor":29.0,"key":"SMITH"},{"data":"Rampage","floor":32.0,"key":"SMITH"},{"floor":41,"key":"REST"},{"data":"Flash of Steel","floor":45,"key":"SMITH"},{"floor":47,"key":"REST"},{"floor":49,"key":"REST"}],"circlet_count":0,"master_deck":["AscendersBane","Metallicize+1","Rampage+1","Dual Wield+1","Metallicize+1","Seeing Red+1","Feed+1","Flash of Steel+1"],"relics":["Burning Blood","WarpedTongs","Calipers","Unceasing Top","Darkstone Periapt","Bag of Marbles","PreservedInsect","Runic Pyramid","Nloth\u0027s Gift","War Paint","Blue Candle","Centennial Puzzle","Busted Crown","WingedGreaves","Question Card","Shuriken","OrangePellets","Gambling Chip","Potion Belt","Art of War"],"acts_visited":["Exordium","TheCity","TheBeyond"],"potions_floor_usage":[40,50],"damage_taken":[{"damage":0.0,"enemies":"Cultist","floor":1.0,"turns":4.0},{"damage":6.0,"enemies":"Small Slimes","floor":2.0,"turns":6.0},{"damage":14.0,"enemies":"2 Louse","floor":5.0,"turns":4.0},{"damage":10.0,"enemies":"Gremlin Nob","floor":6.0,"turns":4.0},{"damage":0.0,"enemies":"Lagavulin","floor":8.0,"turns":8.0},{"damage":20.0,"enemies":"3 Sentries","floor":10.0,"turns":8.0},{"damage":16.0,"enemies":"Lots of Slimes","floor":11.0,"turns":6.0},{"damage":6.0,"enemies":"Gremlin Gang","floor":12.0,"turns":4.0},{"damage":13.0,"enemies":"Exordium Wildlife","floor":13.0,"turns":5.0},{"damage":8.0,"enemies":"2 Fungi Beasts","floor":14.0,"turns":4.0},{"damage":18.0,"enemies":"Slime Boss","floor":16.0,"turns":12.0},{"damage":0.0,"enemies":"Chosen","floor":18.0,"turns":7.0},{"damage":28.0,"enemies":"3 Byrds","floor":20.0,"turns":9.0},{"damage":13.0,"enemies":"Cultist and Chosen","floor":21.0,"turns":6.0},{"damage":2.0,"enemies":"Snecko","floor":22.0,"turns":8.0},{"damage":26.0,"enemies":"Gremlin Leader","floor":23.0,"turns":8.0},{"damage":5.0,"enemies":"Snake Plant","floor":24.0,"turns":7.0},{"damage":16.0,"enemies":"Centurion and Healer","floor":28.0,"turns":8.0},{"damage":27.0,"enemies":"Slavers","floor":30.0,"turns":4.0},{"damage":0.0,"enemies":"Chosen and Byrds","floor":31.0,"turns":8.0},{"damage":38.0,"enemies":"Collector","floor":33.0,"turns":12.0},{"damage":4,"enemies":"Orb Walker","floor":35,"turns":6},{"damage":34,"enemies":"Mind Bloom Boss Battle","floor":37,"turns":8},{"damage":10,"enemies":"3 Shapes","floor":39,"turns":7},{"damage":52,"enemies":"Reptomancer","floor":40,"turns":8},{"damage":0,"enemies":"Jaw Worm Horde","floor":46,"turns":2},{"damage":1,"enemies":"Giant Head","floor":48,"turns":3},{"damage":8,"enemies":"Donu and Deca","floor":50,"turns":2}],"seed_played":"1989594141409106809","potions_obtained":[{"floor":0.0,"key":"Fire Potion"},{"floor":0.0,"key":"FairyPotion"},{"floor":12.0,"key":"Explosive Potion"},{"floor":40,"key":"EssenceOfSteel"}],"is_trial":false,"path_per_floor":["M","M","?","$","M","E","R","E","T","E","M","M","M","M","R","B",null,"M","?","M","M","M","E","M","R","T","R","M","R","E","M","R","B",null,"M","?","?","?","M","E","R","$","T","$","R","M","R","E","R","B",null],"character_chosen":"IRONCLAD","items_purchased":["Shuriken","OrangePellets","Flash of Steel","Potion Belt"],"campfire_rested":5,"item_purchase_floors":[42,42,42,44],"current_hp_per_floor":[74,74,74,74,66,62,62,68,82,68,58,58,51,49,49,37,76,82,82,60,53,57,37,38,64,64,89,83,83,66,80,80,52,95,101,101,77,77,81,39,75,75,75,75,75,81,117,126,127,129],"gold":95,"neow_bonus":"THREE_SMALL_POTIONS","is_daily":false,"chose_seed":false,"campfire_upgraded":5,"win_rate":0.0,"timestamp":1612964042,"path_taken":["M","?","?","$","M","E","R","E","T","E","M","?","M","M","R","BOSS","M","?","M","M","?","E","M","R","T","R","?","R","E","M","R","BOSS","M","?","?","?","M","E","R","$","T","$","R","?","R","E","R","BOSS"],"items_purchased_type":["Relic","Relic","Card","Relic"],"build_version":"2020-12-22","purchased_purges":0,"victory":true,"max_hp_per_floor":[75,75,75,75,75,75,75,75,89,89,89,89,89,89,89,89,89,89,89,89,89,89,89,89,89,89,89,93,93,97,105,105,109,109,113,107,111,111,119,123,123,123,123,123,123,123,123,127,127,131],"relic_stats":{"Darkstone Periapt":0,"counters":[28,178],"Blue Candle":[0],"PreservedInsect":279,"War Paint":["Seeing Red"],"Question Card":2,"Burning Blood":168,"WarpedTongs":[65],"OrangePellets":[0],"Centennial Puzzle":[19],"Busted Crown":12,"Shuriken":[28],"Gambling Chip":[5],"Nloth\u0027s Gift":3,"Art of War":[0],"obtain_stats":[{"Darkstone Periapt":6,"Potion Belt":44,"Calipers":0,"Blue Candle":26,"Circlet":0,"Mango":9,"PreservedInsect":10,"War Paint":23,"Question Card":40,"Burning Blood":0,"WarpedTongs":0,"OrangePellets":42,"Centennial Puzzle":30,"Busted Crown":34,"Shuriken":42,"Gambling Chip":43,"WingedGreaves":37,"Bag of Marbles":8,"Nloth\u0027s Gift":19,"Art of War":48,"Unceasing Top":3,"Runic Pyramid":17},{"Darkstone Periapt":4,"Potion Belt":25,"Calipers":0,"Blue Candle":17,"Circlet":0,"Mango":5,"PreservedInsect":6,"War Paint":16,"Question Card":25,"Burning Blood":0,"WarpedTongs":0,"OrangePellets":25,"Centennial Puzzle":19,"Busted Crown":21,"Shuriken":25,"Gambling Chip":25,"WingedGreaves":23,"Bag of Marbles":5,"Nloth\u0027s Gift":12,"Art of War":27,"Unceasing Top":2,"Runic Pyramid":11},{"Darkstone Periapt":18,"Potion Belt":171,"Calipers":0,"Blue Candle":110,"Circlet":0,"Mango":26,"PreservedInsect":34,"War Paint":103,"Question Card":171,"Burning Blood":0,"WarpedTongs":0,"OrangePellets":171,"Centennial Puzzle":122,"Busted Crown":142,"Shuriken":171,"Gambling Chip":171,"WingedGreaves":156,"Bag of Marbles":26,"Nloth\u0027s Gift":72,"Art of War":176,"Unceasing Top":10,"Runic Pyramid":65}],"Unceasing Top":[1]},"card_choices":[{"not_picked":["Spot Weakness","Havoc"],"picked":"Metallicize","floor":1.0},{"not_picked":["Havoc","Dual Wield","Cleave"],"picked":"SKIP","floor":2.0},{"not_picked":["Cleave","Shrug It Off","Headbutt"],"picked":"SKIP","floor":5.0},{"not_picked":["Searing Blow","Body Slam"],"picked":"Seeing Red","floor":6.0},{"not_picked":["Perfected Strike","Fiend Fire","Shrug It Off"],"picked":"SKIP","floor":8.0},{"not_picked":["Warcry","Body Slam","Perfected Strike"],"picked":"SKIP","floor":10.0},{"not_picked":["Warcry","Twin Strike","Brutality"],"picked":"SKIP","floor":11.0},{"not_picked":["Whirlwind","Anger","Body Slam"],"picked":"SKIP","floor":12.0},{"not_picked":["Anger","Feel No Pain","Power Through"],"picked":"SKIP","floor":13.0},{"not_picked":["Thunderclap","Anger","Ghostly Armor"],"picked":"SKIP","floor":14.0},{"not_picked":["Cleave","Warcry","Feel No Pain"],"picked":"SKIP","floor":18.0},{"not_picked":["Twin Strike","Sword Boomerang","Offering"],"picked":"SKIP","floor":20.0},{"not_picked":["Wild Strike","Searing Blow","Anger"],"picked":"SKIP","floor":21.0},{"not_picked":["Clothesline","Blood for Blood","Shockwave"],"picked":"SKIP","floor":22.0},{"not_picked":["Wild Strike","Fire Breathing","Iron Wave"],"picked":"SKIP","floor":23.0},{"not_picked":["Bloodletting+1","Pummel"],"picked":"Feed","floor":24.0},{"not_picked":["Clothesline","Shrug It Off+1","Cleave"],"picked":"SKIP","floor":28.0},{"not_picked":["Impervious","Anger","Havoc"],"picked":"SKIP","floor":30.0},{"not_picked":["True Grit","Havoc","Inflame"],"picked":"SKIP","floor":31.0},{"not_picked":["Flex"],"picked":"SKIP","floor":35},{"not_picked":["Havoc"],"picked":"SKIP","floor":39},{"not_picked":["Anger"],"picked":"SKIP","floor":40},{"not_picked":["Perfected Strike","Headbutt"],"picked":"SKIP","floor":46},{"not_picked":["Sword Boomerang","Combust"],"picked":"SKIP","floor":48}],"player_experience":2597810,"relics_obtained":[{"floor":3.0,"key":"Unceasing Top"},{"floor":6.0,"key":"Darkstone Periapt"},{"floor":8.0,"key":"Bag of Marbles"},{"floor":9.0,"key":"Mango"},{"floor":10.0,"key":"PreservedInsect"},{"floor":23.0,"key":"War Paint"},{"floor":26.0,"key":"Blue Candle"},{"floor":30.0,"key":"Centennial Puzzle"},{"floor":37,"key":"WingedGreaves"},{"floor":40,"key":"Question Card"},{"floor":43,"key":"Gambling Chip"},{"floor":48,"key":"Art of War"}],"event_choices":[{"damage_healed":0.0,"max_hp_gain":0.0,"max_hp_loss":0.0,"gold_gain":0.0,"event_name":"Wheel of Change","player_choice":"Relic","floor":3.0,"gold_loss":0.0,"damage_taken":0.0},{"damage_healed":0.0,"max_hp_gain":0.0,"max_hp_loss":0.0,"gold_gain":0.0,"event_name":"N\u0027loth","player_choice":"Traded Relic","floor":19.0,"relics_lost":["Mango"],"gold_loss":0.0,"damage_taken":0.0,"relics_obtained":["Nloth\u0027s Gift"]},{"damage_healed":0,"gold_gain":0,"player_choice":"Max HP","damage_taken":0,"max_hp_gain":0,"max_hp_loss":6,"event_name":"Winding Halls","floor":36,"gold_loss":0},{"damage_healed":0,"gold_gain":0,"player_choice":"Fight","damage_taken":0,"max_hp_gain":0,"max_hp_loss":0,"event_name":"MindBloom","floor":37,"gold_loss":0},{"damage_healed":0,"gold_gain":0,"player_choice":"Forge","damage_taken":0,"max_hp_gain":0,"max_hp_loss":0,"event_name":"Accursed Blacksmith","floor":38,"gold_loss":0,"cards_upgraded":["Feed"]}],"is_beta":false,"boss_relics":[{"not_picked":["Tiny House","Empty Cage"],"picked":"Runic Pyramid"},{"not_picked":["Coffee Dripper","SlaversCollar"],"picked":"Busted Crown"}],"items_purged_floors":[],"is_endless":false,"potions_floor_spawned":[1,11,12,13,20,21,23,24,33,40],"ascension_level":15}}