{"host":"7gewg82ormp6yt4e","time":1612962727,"event":{"mods":["BaseMod","Block Reminder","Colored Map","DeckTracker","Highlight Path","Minty Spire (QoL Compilation)","Relic Stats","StSLib","ojb\u0027s Info Mod"],"gold_per_floor":[115,14,14,30,30,30,49,81,108,8,33,75,75,97,97,182,182,210,210,239,248,277,277,39,39,39,75,95,95,60,60,60,167,239,263,263,263,273,6,41,41,15,15,15,29,53,53,95,95,95,95,95],"floor_reached":51,"language":"JPN","playtime":3913,"items_purged":["Shame","Pain","Consecrate"],"score":1808,"play_id":"adb8ea3a-83f0-44b9-94a7-99f6a64d17ad","local_time":"20210210221207","is_ascension_mode":true,"campfire_choices":[{"data":"Eruption","floor":6,"key":"SMITH"},{"data":"Prostrate","floor":13,"key":"SMITH"},{"data":"DeusExMachina","floor":15,"key":"SMITH"},{"data":"Devotion","floor":23,"key":"SMITH"},{"floor":25,"key":"REST"},{"data":"Wireheading","floor":29,"key":"SMITH"},{"floor":32,"key":"REST"},{"floor":41,"key":"RECALL"},{"data":"TalkToTheHand","floor":44,"key":"SMITH"},{"data":"WaveOfTheHand","floor":47,"key":"SMITH"},{"data":"MentalFortress","floor":49,"key":"SMITH"}],"circlet_count":0,"master_deck":["AscendersBane","Eruption+1","Vigilance","Transmutation","DeceiveReality","EmptyFist","EmptyBody","DeusExMachina+1","FollowUp","SashWhip","Prostrate+1","Vault","Devotion+1","Prostrate","Wallop","Conclude+1","BattleHymn+1","Wireheading+1","Sanctity","ThirdEye","WheelKick","TalkToTheHand+1","Brilliance","LikeWater","DevaForm","Blasphemy","ReachHeaven","ConjureBlade","WindmillStrike","Worship","MentalFortress+1","EmptyBody","ClearTheMind","Sanctity","EmptyMind","WaveOfTheHand+1","SashWhip+1"],"relics":["PureWater","WarpedTongs","Damaru","CeramicFish","Mummified Hand","Sozu","Red Mask","Orrery","Incense Burner","FossilizedHelix","Enchiridion","Pandora\u0027s Box","The Courier","GoldenEye"],"acts_visited":["Exordium","TheCity","TheBeyond"],"potions_floor_usage":[8,8],"damage_taken":[{"damage":7,"enemies":"Jaw Worm","floor":1,"turns":4},{"damage":0,"enemies":"Cultist","floor":4,"turns":2},{"damage":4,"enemies":"Small Slimes","floor":7,"turns":4},{"damage":4,"enemies":"3 Sentries","floor":8,"turns":3},{"damage":7,"enemies":"Exordium Thugs","floor":11,"turns":6},{"damage":0,"enemies":"Gremlin Nob","floor":12,"turns":3},{"damage":1,"enemies":"Looter","floor":14,"turns":5},{"damage":0,"enemies":"Slime Boss","floor":16,"turns":3},{"damage":0,"enemies":"Chosen","floor":18,"turns":3},{"damage":0,"enemies":"Masked Bandits","floor":20,"turns":3},{"damage":13,"enemies":"2 Thieves","floor":22,"turns":5},{"damage":6,"enemies":"Gremlin Leader","floor":27,"turns":5},{"damage":16,"enemies":"Snake Plant","floor":28,"turns":4},{"damage":0,"enemies":"Champ","floor":33,"turns":7},{"damage":0,"enemies":"3 Darklings","floor":35,"turns":3},{"damage":0,"enemies":"3 Shapes","floor":38,"turns":5},{"damage":0,"enemies":"Nemesis","floor":40,"turns":4},{"damage":0,"enemies":"Spire Growth","floor":45,"turns":3},{"damage":0,"enemies":"Writhing Mass","floor":46,"turns":6},{"damage":0,"enemies":"Giant Head","floor":48,"turns":6},{"damage":51,"enemies":"Awakened One","floor":50,"turns":16},{"damage":15,"enemies":"Donu and Deca","floor":51,"turns":3}],"seed_played":"7617030227914437763","potions_obtained":[{"floor":1,"key":"BlessingOfTheForge"},{"floor":3,"key":"Weak Potion"},{"floor":7,"key":"AttackPotion"}],"is_trial":false,"path_per_floor":["M","$","?","M","?","R","M","E","T","$","M","E","R","M","R","B",null,"M","$","?","?","M","R","$","R","T","E","M","R","$","?","R","B",null,"M","?","?","M","$","E","R","$","T","R","M","M","R","E","R","B","B"],"character_chosen":"WATCHER","items_purchased":["EmptyFist","Orrery","Sanctity","ThirdEye","TalkToTheHand","MentalFortress","EmptyBody","ClearTheMind","EmptyMind"],"campfire_rested":2,"item_purchase_floors":[2,24,24,24,30,39,39,39,42],"current_hp_per_floor":[54,54,54,54,54,54,50,46,46,46,39,39,39,38,38,38,61,61,61,61,61,48,48,48,68,68,62,46,46,46,25,45,45,62,62,62,62,62,62,62,62,62,62,62,62,62,62,62,62,11,0,0],"gold":95,"neow_bonus":"RANDOM_COLORLESS_2","is_daily":false,"chose_seed":false,"campfire_upgraded":8,"win_rate":0.0,"timestamp":1612962727,"path_taken":["M","$","?","?","?","R","M","E","T","$","M","E","R","M","R","BOSS","M","$","?","?","M","R","$","R","T","E","M","R","?","?","R","BOSS","M","?","?","M","$","E","R","?","T","R","M","?","R","E","R","BOSS","BOSS"],"items_purchased_type":["Card","Relic","Card","Card","Card","Card","Card","Card","Card"],"build_version":"2020-12-22","purchased_purges":3,"victory":false,"max_hp_per_floor":[68,68,68,68,68,68,68,68,68,68,68,68,68,68,68,68,68,68,68,68,68,68,68,68,68,68,68,68,68,68,68,68,68,68,68,68,65,65,65,65,65,65,65,65,65,65,65,65,65,65,65,65],"relic_stats":{"Sozu":7,"counters":[22,103],"Mummified Hand":[69],"CeramicFish":270,"Pandora\u0027s Box":["LikeWater","DevaForm","Blasphemy","Consecrate","ReachHeaven","ConjureBlade","WindmillStrike","ConjureBlade"],"GoldenEye":[12],"obtain_stats":[{"CeramicFish":9,"Damaru":8,"Enchiridion":31,"The Courier":40,"Incense Burner":26,"GoldenEye":48,"WarpedTongs":5,"Sozu":17,"Mummified Hand":12,"Orrery":24,"Pandora\u0027s Box":34,"Red Mask":20,"PureWater":0,"FossilizedHelix":27},{"CeramicFish":4,"Damaru":4,"Enchiridion":13,"The Courier":17,"Incense Burner":11,"GoldenEye":20,"WarpedTongs":2,"Sozu":8,"Mummified Hand":6,"Orrery":11,"Pandora\u0027s Box":14,"Red Mask":10,"PureWater":0,"FossilizedHelix":12},{"CeramicFish":13,"Damaru":13,"Enchiridion":50,"The Courier":69,"Incense Burner":41,"GoldenEye":84,"WarpedTongs":6,"Sozu":30,"Mummified Hand":22,"Orrery":41,"Pandora\u0027s Box":57,"Red Mask":36,"PureWater":0,"FossilizedHelix":46}],"WarpedTongs":[96]},"card_choices":[{"not_picked":["Secret Technique","Panache"],"picked":"Transmutation","floor":0},{"not_picked":["ClearTheMind","FlyingSleeves"],"picked":"DeceiveReality","floor":1},{"not_picked":["Evaluate","EmptyFist"],"picked":"EmptyBody","floor":4},{"not_picked":["Protect","ThirdEye"],"picked":"DeusExMachina","floor":7},{"not_picked":["Halt","FlyingSleeves"],"picked":"FollowUp","floor":8},{"not_picked":["ForeignInfluence","Nirvana"],"picked":"SashWhip","floor":11},{"not_picked":["FollowUp","Consecrate"],"picked":"Prostrate","floor":12},{"not_picked":["Evaluate","PathToVictory"],"picked":"Vault","floor":14},{"not_picked":["SpiritShield","DeusExMachina"],"picked":"Devotion","floor":16},{"not_picked":["Halt","PathToVictory"],"picked":"Prostrate","floor":18},{"not_picked":["Crescendo","CarveReality"],"picked":"Conclude+1","floor":22},{"not_picked":["SandsOfTime","Protect"],"picked":"BattleHymn+1","floor":24},{"not_picked":["FlyingSleeves","LikeWater"],"picked":"Wireheading","floor":24},{"not_picked":["Nirvana","BowlingBash"],"picked":"WheelKick","floor":27},{"not_picked":["Protect","Indignation","Vengeance"],"picked":"SKIP","floor":28},{"not_picked":["Scrawl","LessonLearned"],"picked":"Brilliance","floor":33},{"not_picked":["JustLucky","SandsOfTime"],"picked":"Worship","floor":35},{"not_picked":["PathToVictory","FollowUp","Perseverance"],"picked":"SKIP","floor":38},{"not_picked":["EmptyBody","BowlingBash"],"picked":"Sanctity","floor":40},{"not_picked":["Study","DeceiveReality","BowlingBash"],"picked":"SKIP","floor":45},{"not_picked":["Study","DeceiveReality","BowlingBash"],"picked":"SKIP","floor":45},{"not_picked":["SignatureMove","FearNoEvil+1"],"picked":"WaveOfTheHand","floor":46},{"not_picked":["FlurryOfBlows","Conclude+1"],"picked":"SashWhip+1","floor":48}],"player_experience":2818437,"relics_obtained":[{"floor":8,"key":"Damaru"},{"floor":9,"key":"CeramicFish"},{"floor":12,"key":"Mummified Hand"},{"floor":20,"key":"Red Mask"},{"floor":26,"key":"Incense Burner"},{"floor":27,"key":"FossilizedHelix"},{"floor":31,"key":"Enchiridion"},{"floor":40,"key":"The Courier"},{"floor":48,"key":"GoldenEye"}],"event_choices":[{"damage_healed":0,"gold_gain":0,"player_choice":"Got Potions","damage_taken":0,"max_hp_gain":0,"max_hp_loss":0,"event_name":"Lab","floor":3,"gold_loss":0},{"damage_healed":0,"gold_gain":0,"player_choice":"Rummage","damage_taken":0,"relics_obtained":["WarpedTongs"],"max_hp_gain":0,"max_hp_loss":0,"event_name":"Accursed Blacksmith","floor":5,"gold_loss":0,"cards_obtained":["Pain"]},{"damage_healed":0,"gold_gain":0,"player_choice":"Fought Bandits","damage_taken":0,"max_hp_gain":0,"max_hp_loss":0,"event_name":"Masked Bandits","floor":20,"gold_loss":0},{"damage_healed":0,"gold_gain":0,"player_choice":"Read","damage_taken":0,"max_hp_gain":0,"max_hp_loss":0,"event_name":"The Library","floor":21,"gold_loss":0,"cards_obtained":["Wallop"]},{"damage_healed":0,"gold_gain":0,"player_choice":"Obtained Book","damage_taken":21,"max_hp_gain":0,"max_hp_loss":0,"event_name":"Cursed Tome","floor":31,"gold_loss":0},{"cards_removed":["ConjureBlade"],"damage_healed":0,"gold_gain":0,"player_choice":"Removed Skill","damage_taken":0,"max_hp_gain":0,"max_hp_loss":0,"event_name":"Falling","floor":36,"gold_loss":0},{"damage_healed":0,"gold_gain":0,"player_choice":"Max HP","damage_taken":0,"max_hp_gain":0,"max_hp_loss":3,"event_name":"Winding Halls","floor":37,"gold_loss":0}],"is_beta":false,"boss_relics":[{"not_picked":["Cursed Key","Black Star"],"picked":"Sozu"},{"not_picked":["Philosopher\u0027s Stone","Calling Bell"],"picked":"Pandora\u0027s Box"}],"items_purged_floors":[2,10,39],"is_endless":false,"potions_floor_spawned":[1,4,7,20,27,28,33,35,38,45],"killed_by":"Donu and Deca","ascension_level":20}}