{"host":"ryxkq7m36cv0y2ky","time":1612920260,"event":{"mods":["100% Spire Juice","BaseMod","Duelist Mod","Hubris","Marisa????????","Minty Spire (QoL Compilation)","Reliquary","Remilia??????","Replay The Spire","Spire Arcade","StSLib","The Cursed","The Disciple","The Marked","The Mystic","The Necromancer","The Runesmith","The Servant 0.9.4"],"gold_per_floor":[117,128,128,147,160,186,186,186,262,292,304,304,23,40,40,140,140,158,177,227,277,27,62,82,146,146,146,146],"floor_reached":27,"language":"ENG","playtime":1247,"items_purged":[],"score":295,"play_id":"f39b6a15-7616-4c00-9093-1dcf172a9a55","local_time":"20210210115420","is_ascension_mode":false,"campfire_choices":[{"data":"EternalNight","floor":7,"key":"SMITH"}],"circlet_count":0,"master_deck":["Strike_RM+1","Strike_RM+1","Strike_RM+1","Strike_RM+1","Defend_RM","Defend_RM","Defend_RM","Defend_RM","RedMoon","ScarletShoot","NightDance","EternalNight+1","DiffusionOfMisfortune","EndlessAdversity","BlasphemousPunishment","DemonKingCradle","EternalNight","UltimateOffering","VampireKiss","BloodySeventeenLaser","BombardNight+1","BombardNight+1","BombardNight+1","EternalNight+1","RedRainbow"],"relics":["ScarletHat","Replay:PocketPolymizer","Mirror","reliquary:TridentHead","Snack Pack","SsserpentHead","Replay:Grab Bag","Philosopher\u0027s Stone","reliquary:RedPaperclip","hubris:Backtick","reliquary:TatteredRug","reliquary:HotPoker","Lee\u0027s Waffle","Eternal Feather","Replay:Bottled Eggs"],"acts_visited":["Exordium","TheCity"],"potions_floor_usage":[],"damage_taken":[{"damage":1,"enemies":"Jaw Worm","floor":1,"turns":4},{"damage":0,"enemies":"Cultist","floor":2,"turns":5},{"damage":5,"enemies":"Small Slimes","floor":4,"turns":4},{"damage":0,"enemies":"Looter","floor":5,"turns":2},{"damage":8,"enemies":"3 Sentries","floor":6,"turns":3},{"damage":16,"enemies":"Gremlin Nob","floor":10,"turns":2},{"damage":0,"enemies":"Lots of Slimes","floor":11,"turns":1},{"damage":0,"enemies":"Gremlin Gang","floor":14,"turns":1},{"damage":28,"enemies":"Slime Boss","floor":16,"turns":6},{"damage":2,"enemies":"Spheric Guardian","floor":18,"turns":3},{"damage":21,"enemies":"2 Thieves","floor":19,"turns":3},{"damage":47,"enemies":"Replay:Snechameleon","floor":23,"turns":3},{"damage":16,"enemies":"Cultist and Chosen","floor":24,"turns":2},{"damage":16,"enemies":"Centurion and Healer","floor":25,"turns":2},{"damage":40,"enemies":"Snake Plant","floor":27,"turns":2}],"seed_played":"686506433802549282","potions_obtained":[{"floor":1,"key":"Strength Potion"},{"floor":5,"key":"SkillPotion"},{"floor":10,"key":"Dexterity Potion"},{"floor":11,"key":"Reflective Coating"},{"floor":23,"key":"Energy Potion"}],"is_trial":false,"path_per_floor":["M","M","?","M","M","E","R","?","T","E","M","T","$","M","R","B",null,"M","M","?","?","$","E","M","M","T","M"],"character_chosen":"REMILIA","items_purchased":["Gremlin Horn","UltimateOffering","reliquary:HotPoker","Lee\u0027s Waffle"],"campfire_rested":0,"item_purchase_floors":[13,13,22,22],"current_hp_per_floor":[81,82,74,71,72,68,68,65,65,54,56,56,56,58,58,43,82,80,61,16,16,89,49,44,35,35,0,0],"gold":146,"neow_bonus":"TEN_PERCENT_HP_BONUS","is_daily":false,"chose_seed":false,"campfire_upgraded":1,"win_rate":0.0,"timestamp":1612920260,"path_taken":["M","M","?","?","M","E","R","?","T","E","M","?","$","M","R","BOSS","M","M","?","?","$","E","M","?","T","M"],"items_purchased_type":["Relic","Card","Relic","Relic"],"build_version":"2020-12-22","purchased_purges":0,"victory":false,"max_hp_per_floor":[82,82,82,82,82,82,82,82,82,82,82,82,82,82,82,82,82,82,82,82,82,89,89,89,89,89,89,89],"card_choices":[{"not_picked":["ScarletDevilSign","ScarletDream"],"picked":"NightDance","floor":1},{"not_picked":["ScarletDevil","VampireKiss"],"picked":"EternalNight","floor":2},{"not_picked":["UnderTheZenith","ScarletNetherworld"],"picked":"DiffusionOfMisfortune","floor":4},{"not_picked":["DiffusionOfMisfortune","FavorOfDestiny"],"picked":"EndlessAdversity","floor":5},{"not_picked":["VampireClaw","FitfulNightmare"],"picked":"BlasphemousPunishment","floor":6},{"not_picked":["ScarletDream","ScarletSymphony"],"picked":"DemonKingCradle","floor":10},{"not_picked":["ScarletImprint","VampireKiss"],"picked":"EternalNight","floor":11},{"not_picked":["VampireSweep","FavorOfDestiny"],"picked":"VampireKiss","floor":14},{"not_picked":["HellCatastrophe","ForecastOfChange"],"picked":"BloodySeventeenLaser","floor":16},{"not_picked":["ScarletImprint","Stigmanizer"],"picked":"BombardNight+1","floor":18},{"not_picked":["EndlessAdversity","Stigmanizer+1"],"picked":"BombardNight+1","floor":19},{"not_picked":["ScarletGensokyo","ScarletDream"],"picked":"BombardNight+1","floor":23},{"not_picked":["FavorOfDestiny+1","ScarletNetherworld"],"picked":"EternalNight+1","floor":24},{"not_picked":["BloodyCatastrophe","NightLord"],"picked":"RedRainbow","floor":25}],"player_experience":326771,"relics_obtained":[{"floor":6,"key":"Replay:PocketPolymizer"},{"floor":9,"key":"Mirror"},{"floor":10,"key":"reliquary:TridentHead"},{"floor":12,"key":"Snack Pack"},{"floor":23,"key":"Eternal Feather"},{"floor":26,"key":"Replay:Bottled Eggs"}],"event_choices":[{"damage_healed":0,"gold_gain":0,"player_choice":"Damaged","damage_taken":8,"max_hp_gain":0,"max_hp_loss":0,"event_name":"Wheel of Change","floor":3,"gold_loss":0},{"damage_healed":0,"gold_gain":0,"player_choice":"Success","damage_taken":3,"relics_obtained":["Blood Vial"],"max_hp_gain":0,"max_hp_loss":0,"event_name":"Scrap Ooze","floor":8,"gold_loss":0},{"damage_healed":0,"gold_gain":0,"player_choice":"Trade","damage_taken":0,"relics_obtained":["SsserpentHead"],"max_hp_gain":0,"max_hp_loss":0,"event_name":"FaceTrader","floor":15,"gold_loss":0},{"damage_healed":0,"gold_gain":0,"player_choice":"Ignored","damage_taken":0,"max_hp_gain":0,"max_hp_loss":0,"event_name":"NoteForYourself","floor":21,"gold_loss":0}],"is_beta":false,"boss_relics":[{"not_picked":["SlaversCollar","Snecko Eye"],"picked":"Replay:Grab Bag"},{"not_picked":["hubris:RunicObelisk","APieceOfRedMist"],"picked":"Philosopher\u0027s Stone"},{"not_picked":["Ectoplasm","hubris:CrackedHourglass"],"picked":"reliquary:RedPaperclip"},{"not_picked":["Pandora\u0027s Box","hubris:HollowSoul"],"picked":"hubris:Backtick"}],"items_purged_floors":[],"is_endless":false,"potions_floor_spawned":[1,5,10,11,16,18,23],"killed_by":"Snake Plant","ascension_level":0}}