{"host":"xltl1aroowo69o4n","time":1612916608,"event":{"mods":["BaseMod","Colored Map","Colored Powertips","Downfall","Marisa????????","Minty Spire (QoL Compilation)","Replay The Spire","StSLib","The Cursed","The Hierophant","The Mystic","The Necromancer","The Servant 0.9.4"],"gold_per_floor":[109,151,151,2,2,31,46,84,84,84,84,84,32,102,102,62,62],"floor_reached":16,"language":"ENG","playtime":648,"items_purged":["ReplayTheSpireMod:Splinters"],"score":123,"play_id":"6686d51d-3da6-41fd-b37a-7d191dc09d16","local_time":"20210209192328","is_ascension_mode":false,"campfire_choices":[{"floor":12,"key":"REST"},{"data":"hierophant:Glossolalia","floor":15,"key":"SMITH"}],"circlet_count":0,"master_deck":["hierophant:Strike_Hierophant+1","hierophant:Strike_Hierophant","hierophant:Strike_Hierophant","hierophant:Strike_Hierophant","hierophant:Punish","hierophant:Defend_Hierophant","hierophant:Defend_Hierophant","hierophant:Defend_Hierophant","hierophant:Defend_Hierophant","hierophant:ChurchCoffers","hierophant:SecretStash","hierophant:Glossolalia+1","hierophant:Sermon+1","hierophant:Kindle+1","hierophant:ThreeLashes","hierophant:Purify","hierophant:RustyCrate+1","hierophant:Doubloon+1","hierophant:Doubloon+1","hierophant:TollTheBells+1"],"relics":["hierophant:PropheticMaskRelic","Toxic Egg 2","Pen Nib","Ornamental Fan","Centennial Puzzle","Mango"],"acts_visited":["Exordium"],"potions_floor_usage":[6,6,16,16],"damage_taken":[{"damage":12,"enemies":"Cultist","floor":1,"turns":5},{"damage":44,"enemies":"3 Sentries","floor":6,"turns":10},{"damage":6,"enemies":"Jaw Worm","floor":7,"turns":5},{"damage":0,"enemies":"Small Slimes","floor":8,"turns":3},{"damage":16,"enemies":"2 Fungi Beasts","floor":14,"turns":3},{"damage":34,"enemies":"Hexaghost","floor":16,"turns":8}],"seed_played":"-5173382287446305033","potions_obtained":[{"floor":1,"key":"Languid Potion"},{"floor":7,"key":"GamblersBrew"},{"floor":8,"key":"Elixir"}],"is_trial":false,"path_per_floor":["M","?","?","$","?","E","M","M","T","?","T","R","$","M","R_BF","B"],"character_chosen":"HIEROPHANT","items_purchased":["EssenceOfSteel","hierophant:RustyCrate+1"],"campfire_rested":1,"item_purchase_floors":[4,13],"current_hp_per_floor":[70,70,70,70,58,14,8,8,8,8,22,50,50,34,34,0,0],"gold":62,"neow_bonus":"TEN_PERCENT_HP_BONUS","is_daily":false,"chose_seed":false,"campfire_upgraded":1,"win_rate":0.0,"timestamp":1612916608,"path_taken":["M","?","?","$","?","E","M","M","T","?","?","R","?","M","R_BF","BOSS"],"items_purchased_type":["Potion","Card"],"build_version":"2020-12-13","purchased_purges":1,"victory":false,"max_hp_per_floor":[82,82,82,82,82,82,82,82,82,82,96,96,96,96,96,96,96],"card_choices":[{"not_picked":["hierophant:Shelter","hierophant:HammerAndAnvil"],"picked":"hierophant:SecretStash","floor":1},{"not_picked":["hierophant:HammerAndAnvil+1","hierophant:Remorse"],"picked":"hierophant:Glossolalia","floor":2},{"not_picked":["hierophant:Smite","hierophant:AuricBeam"],"picked":"hierophant:Sermon+1","floor":2},{"not_picked":["hierophant:FlamingChariot","hierophant:Repentance+1"],"picked":"hierophant:Kindle+1","floor":6},{"not_picked":["hierophant:Encroach+1","hierophant:FlamingChariot"],"picked":"hierophant:ThreeLashes","floor":7},{"not_picked":["hierophant:SealAway","hierophant:Sermon+1"],"picked":"hierophant:Purify","floor":8},{"not_picked":["hierophant:FlamingChariot","hierophant:DisplayOfPower"],"picked":"hierophant:TollTheBells+1","floor":14}],"player_experience":171341,"relics_obtained":[{"floor":2,"key":"Toxic Egg 2"},{"floor":6,"key":"Ornamental Fan"},{"floor":9,"key":"Centennial Puzzle"},{"floor":11,"key":"Mango"}],"event_choices":[{"damage_healed":0,"gold_gain":0,"player_choice":"Success","damage_taken":12,"relics_obtained":["Pen Nib"],"max_hp_gain":0,"max_hp_loss":0,"event_name":"Scrap Ooze","floor":5,"gold_loss":0},{"damage_healed":0,"gold_gain":0,"player_choice":"Searched \u00270\u0027 times","damage_taken":0,"max_hp_gain":0,"max_hp_loss":0,"event_name":"Dead Adventurer","floor":10,"gold_loss":0}],"is_beta":false,"boss_relics":[],"items_purged_floors":[4],"is_endless":false,"potions_floor_spawned":[1,7,8],"killed_by":"Hexaghost","ascension_level":0}}