{"host":"b7dyfc527bmrkvbm","time":1612998172,"event":{"mods":["2.2 Compatiblity","Act Like it!","BaseMod","BetterRewards","Conspire","Downfall","Hubris","Infinite Spire","Mimic Mod","Minty Spire (QoL Compilation)","Replay The Spire","Shop Mod","StSLib","The Jungle"],"gold_per_floor":[99,114,564,52,67,67,67,97,112,127,277,277,292,297,312,412,412,412,427,442,457,457,457,507,522,522,537,552,582,597,622,637,737,837,837,852,867,867,882,682,707,722,737,737,737,737,737],"floor_reached":45,"language":"ENG","playtime":8484,"items_purged":["Turbo"],"score":593,"play_id":"d4322a44-6b74-4fc9-942c-24f3e67ddcbd","local_time":"20210210180252","daily_mods":["Draft","Blue Cards","downfall:Hexed"],"is_ascension_mode":false,"campfire_choices":[{"data":"Chill","floor":1,"key":"SMITH"},{"data":"bronze:DigitalCarnage","floor":12,"key":"SMITH"},{"floor":18,"key":"DIG"},{"floor":35,"key":"RECALL"},{"floor":40,"key":"REST"},{"data":"bronze:AlphaBuild","floor":44,"key":"SMITH"}],"circlet_count":0,"master_deck":["bronze:WhirlingStrike","bronze:DigitalCarnage+1","Chill+1","Stack","bronze:Frontload+1","bronze:CutThrough","bronze:ForceShield","bronze:FollowUp","bronze:Turbo","bronze:GetLatest","Time Bomb","bronze:BuggyMess","bronze:Boost+1","downfall:Icky","downfall:Icky","downfall:Icky","bronze:TinkerersToolbox","hubris:PowerSurge","ReplayTheSpireMod:System Scan+1","bronze:BugBarrage","Genetic Algorithm","bronze:FunctionCard","bronze:InfiniteLoop","AbeCurse","bronze:ForLoop","Pride","hubris:Compulsion","bronze:AlphaBuild+1","Tempest","expansioncontent:AwakenDeath","bronze:Library","Steam Power+1","ReplaySolidLightProjector"],"relics":["bronze:BronzeCore","Velvet Choker","Du-Vu Doll","ReplayTheSpireMod:TigerMarble","Odd Mushroom","Abe\u0027s Treasure","Dream Catcher","infinitespire:Bottled Soul","Oddly Smooth Stone","infinitespire:BottledMercury","Replay:Wanted Poster","Prayer Wheel","downfall:HeartBlessingRed","downfall:HeartBlessingBlue","Replay:Baseball"],"acts_visited":["Exordium","TheCity","TheBeyond"],"potions_floor_usage":[16,29,37,45],"damage_taken":[{"damage":0,"enemies":"Jaw Worm","floor":2,"turns":1},{"damage":2,"enemies":"downfall:FleeingMerchant","floor":4,"turns":4},{"damage":0,"enemies":"Small Slimes","floor":5,"turns":2},{"damage":0,"enemies":"Gremlin Nob","floor":8,"turns":2},{"damage":0,"enemies":"Cultist","floor":9,"turns":2},{"damage":0,"enemies":"2 Fungi Beasts","floor":10,"turns":2},{"damage":0,"enemies":"Large Slime","floor":13,"turns":2},{"damage":0,"enemies":"The Mushroom Lair","floor":14,"turns":2},{"damage":3,"enemies":"3 Louse","floor":15,"turns":3},{"damage":25,"enemies":"DF_ARCHETYPE_STREAMLINE","floor":16,"turns":7},{"damage":0,"enemies":"3 Byrds","floor":19,"turns":3},{"damage":0,"enemies":"Shelled Parasite and Fungi","floor":20,"turns":3},{"damage":0,"enemies":"Centurion and Healer","floor":21,"turns":2},{"damage":0,"enemies":"3 Cultists","floor":25,"turns":2},{"damage":0,"enemies":"Snecko","floor":27,"turns":3},{"damage":3,"enemies":"Sentry and Sphere","floor":28,"turns":4},{"damage":8,"enemies":"Gremlin Leader","floor":29,"turns":5},{"damage":0,"enemies":"Cultist and Chosen","floor":30,"turns":3},{"damage":8,"enemies":"3 Cultists","floor":32,"turns":4},{"damage":13,"enemies":"WA_ARCHETYPE_CALM","floor":33,"turns":8},{"damage":0,"enemies":"Orb Walker","floor":36,"turns":2},{"damage":28,"enemies":"3 Darklings","floor":37,"turns":4},{"damage":32,"enemies":"Spire Growth","floor":39,"turns":3},{"damage":8,"enemies":"Writhing Mass","floor":42,"turns":2},{"damage":0,"enemies":"Transient","floor":43,"turns":5},{"damage":78,"enemies":"Reptomancer","floor":45,"turns":2}],"seed_played":"-5810517303651203205","potions_obtained":[{"floor":2,"key":"sneckomod:MuddlingPotion"},{"floor":8,"key":"Fire Potion"},{"floor":10,"key":"EssenceOfSteel"},{"floor":20,"key":"Weak Potion"},{"floor":29,"key":"Explosive Potion"},{"floor":32,"key":"Elixir"},{"floor":37,"key":"Strength Potion"}],"is_trial":false,"path_per_floor":["R","M","?","$","M","?","T","E","M","M","?","R","M","?","M","B",null,"R","M","M","M","?","?","T","M","?","M","M","E","M","T","M","B",null,"R","M","M","?","M","R","T","M","M","R","E"],"character_chosen":"THE_AUTOMATON","items_purchased":["bronze:Separator","Du-Vu Doll","hubris:PowerSurge"],"campfire_rested":1,"item_purchase_floors":[4,4,4],"current_hp_per_floor":[70,70,70,68,68,68,68,68,68,68,68,68,68,68,65,40,70,70,70,70,70,70,62,62,62,62,62,59,51,51,51,43,30,70,70,70,43,43,11,45,45,41,41,41,0,0,0],"gold":737,"neow_bonus":"","is_daily":true,"chose_seed":false,"campfire_upgraded":3,"win_rate":0.0,"timestamp":1612998172,"path_taken":["R","M","?","$","M","?","T","E","M","M","?","R","?","?","M","BOSS","R","M","M","M","?","?","T","?","?","?","?","E","M","?","M","BOSS","R","M","M","?","M","R","T","M","M","R","E"],"items_purchased_type":["Card","Relic","Card"],"build_version":"2020-12-22","purchased_purges":1,"victory":false,"max_hp_per_floor":[70,70,70,70,70,70,70,70,70,70,70,70,70,70,70,70,70,70,70,70,70,70,70,70,70,70,70,70,70,70,70,70,70,70,70,70,71,71,71,81,81,81,81,81,81,81,81],"card_choices":[{"not_picked":["bronze:MaxOutput","Gash"],"picked":"bronze:WhirlingStrike","floor":0},{"not_picked":["bronze:ForLoop","Rebound"],"picked":"bronze:DigitalCarnage","floor":0},{"not_picked":["bronze:Overheat","Turbo"],"picked":"Chill","floor":0},{"not_picked":["Panic Button","Go for the Eyes"],"picked":"Stack","floor":0},{"not_picked":["Skim","bronze:BuggyMess"],"picked":"bronze:DigitalCarnage","floor":0},{"not_picked":["Beam Cell","bronze:BitShift"],"picked":"bronze:Frontload","floor":0},{"not_picked":["bronze:BitShift","Conserve Battery"],"picked":"bronze:CutThrough","floor":0},{"not_picked":["Rebound","ReplayTheSpireMod:Repulse"],"picked":"bronze:ForceShield","floor":0},{"not_picked":["conspire:Rain","Cold Snap"],"picked":"Turbo","floor":0},{"not_picked":["bronze:CutThrough","Stack"],"picked":"bronze:FollowUp","floor":0},{"not_picked":["Panic Button","Rebound"],"picked":"bronze:Turbo","floor":0},{"not_picked":["bronze:Return","ReplayTheSpireMod:Dual Polarity"],"picked":"bronze:GetLatest","floor":0},{"not_picked":["bronze:Frontload","Fusion"],"picked":"Time Bomb","floor":0},{"not_picked":["bronze:Invalidate","Beam Cell"],"picked":"bronze:BuggyMess","floor":0},{"not_picked":["bronze:DelayedGuard","bronze:CutThrough"],"picked":"bronze:Boost","floor":0},{"not_picked":["bronze:BitShift","Redo","Double Energy"],"picked":"SKIP","floor":2},{"not_picked":["ReplayTheSpireMod:Reroute Power","bronze:Philosophize"],"picked":"bronze:TinkerersToolbox","floor":4},{"not_picked":["bronze:BuggyMess","ReplayTheSpireMod:Repulse"],"picked":"ReplayTheSpireMod:System Scan","floor":5},{"not_picked":["Go for the Eyes","ReplayGash"],"picked":"bronze:Iterate","floor":8},{"not_picked":["bronze:Turbo","Steam","Cold Snap"],"picked":"SKIP","floor":9},{"not_picked":["Cold Snap","Self Repair"],"picked":"bronze:Hardcode","floor":10},{"not_picked":["bronze:DarkDash","Coolheaded"],"picked":"Genetic Algorithm","floor":13},{"not_picked":["bronze:BronzeArmor","Redo","bronze:Constructor"],"picked":"SKIP","floor":15},{"not_picked":["bronze:Break","All For One"],"picked":"bronze:InfiniteLoop","floor":16},{"not_picked":["Darkness","Undo","Panic Button"],"picked":"SKIP","floor":19},{"not_picked":["bronze:Iterate","Recycle+1"],"picked":"bronze:ForLoop","floor":20},{"not_picked":["bronze:FollowUp+1","Ball Lightning","Hologram+1"],"picked":"SKIP","floor":21},{"not_picked":["Chill+1","bronze:BitShift","bronze:BuggyMess"],"picked":"SKIP","floor":25},{"not_picked":["bronze:DelayedSlice","Scrape","Compile Driver+1"],"picked":"SKIP","floor":27},{"not_picked":["bronze:Philosophize","Redo","bronze:Shield"],"picked":"SKIP","floor":28},{"not_picked":["Auto Shields","ReplayGash"],"picked":"bronze:AlphaBuild","floor":29},{"not_picked":["bronze:BronzeArmor","bronze:Safeguard+1","ReplayTheSpireMod:System Scan"],"picked":"SKIP","floor":30},{"not_picked":["bronze:Philosophize","Steam","bronze:Constructor"],"picked":"SKIP","floor":32},{"not_picked":["Thunder Strike","Amplify"],"picked":"ReplayTheSpireMod:Fabricate Wheel","floor":33},{"not_picked":["bronze:Turbo+1","bronze:Iterate","bronze:Philosophize"],"picked":"SKIP","floor":36},{"not_picked":["Genetic Algorithm","Double Energy+1"],"picked":"Tempest","floor":37},{"not_picked":["bronze:Branch","Gash","Meteor Strike"],"picked":"SKIP","floor":37},{"not_picked":["expansioncontent:YouAreMine","expansioncontent:LastStand"],"picked":"expansioncontent:AwakenDeath","floor":38},{"not_picked":["Crystallizer+1","Chaos"],"picked":"bronze:Library","floor":39},{"not_picked":["Steam+1","Compile Driver","Cold Snap"],"picked":"SKIP","floor":39},{"not_picked":["bronze:BugBarrage","Steam"],"picked":"Steam Power+1","floor":40},{"not_picked":["Ball Lightning+1","Gash+1","bronze:FineTuning"],"picked":"SKIP","floor":42},{"not_picked":["bronze:DelayedSlice+1","bronze:Shield+1","bronze:Backtrace+1"],"picked":"SKIP","floor":42},{"not_picked":["Static Discharge","Melter"],"picked":"ReplaySolidLightProjector","floor":43},{"not_picked":["Lockon","Panic Button+1","Compile Driver+1"],"picked":"SKIP","floor":43}],"player_experience":440672,"relics_obtained":[{"floor":7,"key":"ReplayTheSpireMod:TigerMarble"},{"floor":8,"key":"Smiling Mask"},{"floor":14,"key":"Odd Mushroom"},{"floor":18,"key":"Dream Catcher"},{"floor":24,"key":"Oddly Smooth Stone"},{"floor":29,"key":"infinitespire:BottledMercury"},{"floor":41,"key":"Replay:Baseball"}],"event_choices":[{"damage_healed":0,"gold_gain":0,"player_choice":"Fought Mushrooms","damage_taken":0,"max_hp_gain":0,"max_hp_loss":0,"event_name":"Mushrooms","floor":14,"gold_loss":0},{"damage_healed":0,"gold_gain":0,"player_choice":"Stole Relic","damage_taken":0,"relics_obtained":["infinitespire:Bottled Soul"],"max_hp_gain":0,"max_hp_loss":0,"event_name":"Addict","floor":22,"gold_loss":0,"cards_obtained":["Pride"]}],"is_beta":false,"boss_relics":[{"not_picked":["Snecko Eye","SacredBark"],"picked":"Abe\u0027s Treasure"},{"not_picked":["hubris:Stopwatch","Runic Pyramid"],"picked":"Replay:Wanted Poster"}],"items_purged_floors":[4],"is_endless":false,"potions_floor_spawned":[2,8,10,20,21,29,32,33,36,37],"killed_by":"Reptomancer","ascension_level":0}}