{"host":"at5b10nm0iti0w4x","time":1612917331,"event":{"mods":["2.2 Compatiblity","AchievementEnabler","BaseMod","Bestiary","Block Reminder","Colored Map","Colored Powertips","Highlight Path","Keyboard Shortcuts","Minty Spire (QoL Compilation)","Relic Stats","Slay the Relics Exporter","StSLib","SuperFastMode","Unknown Chances"],"gold_per_floor":[109,123,142,161,161,161,171,171,171,10,21,21,41,41,41,143,143,161,146,165,165,184,184,184,184,184,184,184],"floor_reached":27,"language":"ENG","playtime":843,"items_purged":[],"score":207,"play_id":"cdd4db94-dc6b-469c-9849-f422edd7c72e","local_time":"20210209193531","is_ascension_mode":false,"campfire_choices":[{"data":"Entrench","floor":6,"key":"SMITH"},{"data":"True Grit","floor":12,"key":"SMITH"},{"data":"Perfected Strike","floor":15,"key":"SMITH"},{"floor":23,"key":"REST"},{"data":"Intimidate","floor":25,"key":"SMITH"}],"circlet_count":0,"master_deck":["Strike_R","Strike_R","Strike_R","Strike_R","Strike_R","Defend_R","Defend_R","Defend_R","Defend_R","Bash","Entrench+1","Feel No Pain","Perfected Strike+1","Metallicize","True Grit+1","Intimidate+1","True Grit+1","Feel No Pain","Clothesline","Entrench+1","Pummel+1","Seeing Red+1","Sword Boomerang+1","Burning Pact"],"relics":["Velvet Choker"],"acts_visited":["Exordium","TheCity"],"potions_floor_usage":[16,16],"damage_taken":[{"damage":0,"enemies":"Cultist","floor":1,"turns":3},{"damage":7,"enemies":"2 Louse","floor":2,"turns":4},{"damage":3,"enemies":"Jaw Worm","floor":3,"turns":4},{"damage":6,"enemies":"Large Slime","floor":4,"turns":3},{"damage":12,"enemies":"Blue Slaver","floor":7,"turns":3},{"damage":12,"enemies":"Gremlin Gang","floor":11,"turns":7},{"damage":8,"enemies":"3 Louse","floor":13,"turns":3},{"damage":24,"enemies":"Slime Boss","floor":16,"turns":18},{"damage":11,"enemies":"Shell Parasite","floor":18,"turns":6},{"damage":13,"enemies":"2 Thieves","floor":19,"turns":4},{"damage":20,"enemies":"Snake Plant","floor":20,"turns":5},{"damage":26,"enemies":"Shelled Parasite and Fungi","floor":22,"turns":6},{"damage":38,"enemies":"Gremlin Leader","floor":27,"turns":6}],"seed_played":"-3913062300452733846","potions_obtained":[{"floor":1,"key":"Swift Potion"},{"floor":2,"key":"ElixirPotion"},{"floor":4,"key":"SkillPotion"},{"floor":18,"key":"Strength Potion"},{"floor":20,"key":"Block Potion"}],"is_trial":false,"path_per_floor":["M","M","M","M","?","R","M","?","T","$","M","R","M","?","R","B",null,"M","M","M","?","M","R","?","R","T","E"],"character_chosen":"IRONCLAD","items_purchased":["Intimidate","True Grit","Feel No Pain"],"campfire_rested":1,"item_purchase_floors":[10,10,10],"current_hp_per_floor":[80,73,70,64,64,64,52,52,52,52,40,40,32,32,32,8,80,69,56,36,36,10,34,34,34,34,0,0],"gold":184,"neow_bonus":"BOSS_RELIC","is_daily":false,"chose_seed":false,"campfire_upgraded":4,"win_rate":0.0,"timestamp":1612917331,"path_taken":["M","?","M","M","?","R","M","?","T","$","M","R","M","?","R","BOSS","M","M","M","?","?","R","?","R","T","E"],"items_purchased_type":["Card","Card","Card"],"build_version":"2020-12-22","purchased_purges":0,"victory":false,"max_hp_per_floor":[80,80,80,80,80,80,80,80,80,80,80,80,80,80,80,80,80,80,80,80,80,80,80,80,80,80,80,80],"relic_stats":{"counters":[13,72],"obtain_stats":[{"Velvet Choker":0,"Burning Blood":0},{"Velvet Choker":0,"Burning Blood":0},{"Velvet Choker":0,"Burning Blood":0}]},"card_choices":[{"not_picked":["True Grit","Flex"],"picked":"Entrench","floor":1},{"not_picked":["Sentinel","Wild Strike"],"picked":"Feel No Pain","floor":2},{"not_picked":["Havoc","Heavy Blade"],"picked":"Perfected Strike","floor":3},{"not_picked":["Feel No Pain","Armaments"],"picked":"Metallicize","floor":4},{"not_picked":["Flame Barrier","Searing Blow"],"picked":"True Grit","floor":7},{"not_picked":["Iron Wave","Clash"],"picked":"Clothesline","floor":11},{"not_picked":["Rage","Brutality"],"picked":"Entrench","floor":13},{"not_picked":["Exhume","Corruption"],"picked":"Immolate","floor":16},{"not_picked":["Searing Blow","Wild Strike"],"picked":"Pummel+1","floor":18},{"not_picked":["Clothesline","Rupture"],"picked":"Seeing Red+1","floor":19},{"not_picked":["Rage","Heavy Blade"],"picked":"Sword Boomerang+1","floor":20},{"not_picked":["Entrench","Ghostly Armor","Dual Wield"],"picked":"SKIP","floor":22}],"player_experience":87674,"relics_obtained":[],"event_choices":[{"damage_healed":0,"gold_gain":0,"player_choice":"Fled","damage_taken":0,"max_hp_gain":0,"max_hp_loss":0,"event_name":"Scrap Ooze","floor":5,"gold_loss":0},{"damage_healed":0,"gold_gain":0,"player_choice":"Grow","damage_taken":0,"max_hp_gain":0,"max_hp_loss":0,"event_name":"Living Wall","floor":8,"gold_loss":0,"cards_upgraded":["True Grit"]},{"damage_healed":0,"gold_gain":0,"player_choice":"Searched \u00270\u0027 times","damage_taken":0,"max_hp_gain":0,"max_hp_loss":0,"event_name":"Dead Adventurer","floor":14,"gold_loss":0},{"damage_healed":0,"gold_gain":0,"player_choice":"Forge","damage_taken":0,"max_hp_gain":0,"max_hp_loss":0,"event_name":"Accursed Blacksmith","floor":21,"gold_loss":0,"cards_upgraded":["Entrench"]},{"damage_healed":0,"gold_gain":0,"cards_transformed":["Immolate"],"player_choice":"Transformed","damage_taken":0,"max_hp_gain":0,"max_hp_loss":0,"event_name":"Transmorgrifier","floor":24,"gold_loss":0,"cards_obtained":["Burning Pact"]}],"is_beta":false,"boss_relics":[{"not_picked":["Coffee Dripper","Empty Cage","Pandora\u0027s Box"]}],"items_purged_floors":[],"is_endless":false,"potions_floor_spawned":[1,2,4,18,20,22],"killed_by":"Gremlin Leader","ascension_level":0}}