{"host":"e8rlfedn69rz2s07","time":1612993873,"event":{"mods":["AchievementEnabler","BaseMod","Minty Spire (QoL Compilation)","Permanent Neow","Relic Stats"],"gold_per_floor":[109,128,140,140,140,140,155,199,225,238,238,258,281,33,33,33,33],"floor_reached":16,"language":"ENG","playtime":460,"items_purged":["Strike_B"],"score":208,"play_id":"338b6602-9444-4aab-8fbb-75d3decc3657","local_time":"20210210235113","is_ascension_mode":true,"campfire_choices":[{"floor":6,"key":"REST"},{"floor":11,"key":"REST"},{"floor":15,"key":"REST"}],"circlet_count":0,"master_deck":["AscendersBane","Strike_B","Strike_B","Strike_B","Defend_B","Defend_B","Defend_B","Defend_B","Zap","Dualcast","Biased Cognition","Streamline","Ball Lightning","Ball Lightning","Sweeping Beam","Rebound","Self Repair","Rainbow","Buffer"],"relics":["Cracked Core","Golden Idol","Happy Flower","Bronze Scales"],"acts_visited":["Exordium"],"potions_floor_usage":[8,16],"damage_taken":[{"damage":11,"enemies":"2 Louse","floor":1,"turns":3},{"damage":21,"enemies":"Jaw Worm","floor":2,"turns":4},{"damage":3,"enemies":"Cultist","floor":3,"turns":3},{"damage":9,"enemies":"3 Louse","floor":7,"turns":4},{"damage":9,"enemies":"3 Sentries","floor":8,"turns":4},{"damage":22,"enemies":"Large Slime","floor":10,"turns":4},{"damage":6,"enemies":"Looter","floor":12,"turns":2},{"damage":17,"enemies":"Exordium Thugs","floor":13,"turns":3},{"damage":34,"enemies":"The Guardian","floor":16,"turns":5}],"seed_played":"8556563590466367420","potions_obtained":[{"floor":7,"key":"AttackPotion"},{"floor":8,"key":"FearPotion"},{"floor":10,"key":"PowerPotion"}],"is_trial":false,"path_per_floor":["M","M","M","?","?","R","M","E","T","M","R","M","M","$","R","B"],"character_chosen":"DEFECT","items_purchased":["Buffer"],"campfire_rested":3,"item_purchase_floors":[14],"current_hp_per_floor":[53,32,29,29,29,48,39,30,30,8,27,21,11,11,30,0,0],"gold":33,"neow_bonus":"THREE_RARE_CARDS","is_daily":false,"chose_seed":false,"campfire_upgraded":0,"win_rate":0.0,"timestamp":1612993873,"path_taken":["M","M","M","?","?","R","M","E","T","M","R","M","M","$","R","BOSS"],"items_purchased_type":["Card"],"build_version":"2020-12-22","purchased_purges":1,"victory":false,"max_hp_per_floor":[71,71,71,64,64,64,64,64,64,64,64,64,64,64,64,64,64],"relic_stats":{"Happy Flower":[4],"counters":[9,32],"Golden Idol":24,"Bronze Scales":[30],"obtain_stats":[{"Happy Flower":8,"Golden Idol":4,"Bronze Scales":9,"Cracked Core":0},{"Happy Flower":5,"Golden Idol":3,"Bronze Scales":5,"Cracked Core":0},{"Happy Flower":18,"Golden Idol":10,"Bronze Scales":18,"Cracked Core":0}]},"card_choices":[{"not_picked":["Reboot","Rainbow"],"picked":"Biased Cognition","floor":0},{"not_picked":["Go for the Eyes","Gash"],"picked":"Streamline","floor":1},{"not_picked":["Conserve Battery","Sweeping Beam"],"picked":"Ball Lightning","floor":2},{"not_picked":["Go for the Eyes","Sweeping Beam"],"picked":"Ball Lightning","floor":3},{"not_picked":["Turbo","Beam Cell"],"picked":"Sweeping Beam","floor":7},{"not_picked":["Go for the Eyes","Gash"],"picked":"Rebound","floor":8},{"not_picked":["Storm","Barrage"],"picked":"Self Repair","floor":10},{"not_picked":["Conserve Battery","Streamline"],"picked":"Rainbow","floor":12},{"not_picked":["Streamline","Ball Lightning","Rebound"],"picked":"SKIP","floor":13}],"player_experience":1072207,"relics_obtained":[{"floor":8,"key":"Happy Flower"},{"floor":9,"key":"Bronze Scales"}],"event_choices":[{"damage_healed":0,"gold_gain":0,"player_choice":"Lose Max HP","damage_taken":0,"relics_obtained":["Golden Idol"],"max_hp_gain":0,"max_hp_loss":7,"event_name":"Golden Idol","floor":4,"gold_loss":0},{"cards_removed":["Regret"],"damage_healed":0,"gold_gain":0,"player_choice":"Purged","damage_taken":0,"max_hp_gain":0,"max_hp_loss":0,"event_name":"Purifier","floor":5,"gold_loss":0}],"is_beta":false,"boss_relics":[],"items_purged_floors":[14],"is_endless":false,"potions_floor_spawned":[7,8,10,13],"killed_by":"The Guardian","ascension_level":20}}