{"host":"92ge7uk92o4z80va","time":1612926012,"event":{"mods":["AchievementEnabler","Act Like it!","Aspiration","BaseMod","Beaked The Cultist","Better Third Choice","BetterRewards","Conspire","Curses Come First","Evolution","Hermit","Hubris","Infinite Spire","Koishi","Lobotomy","LobotomyExtend","Marisa????????","Minty Spire (QoL Compilation)","Quick Restart","Reliquary","Replay The Spire","Robot Space Explorer","Spire Arcade","StSLib","The Blue Laboratory","The Bug Knight","The Runesmith","The Saiyan"],"gold_per_floor":[118,118,118,118,131,163,181,213,213,213,226,226,238,267,267,372,372,372,372],"floor_reached":18,"language":"ENG","playtime":990,"items_purged":[],"score":170,"play_id":"a608ba5f-ea58-4ed9-a96b-f7aa7b5d2985","local_time":"20210209220012","is_ascension_mode":false,"campfire_choices":[{"floor":10,"key":"REST"},{"data":"beaked:BloodForTheGods","floor":12,"key":"SMITH"},{"data":"beaked:Ceremony","floor":15,"key":"SMITH"}],"circlet_count":0,"master_deck":["beaked:Poke","beaked:Strike_Y","beaked:Strike_Y","beaked:Strike_Y","beaked:Strike_Y","beaked:Strike_Y","beaked:Defend_Y","beaked:Defend_Y","beaked:Defend_Y","beaked:Defend_Y","beaked:Ceremony","beaked:Ceremony","beaked:Ceremony+1","beaked:WarriorEssence","beaked:Recite","beaked:Recite","beaked:DesperateSwing","ReplayTheSpireMod:RavenHex","beaked:DigDeep","beaked:Flinch","beaked:DigDeep+1","beaked:BloodForTheGods+1","beaked:MachineSpirit+1","beaked:Windmill","beaked:FakeOut","CurseOfTheBell"],"relics":["beaked:MendingPlumage","EVO:Axolotl","Replay:Baseball","Replay:Kaleidoscope","Durian","LetterFromLob","reliquary:Boomerang","reliquary:WeakTea","Anchor","infinitespire:FocusingShard","hubris:SlimyHat","Calling Bell","hubris:Zylophone","War Paint","reliquary:HotPoker"],"acts_visited":["Exordium","TheCity"],"potions_floor_usage":[16],"damage_taken":[{"damage":17,"enemies":"Cultist","floor":1,"turns":5},{"damage":19,"enemies":"2 Louse","floor":5,"turns":4},{"damage":36,"enemies":"Gremlin Nob","floor":6,"turns":7},{"damage":7,"enemies":"Small Slimes","floor":7,"turns":3},{"damage":30,"enemies":"conspire:MimicChest","floor":8,"turns":7},{"damage":3,"enemies":"Exordium Wildlife","floor":11,"turns":5},{"damage":31,"enemies":"Lots of Slimes","floor":13,"turns":5},{"damage":57,"enemies":"Lagavulin","floor":14,"turns":9},{"damage":83,"enemies":"Slime Boss","floor":16,"turns":12}],"seed_played":"-4947113248425404205","potions_obtained":[{"floor":6,"key":"Explosive Potion"},{"floor":8,"key":"LiquidBronze"}],"is_trial":false,"path_per_floor":["M","T","?","$","M","E","M","?","T","R","M","R","M","E","R","B",null,"M"],"character_chosen":"BEAKED_THE_CULTIST","items_purchased":["beaked:WarriorEssence","Replay:Baseball","beaked:Recite"],"campfire_rested":1,"item_purchase_floors":[0,0,0],"current_hp_per_floor":[30,30,40,40,30,13,18,12,12,30,60,60,54,33,33,55,60,0,0],"gold":372,"neow_bonus":"","is_daily":false,"chose_seed":false,"campfire_upgraded":2,"win_rate":0.0,"timestamp":1612926012,"path_taken":["M","?","?","$","M","E","M","?","T","R","M","R","?","E","R","BOSS","M"],"items_purchased_type":["Card","Relic","Card"],"build_version":"2020-12-22","purchased_purges":0,"victory":false,"max_hp_per_floor":[55,55,60,60,60,60,60,60,60,60,60,60,60,60,60,60,60,60,60],"card_choices":[{"not_picked":["beaked:Mantra","beaked:Redirect"],"picked":"beaked:DesperateSwing","floor":1},{"not_picked":["beaked:Tweet","beaked:RuinSticks"],"picked":"ReplayTheSpireMod:RavenHex","floor":5},{"not_picked":["beaked:Tweet","beaked:Overpower"],"picked":"beaked:DigDeep","floor":6},{"not_picked":["beaked:Windmill","beaked:Poke"],"picked":"beaked:Flinch","floor":7},{"not_picked":["beaked:Tradeoff","beaked:SacrificialDive"],"picked":"beaked:DigDeep","floor":8},{"not_picked":["ReplayTheSpireMod:RavenHex","beaked:WarriorEssence"],"picked":"beaked:BloodForTheGods","floor":11},{"not_picked":["beaked:Negation","beaked:CursingBlood"],"picked":"beaked:MachineSpirit","floor":13},{"not_picked":["beaked:Redirect","beaked:Insight"],"picked":"beaked:Windmill","floor":14},{"not_picked":["beaked:DarkPact","beaked:LiftOff"],"picked":"beaked:FakeOut","floor":16}],"player_experience":55657,"relics_obtained":[{"floor":1,"key":"LetterFromLob"},{"floor":2,"key":"reliquary:Boomerang"},{"floor":6,"key":"reliquary:WeakTea"},{"floor":8,"key":"Anchor"},{"floor":9,"key":"infinitespire:FocusingShard"},{"floor":14,"key":"hubris:SlimyHat"},{"floor":17,"key":"hubris:Zylophone"},{"floor":17,"key":"War Paint"},{"floor":17,"key":"reliquary:HotPoker"}],"event_choices":[],"is_beta":false,"boss_relics":[{"not_picked":["Kintsugi","reliquary:Craggleroot"],"picked":"Calling Bell"}],"items_purged_floors":[],"is_endless":false,"potions_floor_spawned":[1,6,8],"ascension_level":0}}