{"host":"zdahj580pq9zy75i","time":1612998215,"event":{"mods":["BaseMod","Colored Map","Minty Spire (QoL Compilation)","StSLib"],"gold_per_floor":[111,111,131,131,131,166,166,52,98,135,182,218,230,283,295,307,307],"floor_reached":16,"language":"ENG","playtime":563,"items_purged":["Strike_B"],"score":336,"play_id":"1fa53b3a-5b15-40a6-98c6-047d6a928e9c","local_time":"20210210180335","is_ascension_mode":true,"campfire_choices":[{"floor":7,"key":"REST"},{"data":"Doom and Gloom","floor":13,"key":"SMITH"},{"data":"Hologram","floor":15,"key":"SMITH"}],"circlet_count":0,"master_deck":["AscendersBane","Strike_B","Strike_B+1","Strike_B","Defend_B","Defend_B","Defend_B","Defend_B","Zap","Dualcast","Glacier","Sweeping Beam+1","Hologram+1","Capacitor","Doom and Gloom+1","Ball Lightning","Conserve Battery","Turbo"],"relics":["Cracked Core","NeowsBlessing","Golden Idol","HornCleat","Matryoshka","Omamori","MawBank","Whetstone","Ice Cream","Potion Belt"],"acts_visited":["Exordium"],"potions_floor_usage":[14],"damage_taken":[{"damage":0,"enemies":"Jaw Worm","floor":1,"turns":1},{"damage":0,"enemies":"Small Slimes","floor":3,"turns":2},{"damage":0,"enemies":"Gremlin Nob","floor":6,"turns":1},{"damage":0,"enemies":"Cultist","floor":10,"turns":3},{"damage":11,"enemies":"Lagavulin","floor":11,"turns":7},{"damage":0,"enemies":"Red Slaver","floor":12,"turns":3},{"damage":0,"enemies":"3 Sentries","floor":14,"turns":4},{"damage":39,"enemies":"The Guardian","floor":16,"turns":11}],"seed_played":"-5333347088215114852","potions_obtained":[{"floor":1,"key":"Strength Potion"},{"floor":6,"key":"LiquidBronze"},{"floor":11,"key":"LiquidMemories"}],"is_trial":false,"path_per_floor":["M","?","M","?","T","E","R","$","T","M","E","M","R","E","R","B"],"character_chosen":"DEFECT","items_purchased":["Capacitor"],"campfire_rested":1,"item_purchase_floors":[8],"current_hp_per_floor":[64,40,40,22,22,22,43,43,43,43,32,32,32,32,32,0,0],"gold":307,"neow_bonus":"THREE_ENEMY_KILL","is_daily":false,"chose_seed":false,"campfire_upgraded":2,"win_rate":0.0,"timestamp":1612998215,"path_taken":["M","?","M","?","?","E","R","?","T","M","E","M","R","E","R","BOSS"],"items_purchased_type":["Card"],"build_version":"2020-12-22","purchased_purges":1,"victory":false,"max_hp_per_floor":[71,71,71,71,71,71,71,71,71,71,71,71,71,71,71,71,71],"card_choices":[{"not_picked":["Leap","Auto Shields"],"picked":"Glacier","floor":1},{"not_picked":["Coolheaded","Turbo"],"picked":"Sweeping Beam","floor":3},{"not_picked":["All For One","Blizzard"],"picked":"Hologram","floor":6},{"not_picked":["Rebound","Gash"],"picked":"Doom and Gloom","floor":10},{"not_picked":["Hyperbeam","Streamline"],"picked":"Ball Lightning","floor":11},{"not_picked":["Hologram","Streamline"],"picked":"Conserve Battery","floor":12},{"not_picked":["Barrage","Hologram"],"picked":"Turbo","floor":14}],"player_experience":776696,"relics_obtained":[{"floor":5,"key":"Matryoshka"},{"floor":6,"key":"Omamori"},{"floor":9,"key":"MawBank"},{"floor":9,"key":"Whetstone"},{"floor":11,"key":"Ice Cream"},{"floor":14,"key":"Potion Belt"}],"event_choices":[{"damage_healed":0,"gold_gain":0,"player_choice":"Take Damage","damage_taken":24,"relics_obtained":["Golden Idol"],"max_hp_gain":0,"max_hp_loss":0,"event_name":"Golden Idol","floor":2,"gold_loss":0},{"damage_healed":0,"gold_gain":0,"player_choice":"Success","damage_taken":18,"relics_obtained":["HornCleat"],"max_hp_gain":0,"max_hp_loss":0,"event_name":"Scrap Ooze","floor":4,"gold_loss":0}],"is_beta":false,"boss_relics":[],"items_purged_floors":[8],"is_endless":false,"potions_floor_spawned":[1,6,10,11],"killed_by":"The Guardian","ascension_level":20}}