{"host":"9nzcajyrup44vdvf","time":1612983265,"event":{"mods":["2.2 Compatiblity","AchievementEnabler","AlwaysNeverKeys","Ascension Reborn","BaseMod","Curses Come First","Downfall","Googly Eyes","Minty Spire (QoL Compilation)","Permanent Neow","Relic Stats","StSLib","SuperFastMode","everything is the same but u backflip on backflip","slay the spire mod where everything is the same but ironclad has a cowboy hat"],"gold_per_floor":[0,47,47,46,60,138,180,179,93,107,21,35,62,100,126,265,279,293,324,357,394,115,115,475,475,492,150,186,266,279,295,311,435,435,335,357,594,654,674,674,702,224,241,301,321,43,122,144,162,162,162,199,17,17,17,17],"floor_reached":57,"language":"ENG","playtime":2457,"items_purged":["downfall:Malfunctioning","bronze:Strike+1"],"score":475,"play_id":"61134f19-29d2-4416-a92d-b95301e7ca47","local_time":"20210210195425","is_ascension_mode":true,"campfire_choices":[{"floor":1,"key":"RECALL"},{"data":"HandOfGreed","floor":9,"key":"SMITH"},{"floor":11,"key":"REST"},{"data":"Searing Blow+5","floor":18,"key":"SMITH"},{"data":"Searing Blow+6","floor":23,"key":"SMITH"},{"data":"1","floor":35,"key":"LIFT"},{"data":"2","floor":40,"key":"LIFT"},{"data":"3","floor":54,"key":"LIFT"}],"circlet_count":0,"master_deck":["bronze:Defend+1","bronze:Defend+1","bronze:Defend+1","bronze:Defend+1","bronze:Replicate+1","bronze:Goto+1","bronze:Refactor+1","bronze:Separator+1","bronze:BronzeOrb+1","Searing Blow+8","bronze:Overload","bronze:Repair","bronze:SpaghettiCode","bronze:Return+1","bronze:Repair+1","bronze:WhirlingStrike+1","bronze:BitShift+1","bronze:FineTuning+1","bronze:Iterate+1","bronze:ChosenStrike+1","bronze:FineTuning+1","bronze:ClassDefault+1","bronze:InfiniteLoop+1","bronze:Return+1","bronze:WhirlingStrike+1","bronze:BitShift","bronze:BitShift+1","bronze:Refactor+1","bronze:Optimize","expansioncontent:YouAreMine","bronze:ClassDefault+1","bronze:FindAndReplace","bronze:ClassDefault+1","bronze:Virus+1","bronze:ChosenStrike+1","Finesse"],"relics":["bronze:BronzeCore","MawBank","White Beast Statue","Guardian:PocketSentry","downfall:HeartBlessingRed","downfall:HeartBlessingBlue","Mango","Astrolabe","bronze:SilverBullet","Akabeko","Omamori","Molten Egg 2","Old Coin","SsserpentHead","Potion Belt","Bag of Marbles","Boot","Pantograph","Vajra","Girya","SlaversCollar","downfall:HeartBlessingGreen","Lee\u0027s Waffle","Pen Nib","Bottled Flame","Whetstone","ClockworkSouvenir","Blood Vial","Smiling Mask","bronze:DecasWashers","Toy Ornithopter","PreservedInsect","TheAbacus","Bottled Tornado","DollysMirror"],"acts_visited":["Exordium","TheCity","TheBeyond","TheEnding"],"potions_floor_usage":[8,8,8,16,21,37],"damage_taken":[{"damage":0,"enemies":"Cultist","floor":2,"turns":2},{"damage":10,"enemies":"downfall:FleeingMerchant","floor":4,"turns":4},{"damage":0,"enemies":"Small Slimes","floor":6,"turns":2},{"damage":5,"enemies":"downfall:FleeingMerchant","floor":8,"turns":4},{"damage":0,"enemies":"Jaw Worm","floor":13,"turns":1},{"damage":0,"enemies":"2 Fungi Beasts","floor":14,"turns":1},{"damage":0,"enemies":"Exordium Thugs","floor":15,"turns":2},{"damage":16,"enemies":"IC_STATUS_ARCHETYPE","floor":16,"turns":3},{"damage":0,"enemies":"Shell Parasite","floor":19,"turns":2},{"damage":0,"enemies":"3 Byrds","floor":20,"turns":3},{"damage":0,"enemies":"Centurion and Healer","floor":21,"turns":3},{"damage":0,"enemies":"downfall:FleeingMerchant","floor":22,"turns":4},{"damage":0,"enemies":"Snecko","floor":26,"turns":3},{"damage":4,"enemies":"downfall:FleeingMerchant","floor":27,"turns":4},{"damage":0,"enemies":"Slavers","floor":28,"turns":2},{"damage":0,"enemies":"Cultist and Chosen","floor":29,"turns":2},{"damage":0,"enemies":"Sentry and Sphere","floor":30,"turns":3},{"damage":0,"enemies":"Snake Plant","floor":31,"turns":1},{"damage":0,"enemies":"Cultist and Chosen","floor":32,"turns":1},{"damage":23,"enemies":"DF_ARCHETYPE_CLAW","floor":33,"turns":4},{"damage":0,"enemies":"3 Darklings","floor":36,"turns":1},{"damage":30,"enemies":"downfall:FleeingMerchant","floor":37,"turns":3},{"damage":10,"enemies":"3 Shapes","floor":39,"turns":1},{"damage":0,"enemies":"Spire Growth","floor":43,"turns":1},{"damage":0,"enemies":"Transient","floor":45,"turns":5},{"damage":1,"enemies":"4 Shapes","floor":47,"turns":1},{"damage":0,"enemies":"3 Darklings","floor":48,"turns":1},{"damage":0,"enemies":"Maw","floor":49,"turns":1},{"damage":0,"enemies":"WA_ARCHETYPE_DIVINITY","floor":50,"turns":3},{"damage":0,"enemies":"downfall:CharBossMerchant","floor":52,"turns":2},{"damage":23,"enemies":"downfall:NeowBoss","floor":55,"turns":7},{"damage":46,"enemies":"downfall:NeowBossFinal","floor":56,"turns":6}],"seed_played":"6667129868653589613","potions_obtained":[{"floor":2,"key":"SmokeBomb"},{"floor":4,"key":"AttackPotion"},{"floor":4,"key":"Strength Potion"},{"floor":6,"key":"AttackPotion"},{"floor":8,"key":"SteroidPotion"},{"floor":8,"key":"SteroidPotion"},{"floor":13,"key":"bronze:FreeFunctionsPotion"},{"floor":13,"key":"hexamod:SoulburnPotion"},{"floor":14,"key":"FearPotion"},{"floor":15,"key":"GamblersBrew"},{"floor":16,"key":"Fruit Juice"},{"floor":16,"key":"Block Potion"},{"floor":21,"key":"Fruit Juice"},{"floor":21,"key":"PowerPotion"},{"floor":28,"key":"Regen Potion"},{"floor":28,"key":"Weak Potion"},{"floor":29,"key":"SpeedPotion"},{"floor":29,"key":"Ancient Potion"},{"floor":30,"key":"Guardian:BlockOnCardUsePotion"},{"floor":31,"key":"DuplicationPotion"},{"floor":32,"key":"DuplicationPotion"},{"floor":37,"key":"AttackPotion"},{"floor":47,"key":"bronze:CleanCodePotion"}],"is_trial":false,"path_per_floor":["R","M","T","$","?","M","T","$","R","?","R","?","M","M","M","B",null,"R","M","M","M","$","R","T","?","M","$","E","M","M","M","M","B",null,"R","M","$","?","M","R","T","$","M","T","M","$","M","M","M","B",null,"E","$","R","B","B",null],"character_chosen":"THE_AUTOMATON","items_purchased":["Akabeko","Omamori","Potion Belt","bronze:InfiniteLoop+1","Bag of Marbles","Lee\u0027s Waffle","bronze:Optimize","BlessingOfTheForge","DuplicationPotion","Whetstone","ClockworkSouvenir","Blood Vial","expansioncontent:YouAreMine","bronze:FindAndReplace","PreservedInsect","TheAbacus","DollysMirror","Finesse"],"campfire_rested":1,"item_purchase_floors":[22,22,27,27,27,37,37,37,37,42,42,42,42,46,46,46,53,53],"current_hp_per_floor":[77,77,77,67,67,67,67,62,62,62,87,87,87,87,87,108,113,113,113,113,118,118,118,118,118,118,114,118,118,118,118,118,114,125,125,125,132,132,128,128,128,128,131,131,132,132,131,132,132,139,139,139,139,139,126,153],"gold":17,"neow_bonus":"RANDOM_COLORLESS_2","is_daily":false,"chose_seed":false,"campfire_upgraded":3,"win_rate":0.0,"timestamp":1612983265,"path_taken":["R","M","?","$","?","?","T","$","R","?","R","?","M","M","M","BOSS","R","M","M","M","$","R","T","?","M","$","E","?","M","M","M","BOSS","R","M","?","?","M","R","T","$","M","?","M","?","?","M","M","BOSS","E","$","R","BOSS","BOSS"],"items_purchased_type":["Relic","Relic","Relic","Card","Relic","Relic","Card","Potion","Potion","Relic","Relic","Relic","Card","Card","Relic","Relic","Relic","Card"],"build_version":"2020-12-22","purchased_purges":2,"victory":true,"max_hp_per_floor":[77,77,77,77,77,77,77,77,77,77,87,87,87,87,87,113,113,113,113,113,118,118,118,118,118,118,118,118,118,118,118,118,125,125,125,125,132,132,132,132,132,132,132,132,132,132,132,132,132,139,139,139,139,139,146,153],"relic_stats":{"Lee\u0027s Waffle":37,"counters":[32,81],"Astrolabe":["bronze:Return","bronze:Repair","bronze:WhirlingStrike"],"Pen Nib":[10],"PreservedInsect":85,"Whetstone":["Searing Blow"],"MawBank":266,"Boot":[13],"Smiling Mask":0,"Blood Vial":8,"SsserpentHead":360,"TheAbacus":[18],"Pantograph":17,"obtain_stats":[{"bronze:BronzeCore":0,"Vajra":31,"Mango":16,"downfall:HeartBlessingGreen":35,"Whetstone":42,"Bottled Tornado":52,"Boot":28,"Smiling Mask":44,"Old Coin":24,"ClockworkSouvenir":42,"Blood Vial":42,"SsserpentHead":25,"TheAbacus":46,"downfall:HeartBlessingBlue":11,"DollysMirror":53,"Pantograph":30,"Potion Belt":27,"Girya":33,"Lee\u0027s Waffle":37,"downfall:HeartBlessingRed":9,"Astrolabe":17,"bronze:DecasWashers":44,"Pen Nib":41,"PreservedInsect":46,"Guardian:PocketSentry":7,"Omamori":22,"MawBank":3,"White Beast Statue":3,"Akabeko":22,"SlaversCollar":34,"Bottled Flame":41,"Molten Egg 2":24,"Bag of Marbles":27,"bronze:SilverBullet":20,"Toy Ornithopter":45},{"bronze:BronzeCore":0,"Vajra":18,"Mango":8,"downfall:HeartBlessingGreen":20,"Whetstone":23,"Bottled Tornado":30,"Boot":15,"Smiling Mask":24,"Old Coin":12,"ClockworkSouvenir":23,"Blood Vial":23,"SsserpentHead":12,"TheAbacus":25,"downfall:HeartBlessingBlue":4,"DollysMirror":30,"Pantograph":17,"Potion Belt":14,"Girya":20,"Lee\u0027s Waffle":22,"downfall:HeartBlessingRed":4,"Astrolabe":8,"bronze:DecasWashers":24,"Pen Nib":23,"PreservedInsect":25,"Guardian:PocketSentry":3,"Omamori":12,"MawBank":1,"White Beast Statue":1,"Akabeko":12,"SlaversCollar":20,"Bottled Flame":23,"Molten Egg 2":12,"Bag of Marbles":14,"bronze:SilverBullet":10,"Toy Ornithopter":25},{"bronze:BronzeCore":0,"Vajra":44,"Mango":19,"downfall:HeartBlessingGreen":49,"Whetstone":54,"Bottled Tornado":68,"Boot":39,"Smiling Mask":55,"Old Coin":30,"ClockworkSouvenir":54,"Blood Vial":54,"SsserpentHead":30,"TheAbacus":60,"downfall:HeartBlessingBlue":12,"DollysMirror":68,"Pantograph":43,"Potion Belt":37,"Girya":49,"Lee\u0027s Waffle":53,"downfall:HeartBlessingRed":12,"Astrolabe":19,"bronze:DecasWashers":55,"Pen Nib":54,"PreservedInsect":60,"Guardian:PocketSentry":8,"Omamori":30,"MawBank":2,"White Beast Statue":2,"Akabeko":30,"SlaversCollar":49,"Bottled Flame":54,"Molten Egg 2":30,"Bag of Marbles":37,"bronze:SilverBullet":23,"Toy Ornithopter":60}],"Toy Ornithopter":0},"card_choices":[{"not_picked":["Transmutation","Secret Weapon"],"picked":"HandOfGreed","floor":0},{"not_picked":["bronze:InfiniteBeams","bronze:FollowUp"],"picked":"bronze:Refactor","floor":2},{"not_picked":["bronze:Refactor","bronze:Fortify","bronze:Constructor"],"picked":"SKIP","floor":4},{"not_picked":["bronze:Turbo","bronze:DelayedGuard"],"picked":"bronze:Separator+1","floor":6},{"not_picked":["bronze:WhirlingStrike","bronze:Separator"],"picked":"bronze:BronzeOrb","floor":8},{"not_picked":["bronze:CutThrough","bronze:Branch"],"picked":"bronze:Overload","floor":13},{"not_picked":["bronze:Branch","bronze:Overheat"],"picked":"bronze:Repair","floor":14},{"not_picked":["bronze:Separator","bronze:Repulsor"],"picked":"bronze:Assembly","floor":15},{"not_picked":["bronze:HyperBeam","bronze:Assembly"],"picked":"bronze:SpaghettiCode","floor":16},{"not_picked":["bronze:WhirlingStrike","bronze:DelayedSlice"],"picked":"bronze:BitShift+1","floor":19},{"not_picked":["bronze:Iterate","bronze:DigitalCarnage+1"],"picked":"bronze:FineTuning+1","floor":20},{"not_picked":["bronze:Philosophize","bronze:Frontload"],"picked":"bronze:Iterate+1","floor":21},{"not_picked":["bronze:ForceShield+1","bronze:Invalidate+1"],"picked":"bronze:ChosenStrike+1","floor":22},{"not_picked":["bronze:Iterate+1","bronze:BuggyMess+1"],"picked":"bronze:FineTuning+1","floor":26},{"not_picked":["bronze:Invalidate","bronze:NullPointer+1"],"picked":"bronze:ClassDefault+1","floor":27},{"not_picked":["bronze:Overheat+1","bronze:WhirlingStrike+1"],"picked":"bronze:Return+1","floor":28},{"not_picked":["bronze:Branch+1","bronze:Invalidate+1"],"picked":"bronze:WhirlingStrike+1","floor":29},{"not_picked":["bronze:Overheat+1","bronze:Repair"],"picked":"bronze:BitShift","floor":30},{"not_picked":["bronze:Break+1","bronze:Frontload+1","bronze:ForLoop"],"picked":"SKIP","floor":31},{"not_picked":["bronze:Deprecate+1","bronze:Safeguard+1"],"picked":"bronze:BitShift+1","floor":32},{"not_picked":["bronze:Constructor+1","bronze:Branch+1","bronze:BronzeArmor+1"],"picked":"SKIP","floor":36},{"not_picked":["bronze:Constructor+1","bronze:Philosophize+1"],"picked":"bronze:Refactor+1","floor":37},{"not_picked":["bronze:Deprecate+1","bronze:NullPointer+1","bronze:WildBeam+1"],"picked":"SKIP","floor":39},{"not_picked":["bronze:Refactor","bronze:BugBarrage+1"],"picked":"bronze:ClassDefault+1","floor":43},{"not_picked":["bronze:CloningBeam+1","bronze:BuggyMess+1","bronze:Frontload"],"picked":"SKIP","floor":45},{"not_picked":["bronze:WhirlingStrike+1","bronze:CloningBeam+1"],"picked":"bronze:ClassDefault+1","floor":47},{"not_picked":["bronze:ChildClass+1","bronze:OilSpill+1"],"picked":"bronze:Virus+1","floor":48},{"not_picked":["bronze:CutThrough+1","bronze:Invalidate+1","bronze:Overheat+1"],"picked":"SKIP","floor":49},{"not_picked":["bronze:FollowUp+1","bronze:Fortify+1","bronze:Turbo"],"picked":"SKIP","floor":52}],"player_experience":473166,"relics_obtained":[{"floor":3,"key":"MawBank"},{"floor":3,"key":"White Beast Statue"},{"floor":7,"key":"Guardian:PocketSentry"},{"floor":16,"key":"Mango"},{"floor":20,"key":"bronze:SilverBullet"},{"floor":24,"key":"Molten Egg 2"},{"floor":24,"key":"Old Coin"},{"floor":28,"key":"Boot"},{"floor":30,"key":"Pantograph"},{"floor":31,"key":"Vajra"},{"floor":33,"key":"Girya"},{"floor":41,"key":"Pen Nib"},{"floor":41,"key":"Bottled Flame"},{"floor":44,"key":"Smiling Mask"},{"floor":44,"key":"bronze:DecasWashers"},{"floor":45,"key":"Toy Ornithopter"},{"floor":52,"key":"Bottled Tornado"}],"event_choices":[{"cards_removed":["HandOfGreed"],"damage_healed":0,"gold_gain":0,"player_choice":"Took Card","damage_taken":0,"max_hp_gain":0,"max_hp_loss":0,"event_name":"NoteForYourself","floor":12,"gold_loss":0,"cards_obtained":["Searing Blow"]},{"damage_healed":0,"gold_gain":0,"player_choice":"Trade","damage_taken":0,"relics_obtained":["SsserpentHead"],"max_hp_gain":0,"max_hp_loss":0,"event_name":"FaceTrader","floor":25,"gold_loss":0},{"cards_removed":["bronze:Assembly"],"damage_healed":0,"gold_gain":0,"player_choice":"Removed Skill","damage_taken":0,"max_hp_gain":0,"max_hp_loss":0,"event_name":"Falling","floor":38,"gold_loss":0}],"is_beta":false,"boss_relics":[{"not_picked":["Coffee Dripper","Sozu"],"picked":"Astrolabe"},{"not_picked":["Velvet Choker","Snecko Eye"],"picked":"SlaversCollar"}],"items_purged_floors":[22,42],"is_endless":false,"potions_floor_spawned":[4,6,8,13,14,15,16,19,20,21,22,26,27,28,29,30,31,32,33,36,37,39,43,45,47,48,49,52],"ascension_level":-20}}