{"host":"w05x4i13f2m9joq1","time":1612926294,"event":{"mods":["100% Spire Juice","Act Like it!","BaseMod","Better Altar","Better Match","Better Note","Better Sensory Stone","Better Skull","Better Third Choice","BetterRewards","CapriCore","Colored Map","Colored Powertips","Defective Defect","Downfall","Duelist Mod","Gensokyo","GifTheSpireLib","Googly Eyes","Infinite Spire","Ironclad Rager","Lobotomy","LobotomyExtend","Marisa????????","Melee Mod","Minty Spire (QoL Compilation)","Morshu Shopkeeper - ENHANCED","MostiFishMod","Quick Restart","Rare Cards Sparkle","Reliquary","Replay The Spire","Shop Mod","Spicy Shops","Spire Birthday Party","StSLib","The IronCluck","Uncapped","everything is the same but u backflip on backflip","slay the spire mod where everything is the same but ironclad has a cowboy hat"],"gold_per_floor":[118,193,206,219,184,184,31,47,47,77,88,116,148,148,28,128,128,142,156,171,190,213,213,226,10,88,88,105,134,145,20,20,116,116,142,142,142,200,230,280,314,351,351,385,385,420,420,466,466,466,466],"floor_reached":50,"language":"ENG","playtime":9962,"items_purged":["Moonworks:Blazing"],"score":783,"play_id":"540473e1-52c4-4e2d-b4d0-5553770ea4bd","local_time":"20210209220454","is_ascension_mode":false,"campfire_choices":[{"data":"Moonworks:EvilSpyWorkPreparation","floor":6.0,"key":"SMITH"},{"floor":15.0,"key":"REST"},{"floor":23.0,"key":"REST"},{"data":"Moonworks:Accelerator","floor":27,"key":"SMITH"},{"data":"Moonworks:EvilSpyWorkPreparation","floor":32,"key":"SMITH"},{"data":"Pot Of Greed","floor":32,"key":"SMITH"},{"data":"Pot Of Greed","floor":47,"key":"SMITH"},{"data":"Pot Of Greed","floor":47,"key":"SMITH"},{"data":"Moonworks:Accelerator","floor":49,"key":"SMITH"},{"data":"Moonworks:Accelerator","floor":49,"key":"SMITH"}],"circlet_count":0,"master_deck":["Moonworks:Strike","Moonworks:Strike","Moonworks:Strike","Moonworks:Strike","Moonworks:Defend","Moonworks:Defend","Moonworks:Defend","Moonworks:Defend","Moonworks:Ambush","Moonworks:LongDistanceShot","Moonworks:EvilSpyWorkPreparation+1","Moonworks:FullSpeedAlicianrone","Moonworks:AccelHyper","Pot Of Greed+1","Pot Of Greed+1","Moonworks:EvilSpyWorkPreparation+1","Moonworks:WindyEnchantment","Moonworks:NicePresent","Moonworks:NicePresent+1","Moonworks:Accelerator+1","Moonworks:LuckyCharm","Moonworks:EvilSpyWorkPreparation+1","Moonworks:NicePresent","Moonworks:Accelerator+1","Pot Of Greed+1","Moonworks:EvilSpyWorkPreparation+1","Moonworks:NicePresent+1","Moonworks:EvilSpyWorkPreparation","Moonworks:AwakeningOfTalent+1","Moonworks:RedAndBlue+1","Moonworks:Accelerator+1","Moonworks:NicePresent"],"relics":["Moonworks:BrokenBomb","Moonworks:Homemark","DaveBox","JellyFishMachine","SynthV:TestCard","LetterFromLob","Grinning Jar","infinitespire:CheckeredPen","White Beast Statue","Odd Mushroom","Nunchaku","Painkiller Herb","reliquary:Aerogel","infinitespire:Satchel","Chemical X","reliquary:TridentHead","Replay:Arrowhead","infinitespire:EvilPickle","reliquary:KinkedSpring","Snack Pack","Slimebound:StickyStick","ReplayTheSpireMod:Shallot"],"acts_visited":["Exordium","TheCity","TheBeyond"],"potions_floor_usage":[29,35,41,50,50],"damage_taken":[{"damage":11.0,"enemies":"2 Louse","floor":1.0,"turns":3.0},{"damage":0.0,"enemies":"Cultist","floor":3.0,"turns":3.0},{"damage":0.0,"enemies":"Small Slimes","floor":4.0,"turns":2.0},{"damage":13.0,"enemies":"Red Slaver","floor":8.0,"turns":2.0},{"damage":8.0,"enemies":"3 Sentries","floor":10.0,"turns":3.0},{"damage":9.0,"enemies":"3 Louse","floor":11.0,"turns":3.0},{"damage":7.0,"enemies":"The Mushroom Lair","floor":12.0,"turns":2.0},{"damage":6.0,"enemies":"Lagavulin","floor":13.0,"turns":4.0},{"damage":6.0,"enemies":"Hexaghost","floor":16.0,"turns":5.0},{"damage":5.0,"enemies":"3 Byrds","floor":18.0,"turns":2.0},{"damage":6.0,"enemies":"Shell Parasite","floor":19.0,"turns":3.0},{"damage":10.0,"enemies":"Shelled Parasite and Fungi","floor":20.0,"turns":3.0},{"damage":0.0,"enemies":"Chosen and Byrds","floor":21.0,"turns":2.0},{"damage":2,"enemies":"Centurion and Healer","floor":24,"turns":3},{"damage":10,"enemies":"Shelled Parasite and Fungi","floor":28,"turns":3},{"damage":3,"enemies":"Replay:Snechameleon","floor":29,"turns":2},{"damage":0,"enemies":"3 Cultists","floor":30,"turns":2},{"damage":12,"enemies":"Pondfish","floor":33,"turns":3},{"damage":0,"enemies":"Orb Walker","floor":35,"turns":3},{"damage":0,"enemies":"3 Darklings","floor":39,"turns":2},{"damage":0,"enemies":"Giant Head","floor":40,"turns":2},{"damage":0,"enemies":"Maw","floor":41,"turns":4},{"damage":6,"enemies":"Spire Growth","floor":42,"turns":2},{"damage":0,"enemies":"Transient","floor":44,"turns":5},{"damage":0,"enemies":"3 Darklings","floor":46,"turns":2},{"damage":15,"enemies":"4 Shapes","floor":48,"turns":2},{"damage":49,"enemies":"Time Eater","floor":50,"turns":3}],"seed_played":"7321926923146406787","potions_obtained":[{"floor":1.0,"key":"Elixir"},{"floor":3.0,"key":"Milkshake"},{"floor":11.0,"key":"Elixir"},{"floor":12.0,"key":"Explosive Potion"},{"floor":13.0,"key":"ColorlessPotion"},{"floor":16.0,"key":"champ:CounterPotion"},{"floor":18.0,"key":"BlessingOfTheForge"},{"floor":19.0,"key":"AttackPotion"},{"floor":20.0,"key":"champ:CounterPotion"},{"floor":21.0,"key":"Energy Potion"},{"floor":29,"key":"Block Potion"},{"floor":35,"key":"FearPotion"},{"floor":40,"key":"AttackPotion"},{"floor":41,"key":"sneckomod:MuddlingPotion"}],"is_trial":false,"path_per_floor":["M","?","M","M","?","R","$","M","T","E","M","?","E","?","R","B",null,"?","?","?","?","T","T","?","T","T","T","?","E","?","T","T","B",null,"?","?","?","?","?","E","?","?","T","?","?","?","T","?","T","B"],"character_chosen":"THE_STARBREAKER","items_purchased":["Grinning Jar","infinitespire:Satchel","Chemical X","Moonworks:NicePresent"],"campfire_rested":2,"item_purchase_floors":[7,25,25,31],"current_hp_per_floor":[49,43,43,43,58,58,58,45,45,37,28,21,15,15,33,27,60,55,49,39,39,39,57,55,55,55,55,45,42,42,42,42,30,60,60,60,57,57,57,57,57,57,57,57,57,57,57,42,42,0,0],"gold":466,"neow_bonus":"THREE_CARDS","is_daily":false,"chose_seed":false,"campfire_upgraded":8,"win_rate":0.0,"timestamp":1612926294,"path_taken":["M","?","?","?","?","R","$","M","T","E","M","?","E","?","R","BOSS","?","?","?","?","?","T","?","T","T","T","?","E","?","T","T","BOSS","?","?","?","?","?","E","?","?","T","?","?","?","T","?","T","BOSS"],"items_purchased_type":["Relic","Relic","Relic","Card"],"build_version":"2020-12-22","purchased_purges":1,"victory":false,"max_hp_per_floor":[60,60,60,60,60,60,60,60,60,60,60,60,60,60,60,60,60,60,60,60,60,60,60,60,60,60,60,60,60,60,60,60,60,60,60,60,57,57,57,57,57,57,57,57,57,57,57,57,57,57,57],"card_choices":[{"not_picked":["Moonworks:FullSpeedAlicianrone","Moonworks:LulusLuckyEgg"],"picked":"Moonworks:EvilSpyWorkPreparation","floor":0.0},{"not_picked":["Moonworks:ImOnFire","Moonworks:SakisCookie","Moonworks:DeployBits"],"picked":"SKIP","floor":1.0},{"not_picked":["Moonworks:IndiscriminateFireSupport","Moonworks:BigMagnum","Moonworks:LulusLuckyEgg","Moonworks:ImOnFire"],"picked":"Moonworks:FullSpeedAlicianrone","floor":3.0},{"not_picked":["Moonworks:JonathanRush","Moonworks:CloudOfSeagulls","Moonworks:DeployBits","Moonworks:CookingTime"],"picked":"Moonworks:AccelHyper","floor":4.0},{"not_picked":["Moonworks:DeployBits","Moonworks:DevilHand","Moonworks:IndiscriminateFireSupport","Moonworks:MixPhenomenon"],"picked":"Moonworks:EvilSpyWorkPreparation","floor":8.0},{"not_picked":["Moonworks:Assault","Moonworks:MiracleRedBeanIceCream","Moonworks:JonathanRush","Moonworks:ScrambledEve","Moonworks:BindingChains"],"picked":"SKIP","floor":10.0},{"not_picked":["Moonworks:BigMagnum","Moonworks:ScrambledEve","Moonworks:SelfDestruct","Moonworks:CookingTime"],"picked":"Moonworks:WindyEnchantment","floor":11.0},{"not_picked":["Moonworks:BigMagnum","Moonworks:IndiscriminateFireSupport","Moonworks:StiffCrystal","Moonworks:BigBangBell"],"picked":"Moonworks:Dinner","floor":13.0},{"not_picked":["Moonworks:FinalBattle","Moonworks:CrystalBarrier","Moonworks:OutOfAmmo","Moonworks:HolyNight"],"picked":"Moonworks:Blazing","floor":16.0},{"not_picked":["Moonworks:BackdoorTrade","Moonworks:JonathanRush+1","Moonworks:ImOnFire","Moonworks:Assault","Moonworks:CastOff+1"],"picked":"SKIP","floor":18.0},{"not_picked":["Moonworks:BackdoorTrade","Moonworks:JonathanRush+1","Moonworks:ImOnFire","Moonworks:Assault","Moonworks:CastOff+1"],"picked":"SKIP","floor":18.0},{"not_picked":["Moonworks:JonathanRush","Moonworks:DeployBits","Moonworks:ImOnFire","Moonworks:ForcedRevival"],"picked":"Moonworks:NicePresent+1","floor":19.0},{"not_picked":["Moonworks:AwakeningOfTalent","Moonworks:BigMagnum","Moonworks:ImOnFire+1","Moonworks:CookingTime+1"],"picked":"Moonworks:Accelerator","floor":20.0},{"not_picked":["Moonworks:CastOff","Moonworks:JonathanRush+1","Moonworks:ImOnFire","Moonworks:MixPhenomenon","Moonworks:ImmovableObject"],"picked":"SKIP","floor":21.0},{"not_picked":["Moonworks:ImOnFire","Moonworks:BigMagnum","Moonworks:Dinner","Moonworks:BackdoorTrade+1"],"picked":"Moonworks:LuckyCharm","floor":24},{"not_picked":["Moonworks:Assault","Moonworks:LulusLuckyEgg+1","Moonworks:IndiscriminateFireSupport+1","Moonworks:ImOnFire+1","Moonworks:CloudOfSeagulls"],"picked":"SKIP","floor":28},{"not_picked":["Moonworks:AccelHyper","Moonworks:UnpaidWork","Moonworks:SakisCookie+1","Moonworks:CloudOfSeagulls+1"],"picked":"Moonworks:EvilSpyWorkPreparation+1","floor":29},{"not_picked":["Moonworks:IndiscriminateFireSupport","Moonworks:MixPhenomenon","Moonworks:Assault","Moonworks:MeltingMemories","Moonworks:BigMagnum"],"picked":"SKIP","floor":30},{"not_picked":["Moonworks:ShieldCounter","Moonworks:Blazing","Moonworks:PlushieMaster","Moonworks:SubspaceTunnel"],"picked":"Moonworks:Accelerator","floor":33},{"not_picked":["Moonworks:SakisCookie+1","Moonworks:CompletionReward","Moonworks:BigMagnum","Moonworks:DeployBits"],"picked":"Moonworks:EvilSpyWorkPreparation+1","floor":35},{"not_picked":["Moonworks:ImOnFire+1","Moonworks:CloudOfSeagulls","Moonworks:Assault","Moonworks:SakisCookie+1"],"picked":"Moonworks:NicePresent+1","floor":39},{"not_picked":["Moonworks:LulusLuckyEgg+1","Moonworks:IndiscriminateFireSupport","Moonworks:WeAreWaruda","Moonworks:ImOnFire+1"],"picked":"Moonworks:EvilSpyWorkPreparation","floor":40},{"not_picked":["Moonworks:SealedMemories+1","Moonworks:BigMagnum+1","Moonworks:NicePresent","Moonworks:DeployBits+1"],"picked":"Moonworks:AwakeningOfTalent+1","floor":41},{"not_picked":["Moonworks:ReflectiveShell","Moonworks:UnluckyCharm+1","Moonworks:MiracleRedBeanIceCream","Moonworks:IndiscriminateFireSupport"],"picked":"Moonworks:RedAndBlue+1","floor":42},{"not_picked":["Moonworks:SakisCookie+1","Moonworks:BindingChains","Moonworks:UnluckyCharm+1","Moonworks:UnpaidWork","Moonworks:LulusLuckyEgg"],"picked":"SKIP","floor":44},{"not_picked":["Moonworks:NicePresent","Moonworks:ExtendedPhotonRifle+1","Moonworks:IndiscriminateFireSupport+1","Moonworks:BeyondHell"],"picked":"Moonworks:Accelerator","floor":46},{"not_picked":["Moonworks:SakisCookie+1","Moonworks:BindingChains","Moonworks:DeployBits+1","Moonworks:RagingMadness"],"picked":"Moonworks:NicePresent","floor":48}],"player_experience":190460,"relics_obtained":[{"floor":1.0,"key":"SynthV:TestCard"},{"floor":1.0,"key":"LetterFromLob"},{"floor":9.0,"key":"infinitespire:CheckeredPen"},{"floor":10.0,"key":"White Beast Statue"},{"floor":12.0,"key":"Odd Mushroom"},{"floor":13.0,"key":"Nunchaku"},{"floor":22.0,"key":"reliquary:Aerogel"},{"floor":26,"key":"reliquary:TridentHead"},{"floor":29,"key":"Replay:Arrowhead"},{"floor":38,"key":"Snack Pack"},{"floor":40,"key":"Slimebound:StickyStick"},{"floor":43,"key":"ReplayTheSpireMod:Shallot"}],"event_choices":[{"damage_healed":0.0,"max_hp_gain":0.0,"max_hp_loss":0.0,"gold_gain":75.0,"event_name":"FaceTrader","player_choice":"Touch","floor":2.0,"gold_loss":0.0,"damage_taken":6.0},{"damage_healed":15.0,"max_hp_gain":0.0,"max_hp_loss":0.0,"gold_gain":0.0,"event_name":"The Cleric","player_choice":"Healed","floor":5.0,"gold_loss":35.0,"damage_taken":0.0},{"damage_healed":0.0,"max_hp_gain":0.0,"max_hp_loss":0.0,"gold_gain":0.0,"event_name":"Mushrooms","player_choice":"Fought Mushrooms","floor":12.0,"gold_loss":0.0,"damage_taken":0.0},{"damage_healed":0.0,"max_hp_gain":0.0,"max_hp_loss":0.0,"gold_gain":0.0,"cards_transformed":["Moonworks:Dinner"],"event_name":"Transmorgrifier","player_choice":"Transformed","floor":14.0,"gold_loss":0.0,"damage_taken":0.0,"cards_obtained":["Moonworks:NicePresent"]},{"damage_healed":0,"gold_gain":0,"player_choice":"Max HP","damage_taken":0,"max_hp_gain":0,"max_hp_loss":3,"event_name":"Winding Halls","floor":37,"gold_loss":0}],"is_beta":false,"boss_relics":[{"not_picked":["GuanYuAspect","Ectoplasm"],"picked":"Painkiller Herb"},{"not_picked":["Replay:Wanted Poster","OneHitWonderSystem"],"picked":"reliquary:KinkedSpring"}],"items_purged_floors":[31],"is_endless":false,"potions_floor_spawned":[1,3,11,12,13,16,18,19,20,21,24,28,29,30,33,35,39,40,41,42,44,46,48],"killed_by":"Time Eater","ascension_level":0}}