{"host":"c6u7e77myxvw4d0m","time":1612988867,"event":{"mods":["AchievementEnabler","BaseMod","Bestiary","Colored Map","Colored Powertips","Minty Spire (QoL Compilation)","Rare Cards Sparkle","Relic Stats","everything is the same but u backflip on backflip"],"gold_per_floor":[11,28,47,47,66,98,98,125,125,125,135,155,168,168,168],"floor_reached":14,"language":"ENG","playtime":1255,"items_purged":[],"score":208,"play_id":"0758ae97-90eb-4ad0-a99c-a7c9e7015ef1","local_time":"20210210222747","is_ascension_mode":true,"campfire_choices":[{"data":"Bouncing Flask","floor":7,"key":"SMITH"},{"floor":10,"key":"REST"}],"circlet_count":0,"master_deck":["AscendersBane","Strike_G","Strike_G","Strike_G","Strike_G","Strike_G","Defend_G","Defend_G","Defend_G","Defend_G","Defend_G","Survivor","Neutralize","Bouncing Flask+1","Poisoned Stab","Quick Slash","PiercingWail","Blade Dance","Riddle With Holes","Venomology","Dash","Noxious Fumes"],"relics":["Ring of the Snake","Torii","MealTicket","Pen Nib","Art of War"],"acts_visited":["Exordium"],"potions_floor_usage":[5,6,8,12,14],"damage_taken":[{"damage":2.0,"enemies":"Jaw Worm","floor":1.0,"turns":6.0},{"damage":1.0,"enemies":"2 Louse","floor":2.0,"turns":3.0},{"damage":0.0,"enemies":"Cultist","floor":3.0,"turns":3.0},{"damage":1,"enemies":"3 Louse","floor":5,"turns":3},{"damage":22,"enemies":"3 Sentries","floor":6,"turns":11},{"damage":32,"enemies":"Gremlin Nob","floor":8,"turns":4},{"damage":11,"enemies":"Looter","floor":11,"turns":2},{"damage":0,"enemies":"2 Fungi Beasts","floor":12,"turns":3},{"damage":0,"enemies":"Exordium Wildlife","floor":13,"turns":2},{"damage":10,"enemies":"Lagavulin","floor":14,"turns":2}],"seed_played":"5655055332469463074","potions_obtained":[{"floor":3.0,"key":"BlessingOfTheForge"},{"floor":5,"key":"BlessingOfTheForge"},{"floor":6,"key":"PowerPotion"},{"floor":11,"key":"Ancient Potion"}],"is_trial":false,"path_per_floor":["M","M","M","?","M","E","R","E","T","R","M","M","M","E"],"character_chosen":"THE_SILENT","items_purchased":[],"campfire_rested":1,"item_purchase_floors":[],"current_hp_per_floor":[57,56,56,56,55,33,33,1,1,20,9,9,9,0,0],"gold":168,"neow_bonus":"ONE_RARE_RELIC","is_daily":false,"chose_seed":false,"campfire_upgraded":1,"win_rate":0.0,"timestamp":1612988867,"path_taken":["M","M","M","?","M","E","R","E","T","R","M","M","M","E"],"items_purchased_type":[],"build_version":"2020-12-22","purchased_purges":0,"victory":false,"max_hp_per_floor":[66,66,66,66,66,66,66,66,66,66,66,66,66,66,66],"relic_stats":{"Torii":16,"counters":[10,39],"MealTicket":0,"Pen Nib":[2],"Art of War":[0],"obtain_stats":[{"Torii":0,"MealTicket":6,"Pen Nib":8,"Art of War":9,"Ring of the Snake":0},{"Torii":0,"MealTicket":5,"Pen Nib":6,"Art of War":6,"Ring of the Snake":0},{"Torii":0,"MealTicket":26,"Pen Nib":30,"Art of War":30,"Ring of the Snake":0}],"Ring of the Snake":[20]},"card_choices":[{"not_picked":["Prepared","Reflex"],"picked":"Bouncing Flask","floor":1.0},{"not_picked":["Cloak And Dagger","Backflip"],"picked":"Poisoned Stab","floor":2.0},{"not_picked":["Backflip","Sucker Punch"],"picked":"Quick Slash","floor":3.0},{"not_picked":["Backflip","Underhanded Strike"],"picked":"PiercingWail","floor":5},{"not_picked":["Accuracy","Cloak And Dagger"],"picked":"Blade Dance","floor":6},{"not_picked":["Flechettes","Distraction"],"picked":"Riddle With Holes","floor":8},{"not_picked":["Underhanded Strike","Outmaneuver"],"picked":"Venomology","floor":11},{"not_picked":["Reflex","Backstab"],"picked":"Dash","floor":12},{"not_picked":["Underhanded Strike","Eviscerate"],"picked":"Noxious Fumes","floor":13}],"player_experience":774145,"relics_obtained":[{"floor":6,"key":"MealTicket"},{"floor":8,"key":"Pen Nib"},{"floor":9,"key":"Art of War"}],"event_choices":[{"damage_healed":0.0,"max_hp_gain":0.0,"max_hp_loss":0.0,"gold_gain":0.0,"event_name":"Shining Light","player_choice":"Ignored","floor":4.0,"gold_loss":0.0,"damage_taken":0.0}],"is_beta":false,"boss_relics":[],"items_purged_floors":[],"is_endless":false,"potions_floor_spawned":[3,5,6,11],"killed_by":"Lagavulin","ascension_level":20}}