{"host":"g7mkzn6qfoxkk5sz","time":1612960285,"event":{"mods":["BaseMod","Colored Map","Colored Powertips","Downfall","Minty Spire (QoL Compilation)","StSLib"],"gold_per_floor":[99,109,124,124,143,159,159,187,26,26,41,26,26,56,73,73,73,73],"floor_reached":16,"language":"ENG","playtime":719,"items_purged":[],"score":206,"play_id":"594a3b8a-e25c-46c3-b313-e249555c5ccc","local_time":"20210210143125","is_ascension_mode":true,"campfire_choices":[{"data":"Guardian:TwinSlam","floor":1,"key":"SMITH"},{"floor":13,"key":"REST"}],"circlet_count":0,"master_deck":["Guardian:Strike_Guardian","Guardian:Strike_Guardian","Guardian:Strike_Guardian","Guardian:Defend_Guardian","Guardian:Defend_Guardian","Guardian:Defend_Guardian","Guardian:CurlUp","Guardian:TwinSlam+1","Guardian:ChargeCore+1","Guardian:Suspension","Guardian:ShieldCharger","Guardian:ArmoredProtocol","Guardian:Gem_Lightblue","Guardian:Incinerate","Guardian:StasisField","Guardian:RollAttack","Guardian:Gem_Purple","Guardian:ChargeUp"],"relics":["Guardian:ModeShifter","Vajra","Sundial","Omamori","Mummified Hand"],"acts_visited":["Exordium"],"potions_floor_usage":[],"damage_taken":[{"damage":4,"enemies":"Small Slimes","floor":2,"turns":4},{"damage":6,"enemies":"Cultist","floor":3,"turns":3},{"damage":0,"enemies":"2 Louse","floor":5,"turns":1},{"damage":10,"enemies":"Lots of Slimes","floor":6,"turns":4},{"damage":12,"enemies":"3 Sentries","floor":8,"turns":8},{"damage":0,"enemies":"downfall:FleeingMerchant","floor":9,"turns":4},{"damage":8,"enemies":"Blue Slaver","floor":11,"turns":3},{"damage":15,"enemies":"downfall:FleeingMerchant","floor":12,"turns":4},{"damage":0,"enemies":"Lagavulin","floor":14,"turns":7},{"damage":0,"enemies":"2 Fungi Beasts","floor":15,"turns":3},{"damage":66,"enemies":"DF_ARCHETYPE_STREAMLINE","floor":16,"turns":14}],"seed_played":"-1824539329281786234","potions_obtained":[{"floor":3,"key":"ColorlessPotion"},{"floor":5,"key":"ColorlessPotion"},{"floor":10,"key":"Strength Potion"},{"floor":10,"key":"Dexterity Potion"},{"floor":11,"key":"Strength Potion"}],"is_trial":false,"path_per_floor":["R","M","M","?","M","M","T","E","$","?","M","$","R","E","M","B"],"character_chosen":"GUARDIAN","items_purchased":["Omamori"],"campfire_rested":1,"item_purchase_floors":[9],"current_hp_per_floor":[72,68,62,62,62,52,52,40,40,40,32,17,38,38,38,0,0,0],"gold":73,"neow_bonus":"TRANSFORM_TWO_CARDS","is_daily":false,"chose_seed":false,"campfire_upgraded":1,"win_rate":0.0,"timestamp":1612960285,"path_taken":["R","M","M","?","M","?","T","E","$","?","?","$","R","E","M","BOSS"],"items_purchased_type":["Relic"],"build_version":"2020-12-22","purchased_purges":0,"victory":false,"max_hp_per_floor":[72,72,72,72,72,72,72,72,72,72,72,72,72,72,72,72,72,72],"card_choices":[{"not_picked":["Guardian:EvasiveProtocol","Guardian:MultiBeam"],"picked":"Guardian:ChargeCore","floor":2},{"not_picked":["Guardian:Reroute","Guardian:Gem_Cyan"],"picked":"Guardian:Suspension","floor":3},{"not_picked":["Guardian:Suspension","Guardian:DonusPower"],"picked":"Guardian:ShieldCharger","floor":5},{"not_picked":["Guardian:Gem_Cyan","Guardian:Harden"],"picked":"Guardian:ArmoredProtocol","floor":6},{"not_picked":["Guardian:Gem_Fragmented","Guardian:FloatingOrbs"],"picked":"Guardian:Gem_Lightblue","floor":8},{"not_picked":["Guardian:Gem_Red","Guardian:PolyBeam"],"picked":"Guardian:Incinerate","floor":9},{"not_picked":["Guardian:DecasProtection","Guardian:VentSteam"],"picked":"Guardian:StasisField","floor":11},{"not_picked":["Guardian:Gem_Red","Guardian:GatlingBeam"],"picked":"Guardian:RollAttack","floor":12},{"not_picked":["Guardian:ShieldSpikes","Guardian:Clone"],"picked":"Guardian:Gem_Purple","floor":14},{"not_picked":["Guardian:PolyBeam","Guardian:Gem_Cyan"],"picked":"Guardian:ChargeUp","floor":15}],"player_experience":479715,"relics_obtained":[{"floor":7,"key":"Vajra"},{"floor":8,"key":"Sundial"},{"floor":14,"key":"Mummified Hand"}],"event_choices":[{"damage_healed":0,"gold_gain":0,"player_choice":"Got Potions","damage_taken":0,"max_hp_gain":0,"max_hp_loss":0,"event_name":"Lab","floor":10,"gold_loss":0}],"is_beta":false,"boss_relics":[],"items_purged_floors":[],"is_endless":false,"potions_floor_spawned":[3,5,11,14],"killed_by":"DF_ARCHETYPE_STREAMLINE","ascension_level":2}}