{"host":"dv29tre2e7vje47n","time":1612965314,"event":{"mods":["AchievementEnabler","BaseMod","Colored Map","Colored Powertips","DeckTracker","Displayed Cursed Tome","Downfall","Friendly Minions","Googly Eyes","Highlight Path","Key Reminder","Minty Spire (QoL Compilation)","Quick Restart","Random Character Button","Rare Cards Sparkle","Relic Sorter","Relic Stats","Replay The Spire","Spire Arcade","Spire Birthday Party","StSLib","SuperFastMode","Unceasing Turn Reminder"],"gold_per_floor":[109,121,133,46,46,81,81,81,81,81,95,95,153,153,167,196,196,196,196,196],"floor_reached":18,"language":"ENG","playtime":624,"items_purged":[],"score":126,"play_id":"8b0c5c7c-3d98-4f45-8684-74772f1d5f31","local_time":"20210210145514","is_ascension_mode":true,"campfire_choices":[{"data":"sneckomod:Rotation","floor":10,"key":"SMITH"},{"data":"sneckomod:TailWhip","floor":12,"key":"SMITH"},{"floor":17,"key":"REST"}],"circlet_count":0,"master_deck":["sneckomod:Strike","sneckomod:Strike","sneckomod:Strike","sneckomod:Defend","sneckomod:Defend","sneckomod:Defend","sneckomod:TailWhip+1","sneckomod:SnekBite","sneckomod:Unknown","sneckomod:Unknown","sneckomod:UnknownDraw","sneckomod:Rotation+1","sneckomod:Unknown0Cost","sneckomod:UnendingSupply","sneckomod:Unknown0Cost","sneckomod:UnknownX","sneckomod:UnknownStrength","bronze:SpaghettiCode"],"relics":["sneckomod:SneckoSoul","ReplayTheSpireMod:Ninjato","m_SnakeBloodCore","ReplayTheSpireMod:Shallot","Replay:Bottled Steam","Replay:Ringing Soul","Nunchaku"],"acts_visited":["Exordium"],"potions_floor_usage":[],"damage_taken":[{"damage":0,"enemies":"Cultist","floor":1,"turns":3},{"damage":1,"enemies":"2 Louse","floor":2,"turns":3},{"damage":1,"enemies":"Jaw Worm","floor":3,"turns":3},{"damage":0,"enemies":"downfall:FleeingMerchant","floor":4,"turns":4},{"damage":8,"enemies":"Lagavulin","floor":6,"turns":4},{"damage":0,"enemies":"3 Louse","floor":11,"turns":3},{"damage":27,"enemies":"3 Sentries","floor":13,"turns":7},{"damage":10,"enemies":"Blue Slaver","floor":15,"turns":3},{"damage":17,"enemies":"Gremlin Nob","floor":16,"turns":3},{"damage":50,"enemies":"IC_STATUS_ARCHETYPE","floor":18,"turns":8}],"seed_played":"-8739085913926999029","potions_obtained":[{"floor":3,"key":"Dexterity Potion"},{"floor":11,"key":"Guardian:BlockOnCardUsePotion"},{"floor":13,"key":"ColorlessPotion"}],"is_trial":false,"path_per_floor":["M","M","M","$","?","E","PTL","PTL","T","R","M","R","?","R","M","E","R","B"],"character_chosen":"THE_SNECKO","items_purchased":["sneckomod:UnendingSupply"],"campfire_rested":1,"item_purchase_floors":[4],"current_hp_per_floor":[63,62,61,61,61,56,56,56,56,56,59,59,38,41,34,20,48,0,0,0],"gold":196,"neow_bonus":"ONE_RARE_RELIC","is_daily":false,"chose_seed":false,"campfire_upgraded":2,"win_rate":0.0,"timestamp":1612965314,"path_taken":["M","M","?","$","?","E","PTL","PTL","T","R","M","R","?","R","M","E","R","BOSS"],"items_purchased_type":["Card"],"build_version":"2020-12-22","purchased_purges":0,"victory":false,"max_hp_per_floor":[90,90,90,90,90,90,90,90,90,90,90,90,93,96,96,96,96,96,96,96],"relic_stats":{"Nunchaku":[0],"counters":[10,41],"obtain_stats":[{"Replay:Ringing Soul":13,"Nunchaku":16,"ReplayTheSpireMod:Ninjato":0,"m_SnakeBloodCore":5,"ReplayTheSpireMod:Shallot":6,"sneckomod:SneckoSoul":0,"Replay:Bottled Steam":9},{"Replay:Ringing Soul":7,"Nunchaku":9,"ReplayTheSpireMod:Ninjato":0,"m_SnakeBloodCore":4,"ReplayTheSpireMod:Shallot":5,"sneckomod:SneckoSoul":0,"Replay:Bottled Steam":5},{"Replay:Ringing Soul":27,"Nunchaku":33,"ReplayTheSpireMod:Ninjato":0,"m_SnakeBloodCore":13,"ReplayTheSpireMod:Shallot":17,"sneckomod:SneckoSoul":0,"Replay:Bottled Steam":17}]},"card_choices":[{"not_picked":["sneckomod:QuickMove","sneckomod:Nope"],"picked":"sneckomod:UnknownDraw","floor":1},{"not_picked":["sneckomod:WideSting","sneckomod:QuickMove"],"picked":"sneckomod:Rotation","floor":2},{"not_picked":["sneckomod:RainOfDice","sneckomod:SoulRoll"],"picked":"sneckomod:Unknown2Cost","floor":3},{"not_picked":["sneckomod:Nope","sneckomod:TrashToTreasure"],"picked":"sneckomod:Unknown0Cost","floor":4},{"not_picked":["sneckomod:Unknown1Cost","sneckomod:DiceBoulder"],"picked":"sneckomod:Unknown0Cost","floor":6},{"not_picked":["sneckomod:UnknownCommonSkill","sneckomod:Restock"],"picked":"sneckomod:UnknownX","floor":11},{"not_picked":["sneckomod:Unknown2Cost","Havoc"],"picked":"sneckomod:UnknownStrength","floor":13},{"not_picked":["sneckomod:SoulRoll","sneckomod:UnknownCommonAttack","sneckomod:QuickBite"],"picked":"SKIP","floor":15},{"not_picked":["sneckomod:UnknownDraw","Hello World","sneckomod:Unknown1Cost"],"picked":"SKIP","floor":16}],"player_experience":12992,"relics_obtained":[{"floor":6,"key":"ReplayTheSpireMod:Shallot"},{"floor":9,"key":"Replay:Bottled Steam"},{"floor":13,"key":"Replay:Ringing Soul"},{"floor":16,"key":"Nunchaku"}],"event_choices":[],"is_beta":false,"boss_relics":[],"items_purged_floors":[],"is_endless":false,"potions_floor_spawned":[3,11,13],"killed_by":"IC_STATUS_ARCHETYPE","ascension_level":1}}