{"host":"1focbxb2e8qu7ccd","time":1612973616,"event":{"mods":["AchievementEnabler","BaseMod","Bestiary","Highlight Path","Minty Spire (QoL Compilation)","Relic Stats"],"gold_per_floor":[111,111,135,27,51,87,102,146,146,16,16,36,67,83,83,83,83],"floor_reached":16,"language":"ENG","playtime":966,"items_purged":[],"score":290,"play_id":"56d56832-3c2b-446e-992d-00f9347b24fc","local_time":"20210210111336","is_ascension_mode":true,"campfire_choices":[{"data":"Crippling Poison","floor":11,"key":"SMITH"},{"data":"Survivor","floor":15,"key":"SMITH"}],"circlet_count":0,"master_deck":["AscendersBane","Strike_G","Strike_G","Strike_G","Strike_G","Strike_G","Defend_G","Defend_G","Defend_G","Defend_G","Defend_G","Survivor+1","Neutralize","Slice","Dagger Spray","Blade Dance","Noxious Fumes","Crippling Poison+1","Accuracy","Deadly Poison","Flying Knee","Deadly Poison","Blade Dance","Escape Plan"],"relics":["Ring of the Snake","NeowsBlessing","Golden Idol","Nunchaku","MealTicket","The Specimen","The Courier","Orrery","Bird Faced Urn"],"acts_visited":["Exordium"],"potions_floor_usage":[8,16],"damage_taken":[{"damage":0,"enemies":"2 Louse","floor":1,"turns":1},{"damage":0,"enemies":"Jaw Worm","floor":5,"turns":1},{"damage":0,"enemies":"3 Sentries","floor":6,"turns":1},{"damage":0,"enemies":"Cultist","floor":7,"turns":3},{"damage":10,"enemies":"Lagavulin","floor":8,"turns":8},{"damage":15,"enemies":"Exordium Thugs","floor":12,"turns":4},{"damage":19,"enemies":"3 Sentries","floor":13,"turns":4},{"damage":0,"enemies":"Large Slime","floor":14,"turns":3},{"damage":30,"enemies":"The Guardian","floor":16,"turns":6}],"seed_played":"5903633224165804917","potions_obtained":[{"floor":7,"key":"DistilledChaos"},{"floor":12,"key":"GhostInAJar"}],"is_trial":false,"path_per_floor":["M","?","T","$","M","E","M","E","T","$","R","M","E","M","R","B"],"character_chosen":"THE_SILENT","items_purchased":["Dagger Spray","Blade Dance","Orrery"],"campfire_rested":0,"item_purchase_floors":[4,4,10],"current_hp_per_floor":[59,59,59,59,59,59,59,49,49,60,60,45,26,28,28,0,0],"gold":83,"neow_bonus":"THREE_ENEMY_KILL","is_daily":false,"chose_seed":false,"campfire_upgraded":2,"win_rate":0.0,"timestamp":1612973616,"path_taken":["M","?","?","?","M","E","M","E","T","$","R","M","E","?","R","BOSS"],"items_purchased_type":["Card","Card","Relic"],"build_version":"2020-12-22","purchased_purges":0,"victory":false,"max_hp_per_floor":[66,60,60,60,60,60,60,60,60,60,60,60,60,60,60,60,60],"relic_stats":{"Nunchaku":[6],"counters":[9,31],"Golden Idol":37,"Bird Faced Urn":[4],"MealTicket":11,"obtain_stats":[{"Nunchaku":3,"NeowsBlessing":0,"The Specimen":8,"Golden Idol":2,"Bird Faced Urn":13,"Orrery":10,"MealTicket":6,"The Courier":9,"Ring of the Snake":0},{"Nunchaku":1,"NeowsBlessing":0,"The Specimen":5,"Golden Idol":1,"Bird Faced Urn":7,"Orrery":5,"MealTicket":3,"The Courier":5,"Ring of the Snake":0},{"Nunchaku":1,"NeowsBlessing":0,"The Specimen":14,"Golden Idol":1,"Bird Faced Urn":22,"Orrery":14,"MealTicket":3,"The Courier":14,"Ring of the Snake":0}],"Ring of the Snake":[18]},"card_choices":[{"not_picked":["PiercingWail","Expertise"],"picked":"Slice","floor":1},{"not_picked":["Prepared","PiercingWail"],"picked":"Noxious Fumes","floor":5},{"not_picked":["PiercingWail","Dodge and Roll"],"picked":"Crippling Poison","floor":6},{"not_picked":["Dagger Spray","Slice"],"picked":"Accuracy","floor":7},{"not_picked":["Dodge and Roll","Underhanded Strike","Unload"],"picked":"SKIP","floor":8},{"not_picked":["Prepared","Deflect"],"picked":"Deadly Poison","floor":10},{"not_picked":["Dagger Spray","Phantasmal Killer"],"picked":"Flying Knee","floor":10},{"not_picked":["Finisher","Underhanded Strike"],"picked":"Deadly Poison","floor":12},{"not_picked":["Deflect","Sucker Punch"],"picked":"Blade Dance","floor":13},{"not_picked":["Cloak And Dagger","Acrobatics"],"picked":"Escape Plan","floor":14}],"player_experience":923281,"relics_obtained":[{"floor":3,"key":"Nunchaku"},{"floor":6,"key":"MealTicket"},{"floor":8,"key":"The Specimen"},{"floor":9,"key":"The Courier"},{"floor":13,"key":"Bird Faced Urn"}],"event_choices":[{"damage_healed":0,"gold_gain":0,"player_choice":"Lose Max HP","damage_taken":0,"relics_obtained":["Golden Idol"],"max_hp_gain":0,"max_hp_loss":6,"event_name":"Golden Idol","floor":2,"gold_loss":0}],"is_beta":false,"boss_relics":[],"items_purged_floors":[],"is_endless":false,"potions_floor_spawned":[7,12],"killed_by":"The Guardian","ascension_level":20}}