{"host":"r428wgyz1934czl7","time":1612960293,"event":{"mods":["100% Spire Juice","2.2 Compatiblity","Act Like it!","Aspiration","Bard","BaseMod","Beaked The Cultist","Bestiary","Better Altar","Better Match","Better Note","Better Sensory Stone","Better Skull","Better Third Choice","CCEM2","CapriCore","Conspire","Displayed Cursed Tome","Duelist Mod","Elementarium","Gensokyo","GifTheSpireLib","Hubris","Infinite Spire","Jedi Mod","Jorbs\u0027s Wanderer Trilogy","Menagerie","Minty Spire (QoL Compilation)","Permanent Neow","Prisma Mod","Reliquary","Replay The Spire","Robot Space Explorer","Spicy Shops","Spire Arcade","StSLib","Stuff the Spire","The Alterego","The Animator","The Dragon Tamer","The Gatherer","The Immortal","The Marked","The Poker Player","WarShipGirlsR/??¤Ö¤kR mod"],"gold_per_floor":[112,112,123,137,152,187,40,40,40,40,55,84,96,128,128,226,226,238,313,313,333,353,353,16,42,54,66,78,103,115,139,151,163,163],"floor_reached":33,"language":"ENG","playtime":1619,"items_purged":["Gatherer:Strike_Gatherer","Gatherer:Strike_Gatherer"],"score":312,"play_id":"01edf30e-67aa-45ed-8aae-0407e9fc7339","local_time":"20210210203133","is_ascension_mode":false,"metric_token":2897,"campfire_choices":[{"data":"Gatherer:Centralize","floor":8,"key":"SMITH"},{"floor":10,"key":"REST"},{"data":"Gatherer:MiningStrike","floor":15,"key":"SMITH"},{"data":"Gatherer:Bulldoze","floor":23,"key":"SMITH"},{"floor":28,"key":"REST"},{"floor":30,"key":"REST"}],"circlet_count":0,"master_deck":["Gatherer:Strike_Gatherer","Gatherer:Strike_Gatherer","Gatherer:Strike_Gatherer","Gatherer:Defend_Gatherer","Gatherer:Defend_Gatherer","Gatherer:Defend_Gatherer","Gatherer:Centralize+1","Gatherer:FlowerWhip+2","Gatherer:Nutrients","Gatherer:FragileHammer","Gatherer:MiningStrike+1","Gatherer:Snatch","Gatherer:Enchant","Gatherer:MiningStrike","Gatherer:Transmute","Gatherer:BambuSword","Gatherer:FlamingBottle+1","Gatherer:Bulldoze+1","Gatherer:TacticalStrike","Gatherer:RottenStipe","Gatherer:WitheringStrike","Gatherer:FlowerFalling+1"],"relics":["Gatherer:AlchemyBag","infinitespire:Golems Mask","jedi:arcanewood","reliquary:RedPaperclip","Blue Doll","MawBank"],"acts_visited":["Exordium","TheCity"],"potions_floor_usage":[6,16],"damage_taken":[{"damage":1,"enemies":"Jaw Worm","floor":1,"turns":3},{"damage":1,"enemies":"Cultist","floor":3,"turns":4},{"damage":3,"enemies":"Small Slimes","floor":4,"turns":3},{"damage":2,"enemies":"Looter","floor":5,"turns":4},{"damage":17,"enemies":"Lagavulin","floor":6,"turns":7},{"damage":3,"enemies":"Exordium Wildlife","floor":11,"turns":2},{"damage":0,"enemies":"Gremlin Nob","floor":12,"turns":2},{"damage":0,"enemies":"2 Fungi Beasts","floor":13,"turns":1},{"damage":9,"enemies":"Replay:BlueRogue","floor":14,"turns":3},{"damage":44,"enemies":"Slime Boss","floor":16,"turns":8},{"damage":1,"enemies":"conspire:FuzzyDice","floor":18,"turns":5},{"damage":4,"enemies":"Shell Parasite","floor":21,"turns":3},{"damage":14,"enemies":"3 Cultists","floor":22,"turns":4},{"damage":41,"enemies":"Nightmare","floor":25,"turns":6},{"damage":16,"enemies":"Shelled Parasite and Fungi","floor":29,"turns":4},{"damage":10,"enemies":"Snake Plant","floor":31,"turns":3},{"damage":46,"enemies":"Collector","floor":33,"turns":7}],"seed_played":"2138985187015411355","potions_obtained":[{"floor":3,"key":"Dexterity Potion"},{"floor":5,"key":"Poison Potion"},{"floor":6,"key":"BlessingOfTheForge"},{"floor":11,"key":"FearPotion"},{"floor":13,"key":"BloodPotion"},{"floor":18,"key":"Explosive Potion"},{"floor":21,"key":"Doom Potion"}],"is_trial":false,"path_per_floor":["M","?","M","M","M","E","$","R","T","R","M","E","M","E","R","B",null,"M","?","?","M","M","R","$","NM","T","?","R","M","R","M","R","B"],"character_chosen":"THE_GATHERER","items_purchased":["Gatherer:MiningStrike","Blue Doll","Gatherer:WitheringStrike"],"campfire_rested":3,"item_purchase_floors":[7,24,24],"current_hp_per_floor":[71,71,70,67,65,48,48,48,48,69,66,66,66,57,57,27,72,71,64,64,60,46,46,46,5,5,5,26,10,31,21,42,0,0],"gold":163,"neow_bonus":"RANDOM_EVENT","is_daily":false,"chose_seed":false,"campfire_upgraded":3,"win_rate":0.0,"timestamp":1612960293,"path_taken":["M","?","?","M","M","E","$","R","T","R","M","E","?","E","R","BOSS","M","?","?","M","?","R","$","NM","T","?","R","M","?","M","R","BOSS"],"items_purchased_type":["Card","Relic","Card"],"build_version":"2020-12-22","purchased_purges":2,"victory":false,"max_hp_per_floor":[72,72,72,72,72,72,72,72,72,72,72,72,72,72,72,72,72,72,72,72,72,72,72,72,72,72,72,72,72,72,72,72,72,72],"card_choices":[{"not_picked":["Gatherer:AcidicSpray","Gatherer:SmartManeuver"],"picked":"Gatherer:Nutrients","floor":1},{"not_picked":["Gatherer:CollectorsShot","Gatherer:WoolGloves"],"picked":"Gatherer:FragileHammer","floor":3},{"not_picked":["Gatherer:Transmute","Gatherer:Liquidism"],"picked":"Gatherer:MiningStrike","floor":4},{"not_picked":["Gatherer:AlchemyTrial","Gatherer:SaveValuables"],"picked":"Gatherer:Snatch","floor":5},{"not_picked":["Gatherer:Pollute","Gatherer:GatherMaterial"],"picked":"Gatherer:Enchant","floor":6},{"not_picked":["Gatherer:Herbalism","Gatherer:Polymorphism"],"picked":"Gatherer:Transmute","floor":11},{"not_picked":["Gatherer:PotentialSlash","Gatherer:CollectorsShot","Gatherer:AromaProtection"],"picked":"SKIP","floor":12},{"not_picked":["Gatherer:BigPouch","Gatherer:CollectorsShot"],"picked":"Gatherer:BambuSword","floor":13},{"not_picked":["Gatherer:EchoOfNature","Gatherer:Uplift"],"picked":"Gatherer:FlamingBottle","floor":14},{"not_picked":["Gatherer:ScrollOfPurity","Gatherer:Examine"],"picked":"Gatherer:Bulldoze","floor":16},{"not_picked":["Gatherer:Liquidism+1","Gatherer:ScentOfRosmari"],"picked":"Gatherer:TacticalStrike","floor":18},{"not_picked":["Gatherer:TreeGrowth+1","Gatherer:RecoveryHerb"],"picked":"Gatherer:RottenStipe","floor":21},{"not_picked":["Gatherer:SmartManeuver","Gatherer:FlowerFalling","Gatherer:TreeGrowth"],"picked":"SKIP","floor":22},{"not_picked":["Gatherer:BalancedGrowth","Gatherer:FlowerShield","Gatherer:Photoscythe"],"picked":"SKIP","floor":25},{"not_picked":["Gatherer:SmartManeuver+1","Gatherer:Herbalism"],"picked":"Gatherer:FlowerFalling+1","floor":29},{"not_picked":["Gatherer:TreeGrowth","Gatherer:WitheringStrike","Gatherer:DrugPower"],"picked":"SKIP","floor":31}],"player_experience":192178,"relics_obtained":[{"floor":6,"key":"reliquary:Boomerang"},{"floor":9,"key":"hubris:SphereOfDissonance"},{"floor":12,"key":"infinitespire:Golems Mask"},{"floor":14,"key":"jedi:arcanewood"},{"floor":25,"key":"MawBank"}],"event_choices":[{"cards_removed":["Gatherer:Defend_Gatherer"],"damage_healed":0,"gold_gain":0,"player_choice":"Purged","damage_taken":0,"max_hp_gain":0,"max_hp_loss":0,"event_name":"Purifier","floor":2,"gold_loss":0},{"damage_healed":0,"gold_gain":75,"player_choice":"Touch","damage_taken":7,"max_hp_gain":0,"max_hp_loss":0,"event_name":"FaceTrader","floor":19,"gold_loss":0},{"damage_healed":0,"gold_gain":0,"player_choice":"Ignored","damage_taken":0,"max_hp_gain":0,"max_hp_loss":0,"event_name":"N\u0027loth","floor":20,"gold_loss":0},{"cards_removed":["Gatherer:Defend_Gatherer"],"damage_healed":0,"gold_gain":0,"player_choice":"Purged","damage_taken":0,"max_hp_gain":0,"max_hp_loss":0,"event_name":"Purifier","floor":27,"gold_loss":0}],"is_beta":false,"boss_relics":[{"not_picked":["hubris:VirtuousBlindfold","Ectoplasm"],"picked":"reliquary:RedPaperclip"}],"items_purged_floors":[7,24],"is_endless":false,"potions_floor_spawned":[3,5,6,11,13,18,21,25,31],"killed_by":"Collector","ascension_level":0}}