{"host":"vfg9szunmpjwj08o","time":1612952971,"event":{"mods":["Act Like it!","BaseMod","BetterRewards","Bossed Relics","Challenge The Spire","Colored Map","Colored Powertips","Dark Map","Highlight Path","Minty Spire (QoL Compilation)","Quick Restart","Relic Stats","StSLib","Waifu the Spire","everything is the same but u backflip on backflip"],"gold_per_floor":[111,122,135,85,62,103,178,178,201,201,94,109,152,180,180,180,180],"floor_reached":16,"language":"ENG","playtime":523,"items_purged":["Strike_P"],"score":278,"play_id":"38406590-4d34-4997-a122-eb4ce61a7b7e","local_time":"20210210112931","is_ascension_mode":true,"campfire_choices":[{"data":"Eruption","floor":8.0,"key":"SMITH"},{"data":"ConjureBlade","floor":15,"key":"SMITH"}],"circlet_count":0,"master_deck":["AscendersBane","Strike_P","Strike_P","Defend_P","Defend_P","Defend_P","Defend_P","Eruption+1","Vigilance","MentalFortress","Tantrum","Meditate","EmptyMind","PathToVictory","ConjureBlade+1","MentalFortress","FlurryOfBlows","EmptyBody","Vault"],"relics":["PureWater","CaptainsWheel","CeramicFish","Happy Flower","Yang"],"acts_visited":["Exordium"],"potions_floor_usage":[16],"damage_taken":[{"damage":3.0,"enemies":"2 Louse","floor":1.0,"turns":3.0},{"damage":0.0,"enemies":"Small Slimes","floor":2.0,"turns":2.0},{"damage":4.0,"enemies":"Jaw Worm","floor":3.0,"turns":3.0},{"damage":0.0,"enemies":"Lagavulin","floor":6.0,"turns":3.0},{"damage":3,"enemies":"Blue Slaver","floor":12,"turns":2},{"damage":15,"enemies":"3 Sentries","floor":13,"turns":5},{"damage":11,"enemies":"Gremlin Gang","floor":14,"turns":5},{"damage":36,"enemies":"The Guardian","floor":16,"turns":2}],"seed_played":"-2395291048905375318","potions_obtained":[{"floor":1.0,"key":"SteroidPotion"},{"floor":2.0,"key":"DistilledChaos"},{"floor":3.0,"key":"StancePotion"},{"floor":14,"key":"CultistPotion"}],"is_trial":false,"path_per_floor":["M","M","M","?","$","E","?","R","T","T","$","M","E","M","R","B"],"character_chosen":"WATCHER","items_purchased":["MentalFortress","Tantrum","PathToVictory","MentalFortress","FlurryOfBlows"],"campfire_rested":0,"item_purchase_floors":[0,0,5,11,11],"current_hp_per_floor":[47,47,43,43,43,43,32,32,32,32,32,29,14,3,3,0,0],"gold":180,"neow_bonus":"","is_daily":false,"chose_seed":false,"campfire_upgraded":2,"win_rate":0.0,"timestamp":1612952971,"path_taken":["M","M","M","?","$","E","?","R","T","?","$","M","E","M","R","BOSS"],"items_purchased_type":["Card","Card","Card","Card","Card"],"build_version":"2020-12-22","purchased_purges":1,"victory":false,"max_hp_per_floor":[72,72,72,72,72,72,72,72,72,72,72,72,72,72,72,72,72],"relic_stats":{"Happy Flower":[4],"counters":[26,98],"CeramicFish":45,"Yang":[11],"obtain_stats":[{"Lee\u0027s Waffle":21,"Lantern":43,"NeowsBlessing":0,"Gremlin Horn":13,"Happy Flower":9,"CeramicFish":6,"Enchiridion":28,"Yang":13,"Juzu Bracelet":9,"War Paint":8,"Orichalcum":25,"PrismaticShard":37,"CaptainsWheel":0,"Bronze Scales":6,"Pandora\u0027s Box":34,"Fusion Hammer":17,"Art of War":23,"PureWater":0},{"Lee\u0027s Waffle":8,"Lantern":17,"NeowsBlessing":0,"Gremlin Horn":5,"Happy Flower":22,"CeramicFish":22,"Enchiridion":10,"Yang":24,"Juzu Bracelet":4,"War Paint":4,"Orichalcum":10,"PrismaticShard":15,"CaptainsWheel":18,"Bronze Scales":3,"Pandora\u0027s Box":14,"Fusion Hammer":6,"Art of War":9,"PureWater":0},{"Lee\u0027s Waffle":28,"Lantern":67,"NeowsBlessing":0,"Gremlin Horn":14,"Happy Flower":84,"CeramicFish":84,"Enchiridion":37,"Yang":91,"Juzu Bracelet":8,"War Paint":8,"Orichalcum":37,"PrismaticShard":59,"CaptainsWheel":73,"Bronze Scales":4,"Pandora\u0027s Box":56,"Fusion Hammer":21,"Art of War":33,"PureWater":0}]},"card_choices":[{"not_picked":["BowlingBash","WindmillStrike"],"picked":"Meditate","floor":1.0},{"not_picked":["Weave","ThirdEye","SignatureMove"],"picked":"SKIP","floor":2.0},{"not_picked":["Crescendo","SashWhip"],"picked":"EmptyMind","floor":3.0},{"not_picked":["LikeWater","EmptyMind"],"picked":"ConjureBlade","floor":6.0},{"not_picked":["Crescendo","Halt","Protect"],"picked":"SKIP","floor":12},{"not_picked":["EmptyFist","SashWhip"],"picked":"EmptyBody","floor":13},{"not_picked":["CrushJoints","CutThroughFate"],"picked":"Vault","floor":14}],"player_experience":1105026,"relics_obtained":[{"floor":6.0,"key":"CeramicFish"},{"floor":9.0,"key":"Happy Flower"},{"floor":13,"key":"Yang"}],"event_choices":[{"cards_removed":["Strike_P"],"damage_healed":0.0,"max_hp_gain":0.0,"max_hp_loss":0.0,"gold_gain":0.0,"event_name":"The Cleric","player_choice":"Card Removal","floor":4.0,"gold_loss":50.0,"damage_taken":0.0},{"damage_healed":0.0,"max_hp_gain":0.0,"max_hp_loss":0.0,"gold_gain":75.0,"event_name":"World of Goop","player_choice":"Gather Gold","floor":7.0,"gold_loss":0.0,"damage_taken":11.0}],"is_beta":false,"boss_relics":[],"items_purged_floors":[0],"is_endless":false,"potions_floor_spawned":[1,2,3,14],"killed_by":"The Guardian","ascension_level":10}}