{"host":"1vy6j31128f61x2z","time":1612923651,"event":{"mods":["AchievementEnabler","BaseMod","Colored Powertips","Minty Spire (QoL Compilation)","Permanent Neow"],"gold_per_floor":[114,64,79,79,254,254,282,282,308,318,353,353,369,397,397,496,496,515,530,261,176,192,192,227,102,102,128,153,153,166,197,197,299,299,319,17,32,49,49,49,60,60,60,60,110,110,136,136,136,136],"floor_reached":51,"language":"ENG","playtime":1728,"items_purged":["Doubt"],"score":921,"play_id":"537b3e44-26eb-4e7c-bd12-4a9d47816d03","local_time":"20210209212051","is_ascension_mode":true,"campfire_choices":[{"data":"Bash","floor":6.0,"key":"SMITH"},{"data":"Evolve","floor":8.0,"key":"SMITH"},{"data":"Power Through","floor":12.0,"key":"SMITH"},{"data":"1","floor":15.0,"key":"LIFT"},{"data":"2","floor":23.0,"key":"LIFT"},{"data":"3","floor":29.0,"key":"LIFT"},{"floor":32.0,"key":"REST"},{"data":"Seeing Red","floor":40.0,"key":"SMITH"},{"data":"Heavy Blade","floor":42.0,"key":"SMITH"},{"data":"Heavy Blade","floor":44.0,"key":"SMITH"},{"floor":46.0,"key":"DIG"},{"floor":49.0,"key":"DIG"}],"circlet_count":0,"master_deck":["Strike_R","Strike_R","Strike_R","Strike_R","Defend_R","Defend_R","Defend_R","Defend_R","Bash+1","Immolate+1","Evolve+1","Clothesline","Seeing Red+1","Power Through+1","Twin Strike","Demon Form+1","Berserk+1","Wild Strike","Hemokinesis+1","Heavy Blade+1","Inflame+1","Inflame+1","Twin Strike+1","Impervious","Heavy Blade+1","Double Tap","CurseOfTheBell","Seeing Red+1","Wild Strike+1"],"relics":["Burning Blood","Frozen Egg 2","Bag of Preparation","Juzu Bracelet","Girya","SlaversCollar","Lee\u0027s Waffle","Magic Flower","Shovel","Dream Catcher","Red Mask","Potion Belt","Regal Pillow","Calling Bell","Omamori","Self Forming Clay","Mango","Brimstone","Vajra","StoneCalendar","Sundial","FossilizedHelix","Du-Vu Doll","Nunchaku","Mercury Hourglass"],"acts_visited":["Exordium","TheCity","TheBeyond"],"potions_floor_usage":[50,50,50,50,50],"damage_taken":[{"damage":7.0,"enemies":"Jaw Worm","floor":1.0,"turns":3.0},{"damage":0.0,"enemies":"2 Louse","floor":3.0,"turns":1.0},{"damage":14.0,"enemies":"Gremlin Nob","floor":7.0,"turns":3.0},{"damage":0.0,"enemies":"Small Slimes","floor":10.0,"turns":1.0},{"damage":18.0,"enemies":"Lagavulin","floor":11.0,"turns":6.0},{"damage":0.0,"enemies":"Exordium Wildlife","floor":13.0,"turns":2.0},{"damage":4.0,"enemies":"3 Sentries","floor":14.0,"turns":5.0},{"damage":28.0,"enemies":"Hexaghost","floor":16.0,"turns":6.0},{"damage":19.0,"enemies":"2 Thieves","floor":18.0,"turns":4.0},{"damage":16.0,"enemies":"Shell Parasite","floor":19.0,"turns":4.0},{"damage":33.0,"enemies":"Centurion and Healer","floor":22.0,"turns":6.0},{"damage":24.0,"enemies":"Slavers","floor":24.0,"turns":4.0},{"damage":0.0,"enemies":"Masked Bandits","floor":27.0,"turns":2.0},{"damage":18.0,"enemies":"Book of Stabbing","floor":28.0,"turns":3.0},{"damage":18.0,"enemies":"Shelled Parasite and Fungi","floor":30.0,"turns":4.0},{"damage":25.0,"enemies":"Gremlin Leader","floor":31.0,"turns":4.0},{"damage":21.0,"enemies":"Collector","floor":33.0,"turns":6.0},{"damage":0.0,"enemies":"3 Darklings","floor":35.0,"turns":1.0},{"damage":7.0,"enemies":"Orb Walker","floor":37.0,"turns":2.0},{"damage":8.0,"enemies":"4 Shapes","floor":38.0,"turns":1.0},{"damage":24.0,"enemies":"Maw","floor":41.0,"turns":6.0},{"damage":0.0,"enemies":"Mind Bloom Boss Battle","floor":45.0,"turns":2.0},{"damage":25.0,"enemies":"Giant Head","floor":47.0,"turns":6.0},{"damage":70,"enemies":"Awakened One","floor":50,"turns":6}],"seed_played":"2228165282721774493","potions_obtained":[{"floor":1.0,"key":"HeartOfIron"},{"floor":3.0,"key":"GamblersBrew"},{"floor":13.0,"key":"SpeedPotion"},{"floor":22.0,"key":"FearPotion"},{"floor":28.0,"key":"BlessingOfTheForge"},{"floor":30.0,"key":"GamblersBrew"},{"floor":31.0,"key":"Ancient Potion"},{"floor":37.0,"key":"Explosive Potion"},{"floor":45.0,"key":"EssenceOfSteel"}],"is_trial":false,"path_per_floor":["M","?","M","?","?","R","E","R","T","M","E","R","M","E","R","B",null,"M","M","$","?","M","R","E","$","T","?","E","R","M","E","R","B",null,"M","$","M","M","?","R","M","R","T","R","?","R","E","?","R","B",null],"character_chosen":"IRONCLAD","items_purchased":["Lee\u0027s Waffle","Wild Strike","Heavy Blade","Inflame+1","Brimstone","Vajra"],"campfire_rested":1,"item_purchase_floors":[20,20,25,25,36,36],"current_hp_per_floor":[79,79,80,80,80,80,72,72,72,78,66,66,72,74,74,52,80,67,57,87,87,63,63,48,48,48,57,48,48,39,23,64,52,101,101,101,101,101,101,101,86,86,86,86,95,95,79,79,79,18],"gold":136,"neow_bonus":"ONE_RANDOM_RARE_CARD","is_daily":false,"chose_seed":false,"campfire_upgraded":6,"win_rate":0.0,"timestamp":1612923651,"path_taken":["M","?","M","?","?","R","E","R","T","M","E","R","M","E","R","BOSS","M","M","$","?","M","R","E","$","T","?","E","R","M","E","R","BOSS","M","$","M","M","?","R","M","R","T","R","?","R","E","?","R","BOSS"],"items_purchased_type":["Relic","Card","Card","Card","Relic","Relic"],"build_version":"2020-12-22","purchased_purges":1,"victory":true,"max_hp_per_floor":[80,80,80,80,80,80,80,80,80,80,80,80,80,80,80,80,80,80,80,87,87,87,87,87,87,87,87,87,87,87,87,87,87,101,101,101,101,101,101,101,101,101,101,101,101,101,101,101,101,101],"card_choices":[{"not_picked":["Cleave","Spot Weakness"],"picked":"Evolve","floor":1.0},{"not_picked":["Combust","Flex"],"picked":"Clothesline","floor":3.0},{"not_picked":["Havoc","Dropkick"],"picked":"Seeing Red","floor":7.0},{"not_picked":["Flame Barrier","True Grit"],"picked":"Power Through","floor":10.0},{"not_picked":["Armaments","Intimidate"],"picked":"Twin Strike","floor":11.0},{"not_picked":["Body Slam","Thunderclap","Flex"],"picked":"SKIP","floor":13.0},{"not_picked":["Clash","Power Through"],"picked":"Demon Form+1","floor":14.0},{"not_picked":["Exhume","Barricade+1"],"picked":"Berserk+1","floor":16.0},{"not_picked":["Heavy Blade","Infernal Blade","Headbutt"],"picked":"SKIP","floor":18.0},{"not_picked":["Dual Wield","Clothesline","Sentinel+1"],"picked":"SKIP","floor":19.0},{"not_picked":["Anger+1","Iron Wave"],"picked":"Hemokinesis+1","floor":22.0},{"not_picked":["Sever Soul+1","Body Slam","Intimidate"],"picked":"SKIP","floor":24.0},{"not_picked":["Dropkick","Anger"],"picked":"Inflame+1","floor":28.0},{"not_picked":["Burning Pact","Second Wind"],"picked":"Twin Strike+1","floor":30.0},{"not_picked":["Headbutt","Iron Wave"],"picked":"Impervious","floor":31.0},{"not_picked":["Perfected Strike","Wild Strike"],"picked":"Heavy Blade","floor":32.0},{"not_picked":["Demon Form+1","Reaper"],"picked":"Double Tap","floor":33.0},{"not_picked":["Sentinel","Headbutt+1","Fiend Fire"],"picked":"SKIP","floor":35.0},{"not_picked":["Headbutt+1","Twin Strike","Dropkick"],"picked":"SKIP","floor":37.0},{"not_picked":["Combust+1","Hemokinesis+1","Pommel Strike+1"],"picked":"SKIP","floor":38.0},{"not_picked":["Warcry+1","Wild Strike"],"picked":"Seeing Red+1","floor":41.0},{"not_picked":["Cleave+1","Perfected Strike+1"],"picked":"Wild Strike+1","floor":47.0}],"player_experience":28586,"relics_obtained":[{"floor":7.0,"key":"Frozen Egg 2"},{"floor":9.0,"key":"Bag of Preparation"},{"floor":11.0,"key":"Juzu Bracelet"},{"floor":14.0,"key":"Girya"},{"floor":24.0,"key":"Shovel"},{"floor":26.0,"key":"Dream Catcher"},{"floor":27.0,"key":"Red Mask"},{"floor":28.0,"key":"Potion Belt"},{"floor":31.0,"key":"Regal Pillow"},{"floor":34.0,"key":"Omamori"},{"floor":34.0,"key":"Self Forming Clay"},{"floor":34.0,"key":"Mango"},{"floor":43.0,"key":"Sundial"},{"floor":45.0,"key":"FossilizedHelix"},{"floor":46.0,"key":"Du-Vu Doll"},{"floor":47.0,"key":"Nunchaku"},{"floor":49.0,"key":"Mercury Hourglass"}],"event_choices":[{"cards_removed":["Strike_R"],"damage_healed":0.0,"max_hp_gain":0.0,"max_hp_loss":0.0,"gold_gain":0.0,"event_name":"The Cleric","player_choice":"Card Removal","floor":2.0,"gold_loss":50.0,"damage_taken":0.0},{"damage_healed":0.0,"max_hp_gain":0.0,"max_hp_loss":0.0,"gold_gain":0.0,"event_name":"Living Wall","player_choice":"Grow","floor":4.0,"gold_loss":0.0,"damage_taken":0.0,"cards_upgraded":["Immolate"]},{"damage_healed":0.0,"max_hp_gain":0.0,"max_hp_loss":0.0,"gold_gain":175.0,"event_name":"Liars Game","player_choice":"AGREE","floor":5.0,"gold_loss":0.0,"damage_taken":0.0,"cards_obtained":["Doubt"]},{"damage_healed":0.0,"max_hp_gain":0.0,"max_hp_loss":0.0,"gold_gain":0.0,"event_name":"Addict","player_choice":"Obtained Relic","floor":21.0,"gold_loss":85.0,"damage_taken":0.0,"relics_obtained":["Magic Flower"]},{"damage_healed":0.0,"max_hp_gain":0.0,"max_hp_loss":0.0,"gold_gain":0.0,"event_name":"Masked Bandits","player_choice":"Fought Bandits","floor":27.0,"gold_loss":0.0,"damage_taken":0.0},{"damage_healed":0.0,"max_hp_gain":0.0,"max_hp_loss":0.0,"gold_gain":0.0,"event_name":"WeMeetAgain","player_choice":"Gave Potion","floor":39.0,"gold_loss":0.0,"damage_taken":0.0,"relics_obtained":["StoneCalendar"]},{"damage_healed":0.0,"max_hp_gain":0.0,"max_hp_loss":0.0,"gold_gain":0.0,"event_name":"MindBloom","player_choice":"Fight","floor":45.0,"gold_loss":0.0,"damage_taken":0.0},{"damage_healed":0.0,"max_hp_gain":0.0,"max_hp_loss":0.0,"gold_gain":0.0,"event_name":"Mysterious Sphere","player_choice":"Ignored","floor":48.0,"gold_loss":0.0,"damage_taken":0.0}],"is_beta":false,"boss_relics":[{"not_picked":["Fusion Hammer","SacredBark"],"picked":"SlaversCollar"},{"not_picked":["Runic Pyramid","Black Star"],"picked":"Calling Bell"}],"items_purged_floors":[20],"is_endless":false,"potions_floor_spawned":[1,3,13,16,22,28,30,31,37,38,45],"ascension_level":2}}