{"host":"mnpd8gh7cwxsn5kh","time":1612969542,"event":{"mods":["BaseMod","Bestiary","Block Reminder","Colored Map","Colored Powertips","Highlight Path","Minty Spire (QoL Compilation)","Relic Sorter","Relic Stats"],"gold_per_floor":[111,111,131,131,155,155,198,198,225,400,475,488,31,54,54,147,147,160,160,75,75,94,94,127,140,140,140,181,90,104,120,120,211,211,226,226,242,262,4,4,24,67,67,100,100,5,23,46,46,46],"floor_reached":51,"language":"ENG","playtime":4929,"items_purged":["Doubt","Dropkick","Strike_R+1"],"score":1266,"play_id":"54eec35f-efd5-4cad-9451-411b8f6dd0fd","local_time":"20210210160542","is_ascension_mode":true,"campfire_choices":[{"data":"Iron Wave","floor":6,"key":"SMITH"},{"data":"Cleave","floor":8,"key":"SMITH"},{"data":"Uppercut","floor":15,"key":"SMITH"},{"data":"Feed","floor":23,"key":"SMITH"},{"data":"Uppercut","floor":27,"key":"SMITH"},{"floor":32,"key":"DIG"},{"data":"Fire Breathing","floor":40,"key":"SMITH"},{"data":"Body Slam","floor":49,"key":"SMITH"}],"circlet_count":0,"master_deck":["AscendersBane","Strike_R+1","Strike_R+1","Defend_R+1","Defend_R+1","Defend_R+1","Bash+1","Iron Wave+1","Cleave+1","True Grit+1","Shrug It Off+1","Uppercut+1","Headbutt","Twin Strike","Feed+1","Fire Breathing+1","Carnage","Uppercut+1","Warcry+1","Barricade+1","Evolve+1","True Grit+1","Shrug It Off+1","Corruption+1","Dual Wield+1","Power Through+1","Fire Breathing+1","Dark Embrace+1","Shockwave+1","Iron Wave+1","Headbutt+1","Metallicize+1","Flame Barrier+1","Shockwave+1","Body Slam+1","Clothesline+1","Second Wind+1"],"relics":["Burning Blood","Lantern","Golden Idol","Toxic Egg 2","Dream Catcher","Membership Card","Meat on the Bone","Bag of Preparation","Mark of Pain","FossilizedHelix","Shuriken","Frozen Egg 2","Shovel","Smiling Mask","Snecko Eye","Vajra","Orrery","Lizard Tail","Anchor","War Paint"],"acts_visited":["Exordium","TheCity","TheBeyond"],"potions_floor_usage":[16,33,37,50],"damage_taken":[{"damage":9,"enemies":"2 Louse","floor":1,"turns":3},{"damage":7,"enemies":"Jaw Worm","floor":3,"turns":2},{"damage":2,"enemies":"Small Slimes","floor":5,"turns":3},{"damage":48,"enemies":"3 Sentries","floor":7,"turns":11},{"damage":8,"enemies":"Blue Slaver","floor":12,"turns":5},{"damage":0,"enemies":"3 Louse","floor":14,"turns":3},{"damage":10,"enemies":"Hexaghost","floor":16,"turns":13},{"damage":7,"enemies":"Chosen","floor":18,"turns":4},{"damage":0,"enemies":"Spheric Guardian","floor":22,"turns":3},{"damage":25,"enemies":"Slavers","floor":24,"turns":7},{"damage":9,"enemies":"Centurion and Healer","floor":25,"turns":8},{"damage":0,"enemies":"Gremlin Leader","floor":28,"turns":5},{"damage":0,"enemies":"Snecko","floor":30,"turns":4},{"damage":0,"enemies":"3 Cultists","floor":31,"turns":5},{"damage":77,"enemies":"Champ","floor":33,"turns":16},{"damage":0,"enemies":"3 Shapes","floor":35,"turns":5},{"damage":9,"enemies":"3 Darklings","floor":37,"turns":6},{"damage":6,"enemies":"Spire Growth","floor":38,"turns":6},{"damage":0,"enemies":"Sphere and 2 Shapes","floor":41,"turns":4},{"damage":6,"enemies":"Reptomancer","floor":42,"turns":8},{"damage":17,"enemies":"Nemesis","floor":44,"turns":9},{"damage":8,"enemies":"4 Shapes","floor":47,"turns":3},{"damage":0,"enemies":"Jaw Worm Horde","floor":48,"turns":5},{"damage":66,"enemies":"Awakened One","floor":50,"turns":10}],"seed_played":"-2064413518928654748","potions_obtained":[{"floor":1,"key":"Strength Potion"},{"floor":18,"key":"Dexterity Potion"},{"floor":25,"key":"Fire Potion"},{"floor":30,"key":"BloodPotion"},{"floor":33,"key":"BlessingOfTheForge"},{"floor":35,"key":"SpeedPotion"},{"floor":37,"key":"Strength Potion"}],"is_trial":false,"path_per_floor":["M","?","M","?","M","R","E","R","T","?","?","M","$","M","R","B",null,"M","?","?","?","M","R","E","M","T","R","E","$","M","M","R","B",null,"M","?","M","M","$","R","M","E","T","E","?","$","M","M","R","B",null],"character_chosen":"IRONCLAD","items_purchased":["Membership Card","Meat on the Bone","Bag of Preparation","Headbutt","HeartOfIron","Evolve+1","True Grit+1","Vajra","Power Through+1","Fire Breathing+1","Orrery","Flame Barrier+1","Shockwave+1","Body Slam"],"campfire_rested":0,"item_purchase_floors":[13,13,13,13,13,29,29,39,39,39,39,46,46,46],"current_hp_per_floor":[69,66,65,65,69,69,27,27,27,27,16,14,14,32,32,40,66,65,65,65,65,71,71,52,53,53,53,63,63,73,83,83,28,78,88,88,89,93,93,93,99,99,99,88,88,88,86,96,96,48],"gold":46,"neow_bonus":"UPGRADE_CARD","is_daily":false,"chose_seed":false,"campfire_upgraded":7,"win_rate":0.0,"timestamp":1612969542,"path_taken":["M","?","M","?","M","R","E","R","T","?","?","M","$","M","R","BOSS","M","?","?","?","M","R","E","M","T","R","E","$","?","M","R","BOSS","M","?","M","?","$","R","M","E","T","E","?","$","M","M","R","BOSS"],"items_purchased_type":["Relic","Relic","Relic","Card","Potion","Card","Card","Relic","Card","Card","Relic","Card","Card","Card"],"build_version":"2020-12-22","purchased_purges":3,"victory":true,"max_hp_per_floor":[80,80,80,74,74,74,74,74,74,74,74,74,74,74,74,74,74,74,74,74,74,74,74,74,78,78,78,82,82,86,90,90,94,94,98,98,102,106,106,106,106,106,106,106,106,106,106,110,110,110],"relic_stats":{"counters":[24,148],"Golden Idol":148,"Bag of Preparation":[38],"War Paint":["True Grit"],"Smiling Mask":13,"Burning Blood":144,"Dream Catcher":0,"Lizard Tail":0,"Shovel":1,"Shuriken":[24],"Snecko Eye":[99,111,113,103],"obtain_stats":[{"Lantern":2,"Golden Idol":4,"Vajra":39,"Bag of Preparation":13,"Frozen Egg 2":26,"War Paint":44,"Smiling Mask":32,"Burning Blood":0,"Dream Catcher":9,"Lizard Tail":42,"Anchor":43,"Shovel":28,"Shuriken":24,"Snecko Eye":34,"Orrery":39,"Mark of Pain":17,"Membership Card":13,"Toxic Egg 2":7,"FossilizedHelix":20,"Meat on the Bone":13},{"Lantern":1,"Golden Idol":2,"Vajra":18,"Bag of Preparation":5,"Frozen Egg 2":11,"War Paint":21,"Smiling Mask":14,"Burning Blood":0,"Dream Catcher":4,"Lizard Tail":20,"Anchor":20,"Shovel":12,"Shuriken":10,"Snecko Eye":15,"Orrery":18,"Mark of Pain":7,"Membership Card":5,"Toxic Egg 2":4,"FossilizedHelix":8,"Meat on the Bone":5},{"Lantern":3,"Golden Idol":5,"Vajra":109,"Bag of Preparation":24,"Frozen Egg 2":62,"War Paint":130,"Smiling Mask":76,"Burning Blood":0,"Dream Catcher":19,"Lizard Tail":121,"Anchor":121,"Shovel":67,"Shuriken":54,"Snecko Eye":92,"Orrery":109,"Mark of Pain":40,"Membership Card":24,"Toxic Egg 2":19,"FossilizedHelix":44,"Meat on the Bone":24}],"Meat on the Bone":48},"card_choices":[{"not_picked":["Entrench","Perfected Strike"],"picked":"Iron Wave","floor":1},{"not_picked":["Body Slam","Heavy Blade"],"picked":"Cleave","floor":3},{"not_picked":["Body Slam","Iron Wave"],"picked":"True Grit","floor":5},{"not_picked":["Pommel Strike","Juggernaut"],"picked":"Shrug It Off+1","floor":7},{"not_picked":["Fire Breathing","Warcry+1"],"picked":"Uppercut","floor":12},{"not_picked":["Blood for Blood","Warcry+1"],"picked":"Twin Strike","floor":14},{"not_picked":["Exhume+1","Corruption"],"picked":"Feed","floor":16},{"not_picked":["Thunderclap","Headbutt+1"],"picked":"Fire Breathing","floor":18},{"not_picked":["Twin Strike","Sword Boomerang"],"picked":"Carnage","floor":22},{"not_picked":["Thunderclap","Body Slam"],"picked":"Uppercut","floor":24},{"not_picked":["Rage+1","Blood for Blood+1"],"picked":"Warcry+1","floor":25},{"not_picked":["Flex+1","Warcry+1"],"picked":"Barricade+1","floor":28},{"not_picked":["Cleave","Twin Strike"],"picked":"Shrug It Off+1","floor":30},{"not_picked":["Cleave","Thunderclap","Seeing Red+1"],"picked":"SKIP","floor":31},{"not_picked":["Berserk+1","Offering+1"],"picked":"Corruption+1","floor":33},{"not_picked":["Uppercut","Pummel","Heavy Blade"],"picked":"SKIP","floor":35},{"not_picked":["Pommel Strike","Thunderclap","Searing Blow"],"picked":"SKIP","floor":37},{"not_picked":["Pommel Strike","Reckless Charge"],"picked":"Dual Wield+1","floor":38},{"not_picked":["Feed","True Grit+1"],"picked":"Dark Embrace+1","floor":39},{"not_picked":["Fiend Fire","Iron Wave+1"],"picked":"Shockwave+1","floor":39},{"not_picked":["Heavy Blade","Combust+1"],"picked":"Iron Wave+1","floor":39},{"not_picked":["Heavy Blade","Twin Strike"],"picked":"Headbutt+1","floor":41},{"not_picked":["Clash","Reckless Charge"],"picked":"Metallicize+1","floor":42},{"not_picked":["Headbutt+1","Clash","Thunderclap+1"],"picked":"SKIP","floor":44},{"not_picked":["Body Slam","Twin Strike"],"picked":"Clothesline+1","floor":47},{"not_picked":["Warcry+1","Havoc+1"],"picked":"Second Wind+1","floor":48}],"player_experience":430426,"relics_obtained":[{"floor":7,"key":"Toxic Egg 2"},{"floor":9,"key":"Dream Catcher"},{"floor":24,"key":"Shuriken"},{"floor":26,"key":"Frozen Egg 2"},{"floor":28,"key":"Shovel"},{"floor":32,"key":"Smiling Mask"},{"floor":42,"key":"Lizard Tail"},{"floor":43,"key":"Anchor"},{"floor":44,"key":"War Paint"}],"event_choices":[{"damage_healed":0,"gold_gain":0,"player_choice":"Success","damage_taken":3,"relics_obtained":["Lantern"],"max_hp_gain":0,"max_hp_loss":0,"event_name":"Scrap Ooze","floor":2,"gold_loss":0},{"damage_healed":0,"gold_gain":0,"player_choice":"Lose Max HP","damage_taken":0,"relics_obtained":["Golden Idol"],"max_hp_gain":0,"max_hp_loss":6,"event_name":"Golden Idol","floor":4,"gold_loss":0},{"damage_healed":0,"gold_gain":175,"player_choice":"AGREE","damage_taken":0,"max_hp_gain":0,"max_hp_loss":0,"event_name":"Liars Game","floor":10,"gold_loss":0,"cards_obtained":["Doubt"]},{"damage_healed":0,"gold_gain":75,"player_choice":"Gather Gold","damage_taken":11,"max_hp_gain":0,"max_hp_loss":0,"event_name":"World of Goop","floor":11,"gold_loss":0},{"damage_healed":0,"gold_gain":0,"player_choice":"Simplicity","damage_taken":0,"max_hp_gain":0,"max_hp_loss":0,"event_name":"Back to Basics","floor":19,"gold_loss":0,"cards_upgraded":["Strike_R","Strike_R","Strike_R","Strike_R","Strike_R","Defend_R","Defend_R","Defend_R","Defend_R"]},{"damage_healed":0,"gold_gain":0,"player_choice":"Obtained Relic","damage_taken":0,"relics_obtained":["FossilizedHelix"],"max_hp_gain":0,"max_hp_loss":0,"event_name":"Addict","floor":20,"gold_loss":85},{"damage_healed":0,"gold_gain":0,"cards_transformed":["Strike_R"],"player_choice":"Transformed","damage_taken":0,"max_hp_gain":0,"max_hp_loss":0,"event_name":"Transmorgrifier","floor":21,"gold_loss":0,"cards_obtained":["Dropkick"]},{"cards_removed":["Strike_R"],"damage_healed":0,"gold_gain":0,"player_choice":"Offered Basic","damage_taken":0,"max_hp_gain":0,"max_hp_loss":0,"event_name":"Bonfire Elementals","floor":36,"gold_loss":0},{"cards_removed":["Defend_R"],"damage_healed":0,"gold_gain":0,"player_choice":"Removed Skill","damage_taken":0,"max_hp_gain":0,"max_hp_loss":0,"event_name":"Falling","floor":45,"gold_loss":0}],"is_beta":false,"boss_relics":[{"not_picked":["Tiny House","Fusion Hammer"],"picked":"Mark of Pain"},{"not_picked":["Black Star","Astrolabe"],"picked":"Snecko Eye"}],"items_purged_floors":[13,29,39],"is_endless":false,"potions_floor_spawned":[1,14,18,25,30,33,35,37,41],"ascension_level":13}}