{"host":"0kk91h4bq4kgfj0u","time":1612996341,"event":{"mods":["BaseMod","Bestiary","Block Reminder","Colored Map","Colored Powertips","Curses Come First","Highlight Path","Minty Spire (QoL Compilation)","Relic Stats","StSLib"],"gold_per_floor":[118,128,146,162,178,178,192,218,218,218,218,218,218],"floor_reached":12,"language":"ENG","playtime":391,"items_purged":[],"score":119,"play_id":"9ddf2a2a-30c3-418d-b479-31a1fad34b17","local_time":"20210210173221","is_ascension_mode":true,"campfire_choices":[{"floor":6,"key":"RECALL"}],"circlet_count":0,"master_deck":["Strike_R","Strike_R","Strike_R","Strike_R","Strike_R","Defend_R","Defend_R","Defend_R","Defend_R","Bash","Shrug It Off","Cleave","Heavy Blade","Cleave","Feed","Whirlwind","Wild Strike"],"relics":["Burning Blood","Bag of Marbles","Red Skull","SsserpentHead"],"acts_visited":["Exordium"],"potions_floor_usage":[4,8,12],"damage_taken":[{"damage":11,"enemies":"Cultist","floor":1,"turns":4},{"damage":4,"enemies":"2 Louse","floor":2,"turns":3},{"damage":3,"enemies":"Small Slimes","floor":3,"turns":4},{"damage":9,"enemies":"Red Slaver","floor":4,"turns":4},{"damage":11,"enemies":"Blue Slaver","floor":5,"turns":5},{"damage":15,"enemies":"3 Louse","floor":7,"turns":3},{"damage":50,"enemies":"3 Sentries","floor":8,"turns":8},{"damage":35,"enemies":"Lagavulin","floor":12,"turns":3}],"seed_played":"3987599242199385997","potions_obtained":[{"floor":2,"key":"LiquidMemories"},{"floor":4,"key":"SkillPotion"},{"floor":8,"key":"Energy Potion"}],"is_trial":false,"path_per_floor":["M","M","M","M","M","R","M","E","T","?","?","E"],"character_chosen":"IRONCLAD","items_purchased":[],"campfire_rested":0,"item_purchase_floors":[],"current_hp_per_floor":[75,77,80,77,72,72,63,22,22,22,22,0,0],"gold":218,"neow_bonus":"TEN_PERCENT_HP_BONUS","is_daily":false,"chose_seed":false,"campfire_upgraded":0,"win_rate":0.0,"timestamp":1612996341,"path_taken":["M","M","?","M","M","R","M","E","T","?","?","E"],"items_purchased_type":[],"build_version":"2020-12-22","purchased_purges":0,"victory":false,"max_hp_per_floor":[88,88,88,88,88,88,88,91,91,91,91,91,91],"relic_stats":{"SsserpentHead":0,"counters":[8,34],"obtain_stats":[{"SsserpentHead":11,"Bag of Marbles":8,"Burning Blood":0,"Red Skull":9},{"SsserpentHead":7,"Bag of Marbles":7,"Burning Blood":0,"Red Skull":7},{"SsserpentHead":31,"Bag of Marbles":31,"Burning Blood":0,"Red Skull":31}],"Burning Blood":42},"card_choices":[{"not_picked":["Perfected Strike","Anger"],"picked":"Shrug It Off","floor":1},{"not_picked":["Sword Boomerang","Entrench"],"picked":"Cleave","floor":2},{"not_picked":["Perfected Strike","Blood for Blood"],"picked":"Heavy Blade","floor":3},{"not_picked":["Burning Pact","Feel No Pain"],"picked":"Cleave","floor":4},{"not_picked":["Dropkick","Rage"],"picked":"Feed","floor":5},{"not_picked":["Perfected Strike","Havoc"],"picked":"Whirlwind","floor":7},{"not_picked":["Disarm","Dual Wield"],"picked":"Wild Strike","floor":8}],"player_experience":873668,"relics_obtained":[{"floor":8,"key":"Bag of Marbles"},{"floor":9,"key":"Red Skull"}],"event_choices":[{"damage_healed":0,"gold_gain":0,"player_choice":"Ignored","damage_taken":0,"max_hp_gain":0,"max_hp_loss":0,"event_name":"Liars Game","floor":10,"gold_loss":0},{"damage_healed":0,"gold_gain":0,"player_choice":"Trade","damage_taken":0,"relics_obtained":["SsserpentHead"],"max_hp_gain":0,"max_hp_loss":0,"event_name":"FaceTrader","floor":11,"gold_loss":0}],"is_beta":false,"boss_relics":[],"items_purged_floors":[],"is_endless":false,"potions_floor_spawned":[2,4,8],"killed_by":"Lagavulin","ascension_level":9}}