{"host":"qo9r73vk7r3tmek1","time":1612932910,"event":{"mods":["ATMod(°¢èªMod)","Act Like it!","Aspiration","BaseMod","Better Altar","CapriCore","Card Forge","Colored Powertips","Conspire","Custom Start","Dota2Spire","Gensokyo","Minty Spire (QoL Compilation)","Permanent Neow","Relic Stats","Replay The Spire","Spicy Shops","StSLib","TestMod","The Mystic","¡¾ÒÅÎï¿¨ÅÆ¡¿REMEMod"],"gold_per_floor":[114,127,145,165,65,93,2,66,92,92,127,127,161,175,175,278,278,295,305,325,325,342,376,376,387,387,387,413,431,449,17,17,114,114,126,176,194,194,210,236,236,268,295,295,275,80,80,98,98,18],"floor_reached":51,"language":"ZHS","playtime":3184,"items_purged":[],"score":1142,"play_id":"e447d48c-24f7-4088-b9b1-5196ed9fea86","local_time":"20210210125510","is_ascension_mode":false,"campfire_choices":[{"floor":10,"key":"RECALL"},{"data":"mysticmod:Dedication+6","floor":15,"key":"SMITH"},{"floor":24,"key":"REST"},{"data":"mysticmod:Dedication+8","floor":32,"key":"SMITH"},{"floor":41,"key":"REST"},{"floor":44,"key":"REST"},{"floor":47,"key":"REST"},{"floor":49,"key":"REST"}],"circlet_count":0,"master_deck":["mysticmod:ShockingGrasp+1","AT_EmpoweredMortalDraw+1","mysticmod:KeenEdge+1","mysticmod:Lunge+1","mysticmod:HeavyStrike+1","mysticmod:MagicWeapon+1","mysticmod:Doublecast+1","Ghostly+1","mysticmod:Feint+1","mysticmod:Dedication+10","mysticmod:BladeMaster+1","mysticmod:Riposte+1","mysticmod:KnowledgePool+1","mysticmod:MirrorStrike+1","mysticmod:VorpalThrust+1","mysticmod:Haste+1","mysticmod:TomeOfSpells+1","mysticmod:Flurry+1","mysticmod:EarthenWall+1","mysticmod:Disintegrate+1","Enlightenment+1","mysticmod:Fireball+1","mysticmod:SpontaneousCaster+1","mysticmod:SpellCombat+1","mysticmod:SuddenClarity+1","mysticmod:GeminiForm+1"],"relics":["mysticmod:SpellBook","Hammer of Thor","Seething Fire","Anvil of the Gods","testmod-TestBox","REME_ComplimentaryCards","AT_ATBox","testmod-NegativeEmotionEnhancer","Eternal Feather","Membership Card","Pen Nib","Dota2Spire:ShivaGuard","Boot","Centennial Puzzle","aspiration:SecretTechniqueScroll","Bloody Idol","Blood Vial","testmod-BouquetWithThorns","AT_ChloranthyRing","ReplayTheSpireMod:Ninjato","REME_OnlineShoppingPlatform","ReplayTheSpireMod:TigerMarble","ReplayFunnel","Sling","Bottled Flame","Fusion Hammer","Dota2Spire:EyeOfSkadi","conspire:TopHat","Toxic Egg 2","Potion Belt","Orrery"],"acts_visited":["Exordium","TheCity","TheBeyond"],"potions_floor_usage":[11,22,28,29,45,50,50,50,50],"damage_taken":[{"damage":0,"enemies":"2 Louse","floor":1,"turns":1},{"damage":0,"enemies":"Small Slimes","floor":2,"turns":1},{"damage":1,"enemies":"conspire:RoseBush","floor":3,"turns":1},{"damage":0,"enemies":"Gremlin Gang","floor":4,"turns":2},{"damage":1,"enemies":"Replay:BlueRogue","floor":6,"turns":2},{"damage":0,"enemies":"3 Sentries","floor":11,"turns":2},{"damage":0,"enemies":"Replay:BlueRogue","floor":13,"turns":3},{"damage":0,"enemies":"2 Fungi Beasts","floor":14,"turns":1},{"damage":1,"enemies":"Slime Boss","floor":16,"turns":4},{"damage":0,"enemies":"conspire:FuzzyDice","floor":18,"turns":1},{"damage":10,"enemies":"2 Thieves","floor":19,"turns":2},{"damage":0,"enemies":"Snake Plant","floor":20,"turns":2},{"damage":0,"enemies":"Cultist and Chosen","floor":22,"turns":2},{"damage":1,"enemies":"conspire:SneckoGhost","floor":23,"turns":3},{"damage":0,"enemies":"Sentry and Sphere","floor":25,"turns":2},{"damage":0,"enemies":"Slavers","floor":28,"turns":2},{"damage":9,"enemies":"Snake Plant","floor":29,"turns":2},{"damage":0,"enemies":"3 Cultists","floor":30,"turns":2},{"damage":27,"enemies":"Pondfish","floor":33,"turns":4},{"damage":0,"enemies":"3 Darklings","floor":35,"turns":2},{"damage":2,"enemies":"Mind Bloom Boss Battle","floor":36,"turns":3},{"damage":0,"enemies":"3 Shapes","floor":37,"turns":2},{"damage":0,"enemies":"Maw","floor":39,"turns":2},{"damage":0,"enemies":"R_Hoarder","floor":40,"turns":1},{"damage":0,"enemies":"Reptomancer","floor":42,"turns":1},{"damage":0,"enemies":"Transient","floor":48,"turns":5},{"damage":0,"enemies":"Time Eater","floor":50,"turns":2}],"seed_played":"-4585336578288769011","potions_obtained":[{"floor":1,"key":"Elixir"},{"floor":2,"key":"Elixir"},{"floor":4,"key":"Strength Potion"},{"floor":13,"key":"Block Potion"},{"floor":20,"key":"Weak Potion"},{"floor":23,"key":"ColorlessPotion"},{"floor":28,"key":"EssenceOfSteel"},{"floor":29,"key":"REME_GoldPotion"},{"floor":45,"key":"Milkshake"},{"floor":45,"key":"EssenceOfSteel"}],"is_trial":false,"path_per_floor":["M","M","M","M","?","E","$","?","T","R","E","?","E","M","R","B",null,"M","M","M","?","M","E","R","M","T","?","E","M","M","$","R","B",null,"M","?","M","?","M","E","R","E","T","R","?","$","R","M","R","B",null],"character_chosen":"MYSTIC_CLASS","items_purchased":["Membership Card","mysticmod:PreparedCaster","REME_OnlineShoppingPlatform","ReplayTheSpireMod:TigerMarble","ReplayFunnel","Sling","Bottled Flame","mysticmod:EarthenWall","mysticmod:SpontaneousCaster","Orrery"],"campfire_rested":5,"item_purchase_floors":[7,7,31,31,31,31,31,31,46,46],"current_hp_per_floor":[59,62,63,68,68,69,69,69,69,78,82,82,84,85,85,86,86,87,79,81,13,23,31,67,77,77,77,88,88,95,95,95,77,96,97,103,104,104,105,106,106,107,107,107,107,107,107,108,108,109],"gold":18,"neow_bonus":"THREE_RARE_CARDS","is_daily":false,"chose_seed":false,"campfire_upgraded":2,"win_rate":0.0,"timestamp":1612932910,"path_taken":["M","M","M","M","?","E","$","?","T","R","E","?","E","M","R","BOSS","M","M","?","?","M","E","R","M","T","?","E","M","M","$","R","BOSS","M","?","M","?","M","E","R","E","T","R","?","$","R","?","R","BOSS"],"items_purchased_type":["Relic","Card","Relic","Relic","Relic","Relic","Relic","Card","Card","Relic"],"build_version":"2020-12-22","purchased_purges":0,"victory":true,"max_hp_per_floor":[78,79,80,81,81,82,82,82,82,82,83,83,84,85,85,86,86,87,88,89,89,90,91,91,92,92,92,93,94,95,95,95,96,96,97,103,104,104,105,106,106,107,107,107,107,107,107,108,108,109],"relic_stats":{"Blood Vial":12,"Centennial Puzzle":[15],"counters":[27,57],"Bloody Idol":33,"Eternal Feather":18,"Pen Nib":[12],"Boot":[17],"obtain_stats":[{"ReplayFunnel":31,"AT_ATBox":0,"mysticmod:SpellBook":0,"Hammer of Thor":0,"testmod-NegativeEmotionEnhancer":0,"Boot":12,"testmod-BouquetWithThorns":23,"Sling":31,"conspire:TopHat":40,"Blood Vial":21,"Centennial Puzzle":13,"Dota2Spire:EyeOfSkadi":36,"Fusion Hammer":34,"Toxic Egg 2":42,"REME_OnlineShoppingPlatform":31,"AT_ChloranthyRing":26,"Potion Belt":43,"testmod-TestBox":0,"ReplayTheSpireMod:Ninjato":28,"Eternal Feather":6,"Dota2Spire:ShivaGuard":11,"Pen Nib":9,"Seething Fire":0,"aspiration:SecretTechniqueScroll":17,"Bottled Flame":31,"Anvil of the Gods":0,"Bloody Idol":21,"Orrery":46,"ReplayTheSpireMod:TigerMarble":31,"Membership Card":7,"REME_ComplimentaryCards":0},{"ReplayFunnel":18,"AT_ATBox":0,"mysticmod:SpellBook":0,"Hammer of Thor":0,"testmod-NegativeEmotionEnhancer":0,"Boot":6,"testmod-BouquetWithThorns":14,"Sling":18,"conspire:TopHat":24,"Blood Vial":12,"Centennial Puzzle":7,"Dota2Spire:EyeOfSkadi":21,"Fusion Hammer":19,"Toxic Egg 2":25,"REME_OnlineShoppingPlatform":18,"AT_ChloranthyRing":15,"Potion Belt":25,"testmod-TestBox":0,"ReplayTheSpireMod:Ninjato":16,"Eternal Feather":5,"Dota2Spire:ShivaGuard":6,"Pen Nib":5,"Seething Fire":0,"aspiration:SecretTechniqueScroll":9,"Bottled Flame":18,"Anvil of the Gods":0,"Bloody Idol":12,"Orrery":25,"ReplayTheSpireMod:TigerMarble":18,"Membership Card":5,"REME_ComplimentaryCards":0},{"ReplayFunnel":35,"AT_ATBox":0,"mysticmod:SpellBook":0,"Hammer of Thor":0,"testmod-NegativeEmotionEnhancer":0,"Boot":9,"testmod-BouquetWithThorns":27,"Sling":35,"conspire:TopHat":49,"Blood Vial":22,"Centennial Puzzle":12,"Dota2Spire:EyeOfSkadi":44,"Fusion Hammer":39,"Toxic Egg 2":50,"REME_OnlineShoppingPlatform":35,"AT_ChloranthyRing":29,"Potion Belt":50,"testmod-TestBox":0,"ReplayTheSpireMod:Ninjato":31,"Eternal Feather":7,"Dota2Spire:ShivaGuard":9,"Pen Nib":7,"Seething Fire":0,"aspiration:SecretTechniqueScroll":17,"Bottled Flame":35,"Anvil of the Gods":0,"Bloody Idol":22,"Orrery":50,"ReplayTheSpireMod:TigerMarble":35,"Membership Card":7,"REME_ComplimentaryCards":0}]},"card_choices":[{"not_picked":["mysticmod:EnchantedMoulinet","mysticmod:ClosingBarrage"],"picked":"mysticmod:Lunge","floor":0},{"not_picked":["mysticmod:Probe","mysticmod:AllIn"],"picked":"mysticmod:IllusionOfCalm","floor":1},{"not_picked":["mysticmod:Flurry","mysticmod:DiviningBlow"],"picked":"mysticmod:HeavyStrike","floor":2},{"not_picked":["mysticmod:BladeMaster","mysticmod:Shield"],"picked":"mysticmod:MagicWeapon","floor":3},{"not_picked":["mysticmod:HeavyStrike","mysticmod:LightningBolt"],"picked":"mysticmod:Doublecast","floor":4},{"not_picked":["mysticmod:GreaterInvisibility","mysticmod:PowerSlash"],"picked":"mysticmod:Feint","floor":6},{"not_picked":["mysticmod:BulkUp","mysticmod:MagicMissile"],"picked":"mysticmod:Dedication","floor":11},{"not_picked":["mysticmod:Fireball","mysticmod:BladedDash"],"picked":"mysticmod:BladeMaster","floor":13},{"not_picked":["mysticmod:Alacrity","mysticmod:HeavyStrike"],"picked":"mysticmod:Riposte","floor":14},{"not_picked":["mysticmod:Doublecast","mysticmod:EnchantedMoulinet"],"picked":"mysticmod:KnowledgePool","floor":16},{"not_picked":["mysticmod:Alacrity","mysticmod:RapidCaster"],"picked":"mysticmod:MirrorStrike+1","floor":18},{"not_picked":["mysticmod:BulkUp","mysticmod:Sideswipe+1","mysticmod:Riposte"],"picked":"SKIP","floor":19},{"not_picked":["mysticmod:LightningBolt+1","mysticmod:KeenEdge+1","mysticmod:HeavyStrike"],"picked":"SKIP","floor":20},{"not_picked":["mysticmod:PowerSlash","mysticmod:PowerAttack"],"picked":"mysticmod:VorpalThrust","floor":22},{"not_picked":["mysticmod:Daze","mysticmod:DiviningBlow"],"picked":"mysticmod:Haste","floor":23},{"not_picked":["mysticmod:BulkUp","mysticmod:CorrosiveTouch"],"picked":"mysticmod:TomeOfSpells","floor":25},{"not_picked":["mysticmod:PureInstinct+1","mysticmod:DiviningBlow+1","mysticmod:IllusionOfCalm"],"picked":"SKIP","floor":28},{"not_picked":["mysticmod:FiveFootStep","mysticmod:CureLightWounds+1"],"picked":"mysticmod:Flurry","floor":29},{"not_picked":["mysticmod:ChargedParry","mysticmod:PreparedCaster","mysticmod:Disengage+1"],"picked":"SKIP","floor":30},{"not_picked":["mysticmod:KnowledgePool","mysticmod:GreaterInvisibility"],"picked":"mysticmod:Disintegrate","floor":33},{"not_picked":["mysticmod:Alacrity","mysticmod:CorrosiveTouch+1","mysticmod:Sideswipe+1"],"picked":"SKIP","floor":35},{"not_picked":["mysticmod:EarthenWall+1","mysticmod:PowerSlash+1","mysticmod:Alacrity"],"picked":"SKIP","floor":37},{"not_picked":["mysticmod:ChargedParry+1","mysticmod:VorpalThrust+1"],"picked":"mysticmod:Fireball+1","floor":39},{"not_picked":["mysticmod:CorrosiveTouch","mysticmod:PowerAttack","mysticmod:PureInstinct+1"],"picked":"SKIP","floor":40},{"not_picked":["mysticmod:PowerSlash","mysticmod:Daze+1","mysticmod:Shield+1"],"picked":"SKIP","floor":42},{"not_picked":["mysticmod:MightyMagic","mysticmod:DiviningBlow"],"picked":"mysticmod:SpellCombat","floor":46},{"not_picked":["mysticmod:KeenEdge+1","mysticmod:CureLightWounds+1"],"picked":"mysticmod:SuddenClarity+1","floor":46},{"not_picked":["mysticmod:AllIn+1","mysticmod:BulkUp+1"],"picked":"mysticmod:GeminiForm","floor":46},{"not_picked":["mysticmod:Dedication+1","mysticmod:DiviningBlow","mysticmod:Riposte+1"],"picked":"SKIP","floor":48}],"player_experience":27257,"relics_obtained":[{"floor":6,"key":"Eternal Feather"},{"floor":9,"key":"Pen Nib"},{"floor":11,"key":"Dota2Spire:ShivaGuard"},{"floor":13,"key":"Centennial Puzzle"},{"floor":23,"key":"testmod-BouquetWithThorns"},{"floor":26,"key":"AT_ChloranthyRing"},{"floor":28,"key":"ReplayTheSpireMod:Ninjato"},{"floor":36,"key":"Dota2Spire:EyeOfSkadi"},{"floor":40,"key":"conspire:TopHat"},{"floor":42,"key":"Toxic Egg 2"},{"floor":43,"key":"Potion Belt"}],"event_choices":[{"damage_healed":0,"gold_gain":0,"player_choice":"Argue","damage_taken":0,"max_hp_gain":0,"max_hp_loss":0,"event_name":"conspire:LoneGhost","floor":5,"gold_loss":0},{"damage_healed":0,"gold_gain":64,"player_choice":"Gained Gold","damage_taken":0,"max_hp_gain":0,"max_hp_loss":0,"event_name":"Golden Wing","floor":8,"gold_loss":0},{"damage_healed":0,"gold_gain":0,"player_choice":"Gave Potion","damage_taken":0,"relics_obtained":["Boot"],"max_hp_gain":0,"max_hp_loss":0,"event_name":"WeMeetAgain","floor":12,"gold_loss":0},{"damage_healed":0,"gold_gain":0,"player_choice":" Idol Vial ","damage_taken":68,"relics_obtained":["Bloody Idol","Blood Vial"],"max_hp_gain":81,"max_hp_loss":13,"event_name":"betterAltar:BetterAltar","floor":21,"potions_obtained":[],"relics_lost":[],"gold_loss":0},{"cards_removed":["mysticmod:IllusionOfCalm"],"damage_healed":0,"gold_gain":0,"player_choice":"Elegance","damage_taken":0,"max_hp_gain":0,"max_hp_loss":0,"event_name":"Back to Basics","floor":27,"gold_loss":0},{"damage_healed":0,"gold_gain":0,"player_choice":"Fight","damage_taken":0,"max_hp_gain":0,"max_hp_loss":0,"event_name":"MindBloom","floor":36,"gold_loss":0},{"damage_healed":0,"gold_gain":0,"player_choice":"Leave","damage_taken":0,"max_hp_gain":0,"max_hp_loss":0,"event_name":"conspire:Investor","floor":38,"gold_loss":0},{"damage_healed":0,"gold_gain":0,"player_choice":"Got Potions","damage_taken":0,"max_hp_gain":0,"max_hp_loss":0,"event_name":"Lab","floor":45,"gold_loss":0}],"is_beta":false,"boss_relics":[{"not_picked":["Sozu","ReplayTheSpireMod:DimensionalGlitch"],"picked":"aspiration:SecretTechniqueScroll"},{"not_picked":["Ring of Chaos","REME_LowDesire"],"picked":"Fusion Hammer"}],"items_purged_floors":[],"is_endless":false,"potions_floor_spawned":[1,2,4,13,20,23,25,28,29,33,35,36,40,42],"ascension_level":0}}