{"host":"ttx8tv95o5vka1nm","time":1612971569,"event":{"mods":["AchievementEnabler","BaseMod","BetterRewards","Colored Map","Evolution","Hermit","Hubris","Infinite Spire","Jorbs\u0027s Wanderer Trilogy","Minty Spire (QoL Compilation)","Relic Filter Mod","Reliquary","Robot Space Explorer","Shop Mod","Spicy Shops","StSLib","The Blue Laboratory","The Bug Knight","The Construct","The Cursed","The Disciple","The Forsaken","The Hierophant","The Necromancer","The Runesmith","TheBandit"],"gold_per_floor":[109,122,122,122,136,136,172,175,175,201,201,201,240,277,277,407,407,377,377,377,403,328,328,328],"floor_reached":23,"language":"ENG","playtime":1711,"items_purged":[],"score":201,"play_id":"be79cb17-0ac8-4a9d-a86b-2d3dea6dbaa7","local_time":"20210211013929","is_ascension_mode":false,"campfire_choices":[{"data":"hierophant:ChurchCoffers","floor":6,"key":"SMITH"},{"data":"hierophant:EyeForCoin","floor":11,"key":"SMITH"},{"data":"hierophant:RepressedViolence","floor":15,"key":"SMITH"}],"circlet_count":0,"master_deck":["hierophant:Strike_Hierophant","hierophant:Strike_Hierophant","hierophant:Punish","hierophant:Defend_Hierophant","hierophant:Defend_Hierophant","hierophant:Defend_Hierophant","hierophant:Defend_Hierophant","hierophant:ChurchCoffers+1","hierophant:FieryStrike","hierophant:FlamingChariot","hubris:Fate","hierophant:MorningPrayer","hierophant:Doubloon","hierophant:ConvertCurrency+1","hierophant:EyeForCoin+1","hierophant:Shelter","hierophant:Doubloon+1","hierophant:Doubloon","hierophant:CoinFling","hierophant:RepressedViolence+1","hierophant:Doubloon+1","hierophant:Kindle","hierophant:Doubloon+1","hierophant:HolyVerse","hierophant:TollTheBells","hierophant:Doubloon+1","hierophant:Repentance","hierophant:Doubloon+1"],"relics":["hierophant:PropheticMaskRelic","EVO:Axolotl","Golden Idol","Shovel","hubris:Zylophone","theForsaken:Lifeblossom","hubris:TerracottaHorce"],"acts_visited":["Exordium","TheCity"],"potions_floor_usage":[7,7,13,18],"damage_taken":[{"damage":1,"enemies":"Cultist","floor":1,"turns":4},{"damage":0,"enemies":"Small Slimes","floor":2,"turns":4},{"damage":0,"enemies":"2 Louse","floor":5,"turns":2},{"damage":0,"enemies":"Gremlin Nob","floor":7,"turns":2},{"damage":0,"enemies":"Looter","floor":8,"turns":2},{"damage":0,"enemies":"Exordium Wildlife","floor":10,"turns":2},{"damage":13,"enemies":"3 Sentries","floor":13,"turns":7},{"damage":0,"enemies":"Blue Slaver","floor":14,"turns":2},{"damage":30,"enemies":"Slime Boss","floor":16,"turns":14},{"damage":17,"enemies":"2 Thieves","floor":18,"turns":4},{"damage":23,"enemies":"Shell Parasite","floor":21,"turns":5},{"damage":39,"enemies":"Book of Stabbing","floor":23,"turns":4}],"seed_played":"6647860423562008196","potions_obtained":[{"floor":1,"key":"PowerPotion"},{"floor":2,"key":"infinitespire:BlackPotion"},{"floor":8,"key":"blueLaboratory:RecallPotion"},{"floor":16,"key":"blueLaboratory:BottledHope"},{"floor":21,"key":"SteroidPotion"}],"is_trial":false,"path_per_floor":["M","M","?","?","M","R","E","M","T","M","R","?","E","M","R","B",null,"M","?","?","M","?","E"],"character_chosen":"HIEROPHANT","items_purchased":[],"campfire_rested":0,"item_purchase_floors":[],"current_hp_per_floor":[74,74,56,38,38,38,38,38,38,38,38,38,25,30,30,6,58,47,47,47,30,30,0,0],"gold":328,"neow_bonus":"REMOVE_CARD","is_daily":false,"chose_seed":false,"campfire_upgraded":3,"win_rate":0.0,"timestamp":1612971569,"path_taken":["M","M","?","?","M","R","E","M","T","M","R","?","E","M","R","BOSS","M","?","?","M","?","E"],"items_purchased_type":[],"build_version":"2020-12-22","purchased_purges":0,"victory":false,"max_hp_per_floor":[75,75,75,75,75,75,75,75,75,75,75,75,75,75,75,75,75,75,75,75,75,75,75,75],"card_choices":[{"not_picked":["hierophant:Doubloon","hierophant:Shelter"],"picked":"hierophant:FieryStrike","floor":1},{"not_picked":["hierophant:Remorse","hierophant:Smite"],"picked":"hierophant:FlamingChariot","floor":2},{"not_picked":["infinitespire:FinalStrike","hubris:Rewind"],"picked":"hubris:Fate","floor":4},{"not_picked":["hierophant:Repentance","hierophant:PassingBell"],"picked":"hierophant:MorningPrayer","floor":5},{"not_picked":["hierophant:AuricBeam","hierophant:FieryStrike"],"picked":"hierophant:ConvertCurrency","floor":7},{"not_picked":["hierophant:DisplayOfPower","hierophant:Prophecy"],"picked":"hierophant:EyeForCoin","floor":8},{"not_picked":["hierophant:Martyrdom","hierophant:SealAway"],"picked":"hierophant:Shelter","floor":10},{"not_picked":["hierophant:Invocation","hierophant:Empathy"],"picked":"hierophant:CoinFling","floor":13},{"not_picked":["hierophant:Shelter","hierophant:ThreeLashes"],"picked":"hierophant:RepressedViolence","floor":14},{"not_picked":["hierophant:Cornucopia","hierophant:Anathema"],"picked":"hierophant:Kindle","floor":16},{"not_picked":["hierophant:ConvertCurrency+1","hierophant:Mercenaries"],"picked":"hierophant:HolyVerse","floor":18},{"not_picked":["hierophant:DivineIntervention","hierophant:Upheaval"],"picked":"hierophant:Repentance","floor":21}],"player_experience":899405,"relics_obtained":[{"floor":7,"key":"Shovel"},{"floor":9,"key":"hubris:Zylophone"},{"floor":13,"key":"theForsaken:Lifeblossom"}],"event_choices":[{"damage_healed":0,"gold_gain":0,"player_choice":"Take Damage","damage_taken":18,"relics_obtained":["Golden Idol"],"max_hp_gain":0,"max_hp_loss":0,"event_name":"Golden Idol","floor":3,"gold_loss":0},{"damage_healed":0,"gold_gain":0,"player_choice":"Ignored","damage_taken":0,"max_hp_gain":0,"max_hp_loss":0,"event_name":"Ghosts","floor":19,"gold_loss":0},{"damage_healed":0,"gold_gain":0,"player_choice":"Read","damage_taken":0,"max_hp_gain":0,"max_hp_loss":0,"event_name":"The Library","floor":20,"gold_loss":0,"cards_obtained":["hierophant:TollTheBells"]},{"cards_removed":["hierophant:Strike_Hierophant"],"damage_healed":0,"gold_gain":0,"player_choice":"Gave Gold","damage_taken":0,"max_hp_gain":0,"max_hp_loss":0,"event_name":"Beggar","floor":22,"gold_loss":75}],"is_beta":false,"boss_relics":[{"not_picked":["Ectoplasm","reliquary:Craggleroot"],"picked":"hubris:TerracottaHorce"}],"items_purged_floors":[],"is_endless":false,"potions_floor_spawned":[1,2,8,16,21],"killed_by":"Book of Stabbing","ascension_level":0}}