{"host":"v2nniiiz7kpx7fwo","time":1612946531,"event":{"mods":["2.2 Compatiblity","AchievementEnabler","BaseMod","Colored Map","Colored Powertips","DeckTracker","Highlight Path","KOR Keyword Fix","Minty Spire (QoL Compilation)","Permanent Neow","Rare Cards Sparkle","StSLib","SuperFastMode"],"gold_per_floor":[119,136,0,12,12,12,51,75,75,111,135,176,31,64,64,185,185,206,131,131,172,197,197,230,244,271,271,305,321,321,364,364,493,493,506,569,589,603,603,603,634,634,634,634,665,494,515,536,536,536,536,536,2,33,33],"floor_reached":56,"language":"KOR","playtime":3329,"items_purged":["Strike_R","Reckless Charge","Uppercut"],"score":1676,"play_id":"9d8cd902-9f22-4f35-9f2c-48e96e5f7205","local_time":"20210210174211","is_ascension_mode":true,"campfire_choices":[{"data":"Bludgeon","floor":6.0,"key":"SMITH"},{"floor":15.0,"key":"REST"},{"data":"Whirlwind","floor":23.0,"key":"SMITH"},{"data":"Rampage","floor":32.0,"key":"SMITH"},{"data":"Limit Break","floor":40.0,"key":"SMITH"},{"floor":42.0,"key":"REST"},{"floor":49.0,"key":"RECALL"},{"data":"Offering","floor":52.0,"key":"SMITH"}],"circlet_count":0,"master_deck":["Strike_R+1","Strike_R+1","Defend_R+1","Defend_R+1","Defend_R+1","Defend_R+1","Bash","Bludgeon+1","Rupture","Reaper","Spot Weakness","Shrug It Off","Rampage+1","Whirlwind+1","Sword Boomerang","Offering+1","True Grit+1","Intimidate","Shockwave","Exhume","Limit Break+1","Evolve+1","Evolve+1","Dark Embrace+1","Feel No Pain+1","Heavy Blade+1","Seeing Red+1","Secret Technique"],"relics":["Burning Blood","Golden Idol","Centennial Puzzle","Pear","CaptainsWheel","Nunchaku","Akabeko","Odd Mushroom","Philosopher\u0027s Stone","Red Mask","Lantern","Smiling Mask","Juzu Bracelet","Frozen Egg 2","Ornamental Fan","Mark of Pain","Calipers","Vajra","Omamori","Bag of Preparation","Bronze Scales"],"acts_visited":["Exordium","TheCity","TheBeyond","TheEnding"],"potions_floor_usage":[54,54],"damage_taken":[{"damage":6.0,"enemies":"Cultist","floor":1.0,"turns":3.0},{"damage":6.0,"enemies":"2 Louse","floor":2.0,"turns":3.0},{"damage":3.0,"enemies":"Small Slimes","floor":4.0,"turns":3.0},{"damage":25.0,"enemies":"3 Sentries","floor":7.0,"turns":5.0},{"damage":24.0,"enemies":"2 Fungi Beasts","floor":8.0,"turns":4.0},{"damage":11.0,"enemies":"Gremlin Nob","floor":10.0,"turns":3.0},{"damage":31.0,"enemies":"3 Louse","floor":11.0,"turns":4.0},{"damage":40.0,"enemies":"Lagavulin","floor":12.0,"turns":7.0},{"damage":13.0,"enemies":"The Mushroom Lair","floor":14.0,"turns":4.0},{"damage":23.0,"enemies":"The Guardian","floor":16.0,"turns":7.0},{"damage":6.0,"enemies":"3 Byrds","floor":18.0,"turns":3.0},{"damage":6.0,"enemies":"Masked Bandits","floor":21.0,"turns":2.0},{"damage":5.0,"enemies":"2 Thieves","floor":22.0,"turns":3.0},{"damage":38.0,"enemies":"Book of Stabbing","floor":24.0,"turns":5.0},{"damage":0.0,"enemies":"Centurion and Healer","floor":25.0,"turns":2.0},{"damage":10.0,"enemies":"Slavers","floor":28.0,"turns":2.0},{"damage":6.0,"enemies":"Snecko","floor":29.0,"turns":2.0},{"damage":19.0,"enemies":"Book of Stabbing","floor":31.0,"turns":4.0},{"damage":75.0,"enemies":"Automaton","floor":33.0,"turns":9.0},{"damage":1.0,"enemies":"Orb Walker","floor":35.0,"turns":2.0},{"damage":6.0,"enemies":"Mind Bloom Boss Battle","floor":36.0,"turns":4.0},{"damage":16.0,"enemies":"3 Shapes","floor":37.0,"turns":5.0},{"damage":29.0,"enemies":"Jaw Worm Horde","floor":38.0,"turns":4.0},{"damage":26.0,"enemies":"Nemesis","floor":41.0,"turns":5.0},{"damage":33.0,"enemies":"Giant Head","floor":45.0,"turns":7.0},{"damage":30.0,"enemies":"Sphere and 2 Shapes","floor":47.0,"turns":6.0},{"damage":18.0,"enemies":"4 Shapes","floor":48.0,"turns":5.0},{"damage":33.0,"enemies":"Awakened One","floor":50.0,"turns":5.0},{"damage":33,"enemies":"Shield and Spear","floor":54,"turns":6},{"damage":96,"enemies":"The Heart","floor":55,"turns":8}],"seed_played":"2381437144941353974","potions_obtained":[{"floor":1.0,"key":"SkillPotion"},{"floor":2.0,"key":"Ancient Potion"},{"floor":7.0,"key":"Fruit Juice"},{"floor":11.0,"key":"BloodPotion"},{"floor":24.0,"key":"SkillPotion"},{"floor":25.0,"key":"Explosive Potion"},{"floor":28.0,"key":"FearPotion"},{"floor":36.0,"key":"FearPotion"},{"floor":37.0,"key":"Fire Potion"},{"floor":54,"key":"Weak Potion"}],"is_trial":false,"path_per_floor":["M","M","$","M","?","R","E","M","T","E","M","E","$","?","R","B",null,"M","$","?","?","M","R","E","M","T","?","E","M","T","E","R","B",null,"M","?","M","M","?","R","E","R","T","?","E","$","M","M","R","B",null,"R","$","E","B",null],"character_chosen":"IRONCLAD","items_purchased":["Reaper","Akabeko","DuplicationPotion","AttackPotion","Bag of Preparation","Swift Potion","Explosive Potion","SkillPotion","Secret Technique"],"campfire_rested":2,"item_purchase_floors":[3,13,46,46,53,53,53,53,53],"current_hp_per_floor":[72,72,72,72,54,54,40,36,46,41,37,27,27,24,50,33,74,87,87,87,87,87,87,66,72,72,72,68,68,68,55,55,9,68,73,73,65,45,45,45,25,51,51,51,48,48,67,87,87,60,80,80,80,73,60],"gold":33,"neow_bonus":"THREE_RARE_CARDS","is_daily":false,"chose_seed":false,"campfire_upgraded":5,"win_rate":0.0,"timestamp":1612946531,"path_taken":["M","M","$","?","?","R","E","M","T","E","M","E","$","?","R","BOSS","M","$","?","?","M","R","E","M","T","?","E","M","?","E","R","BOSS","M","?","M","M","?","R","E","R","T","?","E","$","M","M","R","BOSS","R","$","E","BOSS"],"items_purchased_type":["Card","Relic","Potion","Potion","Relic","Potion","Potion","Potion","Card"],"build_version":"2020-12-22","purchased_purges":3,"victory":true,"max_hp_per_floor":[72,72,72,72,72,72,77,77,87,87,87,87,87,87,87,87,87,87,87,87,87,87,87,87,87,87,87,87,87,87,87,87,87,87,87,87,87,87,87,87,87,87,87,87,87,87,87,87,87,87,87,87,87,87,87],"card_choices":[{"not_picked":["Demon Form","Feed"],"picked":"Bludgeon","floor":0.0},{"not_picked":["Clothesline","Armaments"],"picked":"Cleave","floor":1.0},{"not_picked":["Sentinel","Combust"],"picked":"Rupture","floor":2.0},{"not_picked":["Armaments","Iron Wave"],"picked":"Spot Weakness","floor":4.0},{"not_picked":["Burning Pact","Perfected Strike"],"picked":"Shrug It Off","floor":7.0},{"not_picked":["Shrug It Off","Perfected Strike"],"picked":"Iron Wave","floor":8.0},{"not_picked":["Clash","Brutality"],"picked":"Rampage","floor":10.0},{"not_picked":["Searing Blow","Body Slam"],"picked":"Whirlwind","floor":11.0},{"not_picked":["Combust","Armaments"],"picked":"Sword Boomerang","floor":12.0},{"not_picked":["Barricade","Reaper"],"picked":"Offering","floor":16.0},{"not_picked":["Cleave","Rage+1"],"picked":"True Grit+1","floor":18.0},{"not_picked":["Hemokinesis","Bludgeon"],"picked":"Intimidate","floor":22.0},{"not_picked":["Warcry","Rampage+1","Whirlwind"],"picked":"SKIP","floor":24.0},{"not_picked":["Warcry","Uppercut"],"picked":"Shockwave","floor":25.0},{"not_picked":["Cleave+1","Rupture","Iron Wave"],"picked":"SKIP","floor":28.0},{"not_picked":["Anger+1","Clash+1","Sever Soul"],"picked":"SKIP","floor":29.0},{"not_picked":["Havoc","Pummel","Pommel Strike"],"picked":"SKIP","floor":31.0},{"not_picked":["Exhume","Brutality+1"],"picked":"Limit Break","floor":33.0},{"not_picked":["Ghostly Armor","Anger"],"picked":"Evolve+1","floor":35.0},{"not_picked":["Anger+1","Twin Strike+1"],"picked":"Evolve+1","floor":36.0},{"not_picked":["Cleave","Searing Blow+1"],"picked":"Dark Embrace+1","floor":37.0},{"not_picked":["Immolate","Havoc","Shrug It Off"],"picked":"SKIP","floor":38.0},{"not_picked":["Rampage+1","Hemokinesis+1","Evolve+1"],"picked":"SKIP","floor":41.0},{"not_picked":["Flex","Intimidate+1"],"picked":"Feel No Pain+1","floor":45.0},{"not_picked":["Iron Wave+1","Perfected Strike+1"],"picked":"Heavy Blade+1","floor":47.0},{"not_picked":["Feel No Pain+1","Clash"],"picked":"Seeing Red+1","floor":48.0},{"not_picked":["Iron Wave","Havoc","Rupture+1"],"picked":"SKIP","floor":54}],"player_experience":373396,"relics_obtained":[{"floor":7.0,"key":"Centennial Puzzle"},{"floor":9.0,"key":"Pear"},{"floor":10.0,"key":"CaptainsWheel"},{"floor":12.0,"key":"Nunchaku"},{"floor":14.0,"key":"Odd Mushroom"},{"floor":21.0,"key":"Red Mask"},{"floor":24.0,"key":"Lantern"},{"floor":26.0,"key":"Smiling Mask"},{"floor":28.0,"key":"Juzu Bracelet"},{"floor":30.0,"key":"Frozen Egg 2"},{"floor":31.0,"key":"Ornamental Fan"},{"floor":36.0,"key":"Calipers"},{"floor":41.0,"key":"Vajra"},{"floor":45.0,"key":"Omamori"},{"floor":54,"key":"Bronze Scales"}],"event_choices":[{"damage_healed":0.0,"max_hp_gain":0.0,"max_hp_loss":0.0,"gold_gain":0.0,"event_name":"Golden Idol","player_choice":"Take Damage","floor":5.0,"gold_loss":0.0,"damage_taken":18.0,"relics_obtained":["Golden Idol"]},{"damage_healed":0.0,"max_hp_gain":0.0,"max_hp_loss":0.0,"gold_gain":0.0,"event_name":"Mushrooms","player_choice":"Fought Mushrooms","floor":14.0,"gold_loss":0.0,"damage_taken":0.0},{"damage_healed":0.0,"max_hp_gain":0.0,"max_hp_loss":0.0,"gold_gain":0.0,"event_name":"Back to Basics","player_choice":"Simplicity","floor":20.0,"gold_loss":0.0,"damage_taken":0.0,"cards_upgraded":["Strike_R","Strike_R","Strike_R","Strike_R","Defend_R","Defend_R","Defend_R","Defend_R"]},{"damage_healed":0.0,"max_hp_gain":0.0,"max_hp_loss":0.0,"gold_gain":0.0,"event_name":"Masked Bandits","player_choice":"Fought Bandits","floor":21.0,"gold_loss":0.0,"damage_taken":0.0},{"damage_healed":0.0,"max_hp_gain":0.0,"max_hp_loss":0.0,"gold_gain":0.0,"cards_transformed":["Iron Wave","Strike_R"],"event_name":"Drug Dealer","player_choice":"Became Test Subject","floor":27.0,"gold_loss":0.0,"damage_taken":0.0,"cards_obtained":["Uppercut","Exhume"]},{"damage_healed":0.0,"max_hp_gain":0.0,"max_hp_loss":0.0,"gold_gain":0.0,"event_name":"MindBloom","player_choice":"Fight","floor":36.0,"gold_loss":0.0,"damage_taken":0.0},{"cards_removed":["Cleave"],"damage_healed":0.0,"max_hp_gain":0.0,"max_hp_loss":0.0,"gold_gain":0.0,"event_name":"Falling","player_choice":"Removed Attack","floor":39.0,"gold_loss":0.0,"damage_taken":0.0},{"damage_healed":0.0,"max_hp_gain":0.0,"max_hp_loss":0.0,"gold_gain":0.0,"cards_transformed":["Strike_R"],"event_name":"Transmorgrifier","player_choice":"Transformed","floor":44.0,"gold_loss":0.0,"damage_taken":0.0,"cards_obtained":["Reckless Charge"]}],"is_beta":false,"boss_relics":[{"not_picked":["Astrolabe","Tiny House"],"picked":"Philosopher\u0027s Stone"},{"not_picked":["Empty Cage","Velvet Choker"],"picked":"Mark of Pain"}],"items_purged_floors":[19,46,53],"is_endless":false,"potions_floor_spawned":[1,2,7,11,24,25,28,36,37,47,48,54],"ascension_level":8}}