{"host":"knoo6yq0od847mqf","time":1612980006,"event":{"mods":["100% Spire Juice","BaseMod","BetterRewards","Bossed Relics","Downfall","Fiend Mod","Hubris","Koishi","Marisa????????","Minty Spire (QoL Compilation)","Replay The Spire","Spire Arcade","StSLib","The Alterego","The Juggle","TheVacant","Wandering Minibosses","Yuri Mod"],"gold_per_floor":[11,11,24,40,40,40,60,80,80,80,110,124,153,170,170,272,272,290,307,326,339,355,381,480,480,503,537,547,567,366,383,383,484,484,503,503,514,531,531,531],"floor_reached":39,"language":"ENG","playtime":1828,"items_purged":[],"score":466,"play_id":"bd1cb7c7-0c7a-4294-b342-f93fc7c17a11","local_time":"20210210190006","is_ascension_mode":false,"campfire_choices":[{"data":"theVacant:Hex","floor":6,"key":"SMITH"},{"data":"theVacant:VoidForm","floor":10,"key":"SMITH"},{"data":"theVacant:SpiritOrb","floor":15,"key":"SMITH"},{"floor":25,"key":"REST"},{"floor":32,"key":"REST"}],"circlet_count":0,"master_deck":["theVacant:VacantStarterStrike","theVacant:VacantStarterStrike","theVacant:VacantStarterStrike","theVacant:VacantStarterDefend","theVacant:VacantStarterDefend","theVacant:VacantStarterDefend","theVacant:VacantStarterDefend","theVacant:Release","theVacant:Crunch","theVacant:Thoughtseize","theVacant:Hex+1","theVacant:EyePoke","theVacant:VoidForm+1","theVacant:BellToll","theVacant:SpiritOrb+1","theVacant:Exorcise","theVacant:WaitInWrath","theVacant:BellToll","theVacant:BattleScars","theVacant:Throttle+1","theVacant:Acceptance","theVacant:VoidEmbrace+1","theVacant:Barrage","theVacant:DarkStrike","theVacant:Showdown","theVacant:ShriekingBlast+1","theVacant:FranticBlow+1"],"relics":["theVacant:BrassGoblet","CaptainsWheel","Boot","Replay:WaspNest","Bottled Lightning","Replay:Bronze Core","Bag of Preparation","Replay:Rubber Ducky","hubris:Zylophone","Tiny Chest","Busted Crown"],"acts_visited":["Exordium","TheCity","TheBeyond"],"potions_floor_usage":[20,20,22,23,27],"damage_taken":[{"damage":0,"enemies":"Cultist","floor":1,"turns":3},{"damage":1,"enemies":"Jaw Worm","floor":3,"turns":4},{"damage":0,"enemies":"2 Louse","floor":4,"turns":2},{"damage":9,"enemies":"Lots of Slimes","floor":7,"turns":5},{"damage":0,"enemies":"Looter","floor":8,"turns":3},{"damage":26,"enemies":"3 Sentries","floor":11,"turns":9},{"damage":8,"enemies":"Exordium Wildlife","floor":12,"turns":3},{"damage":10,"enemies":"Gremlin Nob","floor":13,"turns":4},{"damage":0,"enemies":"Exordium Thugs","floor":14,"turns":4},{"damage":10,"enemies":"Hexaghost","floor":16,"turns":6},{"damage":4,"enemies":"3 Byrds","floor":18,"turns":2},{"damage":2,"enemies":"Shell Parasite","floor":19,"turns":3},{"damage":18,"enemies":"Sentry and Sphere","floor":20,"turns":5},{"damage":5,"enemies":"Cultist and Chosen","floor":21,"turns":6},{"damage":17,"enemies":"Centurion and Healer","floor":22,"turns":4},{"damage":15,"enemies":"Book of Stabbing","floor":23,"turns":3},{"damage":7,"enemies":"Slavers","floor":27,"turns":4},{"damage":10,"enemies":"Shelled Parasite and Fungi","floor":28,"turns":4},{"damage":0,"enemies":"Cultist and Chosen","floor":29,"turns":5},{"damage":0,"enemies":"Chosen and Byrds","floor":31,"turns":4},{"damage":63,"enemies":"Pondfish","floor":33,"turns":7},{"damage":14,"enemies":"Orb Walker","floor":35,"turns":2},{"damage":24,"enemies":"3 Shapes","floor":37,"turns":3},{"damage":0,"enemies":"Transient","floor":38,"turns":5},{"damage":62,"enemies":"Writhing Mass","floor":39,"turns":2}],"seed_played":"-1757702668225928841","potions_obtained":[{"floor":3,"key":"Strength Potion"},{"floor":7,"key":"Slimebound:ThreeZeroPotion"},{"floor":13,"key":"Explosive Potion"},{"floor":14,"key":"Block Potion"},{"floor":22,"key":"ColorlessPotion"},{"floor":23,"key":"Fire Potion"},{"floor":31,"key":"SpeedPotion"},{"floor":35,"key":"ColorlessPotion"}],"is_trial":false,"path_per_floor":["M","$","M","M","?","R","M","M","T","R","E","M","E","M","R","B",null,"M","M","M","M","M","E","?","R","T","E","M","M","$","M","R","B",null,"M","?","M","M","M"],"character_chosen":"THE_VACANT","items_purchased":["Tiny Chest","hexamod:SoulburnPotion"],"campfire_rested":2,"item_purchase_floors":[30,30],"current_hp_per_floor":[96,96,95,95,95,95,86,86,86,86,60,52,42,42,42,32,96,92,90,72,67,50,35,35,63,63,56,46,46,46,46,74,11,96,82,82,58,58,0,0],"gold":531,"neow_bonus":"TWENTY_PERCENT_HP_BONUS","is_daily":false,"chose_seed":false,"campfire_upgraded":3,"win_rate":0.0,"timestamp":1612980006,"path_taken":["M","?","M","M","?","R","M","M","T","R","E","?","E","M","R","BOSS","M","M","M","M","M","E","?","R","T","E","M","M","$","M","R","BOSS","M","?","M","M","M"],"items_purchased_type":["Relic","Potion"],"build_version":"2020-12-22","purchased_purges":0,"victory":false,"max_hp_per_floor":[96,96,96,96,96,96,96,96,96,96,96,96,96,96,96,96,96,96,96,96,96,96,96,96,96,96,96,96,96,96,96,96,96,96,96,96,96,96,96,96],"card_choices":[{"not_picked":["theVacant:GraveWave","theVacant:OnSecondThought"],"picked":"theVacant:Thoughtseize","floor":1},{"not_picked":["theVacant:EyePoke","theVacant:GraveDigger"],"picked":"theVacant:Hex","floor":3},{"not_picked":["theVacant:Threat","theVacant:CursedBlast"],"picked":"theVacant:EyePoke","floor":4},{"not_picked":["theVacant:Spinshield","theVacant:ShutAway","theVacant:Unearth"],"picked":"SKIP","floor":7},{"not_picked":["theVacant:ShriekingBlast","theVacant:BattleScars"],"picked":"theVacant:VoidForm","floor":8},{"not_picked":["theVacant:EyePoke","theVacant:ShutAway","theVacant:MindBreak"],"picked":"SKIP","floor":11},{"not_picked":["theVacant:Dig","theVacant:GraveWave"],"picked":"theVacant:BellToll","floor":12},{"not_picked":["theVacant:Spinshield","theVacant:Cower","theVacant:Soothe"],"picked":"SKIP","floor":13},{"not_picked":["theVacant:BrassMagnet","theVacant:Return"],"picked":"theVacant:SpiritOrb","floor":14},{"not_picked":["theVacant:VoidForm","theVacant:WhenDarknessComes"],"picked":"theVacant:Exorcise","floor":16},{"not_picked":["theVacant:HolyWater","theVacant:Expand"],"picked":"theVacant:WaitInWrath","floor":18},{"not_picked":["theVacant:EmptyShield+1","theVacant:Return","theVacant:WaitInWrath"],"picked":"SKIP","floor":19},{"not_picked":["theVacant:EyePoke","theVacant:Barrage"],"picked":"theVacant:BellToll","floor":20},{"not_picked":["theVacant:FranticBlow+1","theVacant:Whip"],"picked":"theVacant:BattleScars","floor":21},{"not_picked":["theVacant:Spinshield","theVacant:EyePoke+1"],"picked":"theVacant:Throttle+1","floor":22},{"not_picked":["theVacant:Jab+1","theVacant:Barrage+1"],"picked":"theVacant:Acceptance","floor":23},{"not_picked":["theVacant:Soothe","theVacant:Dig+1","theVacant:BrassMagnet"],"picked":"SKIP","floor":27},{"not_picked":["theVacant:Soothe+1","theVacant:Reconnect"],"picked":"theVacant:VoidEmbrace+1","floor":28},{"not_picked":["theVacant:Soothe+1","theVacant:BellToll"],"picked":"theVacant:Barrage","floor":29},{"not_picked":["theVacant:BattleScars","theVacant:Barrage"],"picked":"theVacant:DarkStrike","floor":31},{"not_picked":["theVacant:Exorcise","theVacant:FiendFrost"],"picked":"theVacant:Showdown","floor":33},{"not_picked":[],"picked":"theVacant:ShriekingBlast+1","floor":35},{"not_picked":["theVacant:ShutAway"],"picked":"SKIP","floor":37},{"not_picked":[],"picked":"theVacant:FranticBlow+1","floor":38}],"player_experience":218227,"relics_obtained":[{"floor":5,"key":"CaptainsWheel"},{"floor":9,"key":"Boot"},{"floor":11,"key":"Replay:WaspNest"},{"floor":13,"key":"Bottled Lightning"},{"floor":23,"key":"Bag of Preparation"},{"floor":26,"key":"Replay:Rubber Ducky"},{"floor":27,"key":"hubris:Zylophone"}],"event_choices":[{"damage_healed":0,"gold_gain":0,"player_choice":"Relic","damage_taken":0,"max_hp_gain":0,"max_hp_loss":0,"event_name":"Wheel of Change","floor":5,"gold_loss":0},{"damage_healed":0,"gold_gain":99,"player_choice":"Stole From Cult","damage_taken":0,"max_hp_gain":0,"max_hp_loss":0,"event_name":"Nest","floor":24,"gold_loss":0},{"cards_removed":["theVacant:VacantStarterStrike"],"damage_healed":0,"gold_gain":0,"player_choice":"Card Removal","damage_taken":0,"max_hp_gain":0,"max_hp_loss":0,"event_name":"Wheel of Change","floor":36,"gold_loss":0}],"is_beta":false,"boss_relics":[{"not_picked":["hubris:GrandSneckoEye","Kintsugi"],"picked":"Replay:Bronze Core"},{"not_picked":["Replay:Drink Me","Cursed Key"],"picked":"Busted Crown"}],"items_purged_floors":[],"is_endless":false,"potions_floor_spawned":[3,7,13,14,18,22,23,31,35,37],"killed_by":"Writhing Mass","ascension_level":0}}