{"host":"mytek2nu1hrzdnew","time":1612919589,"event":{"mods":["AchievementEnabler","Aspiration","BaseMod","Bossed Relics","Conspire","GifTheSpireLib","Gold Saver","Hubris","Infinite Spire","Minty Spire (QoL Compilation)","Replay The Spire","StSLib","Stuff the Spire","Uncapped"],"gold_per_floor":[113,124,124,139,152,152,184,199,224,236,236,236,254,265,265,364,364,381,161,175,175,175],"floor_reached":21,"language":"ENG","playtime":811,"items_purged":["Strike_B"],"score":231,"play_id":"3a243df6-4d6f-4e62-8389-afc0256db930","local_time":"20210209201309","is_ascension_mode":true,"campfire_choices":[{"data":"Zap","floor":6,"key":"SMITH"},{"floor":12,"key":"REST"},{"floor":15,"key":"REST"}],"circlet_count":0,"master_deck":["Strike_B","Strike_B","Defend_B","Defend_B","Defend_B","Defend_B","Zap+1","Dualcast","Beam Cell","Genetic Algorithm","Doom and Gloom","Genetic Algorithm","Gash","Gash","Reinforced Body","Decay","Darkness","Capacitor","Fission","Go for the Eyes"],"relics":["Cracked Core","hubris:BundleOfHerbs","hubris:OldNail","conspire:SpecialSausage","Bag of Preparation"],"acts_visited":["Exordium","TheCity"],"potions_floor_usage":[7,7,16],"damage_taken":[{"damage":2,"enemies":"Jaw Worm","floor":1,"turns":3},{"damage":5,"enemies":"2 Louse","floor":2,"turns":3},{"damage":1,"enemies":"Cultist","floor":4,"turns":4},{"damage":25,"enemies":"Exordium Wildlife","floor":5,"turns":4},{"damage":28,"enemies":"Gremlin Nob","floor":7,"turns":4},{"damage":0,"enemies":"2 Fungi Beasts","floor":8,"turns":3},{"damage":13,"enemies":"3 Louse","floor":10,"turns":3},{"damage":3,"enemies":"Large Slime","floor":13,"turns":6},{"damage":5,"enemies":"Blue Slaver","floor":14,"turns":4},{"damage":35,"enemies":"Slime Boss","floor":16,"turns":10},{"damage":24,"enemies":"2 Thieves","floor":18,"turns":4},{"damage":42,"enemies":"Shell Parasite","floor":20,"turns":6},{"damage":4,"enemies":"Snake Plant","floor":21,"turns":3}],"seed_played":"-7850219541246117434","potions_obtained":[{"floor":1,"key":"AttackPotion"},{"floor":5,"key":"AttackPotion"},{"floor":10,"key":"SteroidPotion"},{"floor":13,"key":"EssenceOfSteel"},{"floor":14,"key":"Weak Potion"}],"is_trial":false,"path_per_floor":["M","M","?","M","M","R","E","M","T","M","?","R","M","M","R","B",null,"M","$","M","M"],"character_chosen":"DEFECT","items_purchased":["Bag of Preparation"],"campfire_rested":2,"item_purchase_floors":[19],"current_hp_per_floor":[80,75,75,74,49,49,21,26,26,13,13,37,40,35,59,30,69,45,45,3,0,0],"gold":175,"neow_bonus":"TEN_PERCENT_HP_BONUS","is_daily":false,"chose_seed":false,"campfire_upgraded":1,"win_rate":0.0,"timestamp":1612919589,"path_taken":["M","M","?","M","M","R","E","M","T","M","?","R","?","M","R","BOSS","M","$","M","M"],"items_purchased_type":["Relic"],"build_version":"2020-12-22","purchased_purges":1,"victory":false,"max_hp_per_floor":[82,82,82,82,82,82,82,82,82,82,82,82,82,82,82,82,82,82,82,82,82,82],"card_choices":[{"not_picked":["Time Bomb","Double Energy"],"picked":"Beam Cell","floor":1},{"not_picked":["Barrage","Rebound"],"picked":"Genetic Algorithm","floor":2},{"not_picked":["Streamline","ReplayTheSpireMod:Reroute Power"],"picked":"Doom and Gloom","floor":4},{"not_picked":["Auto Shields","ReplaySort"],"picked":"Genetic Algorithm","floor":5},{"not_picked":["Panic Button","ReplaySort"],"picked":"Gash","floor":7},{"not_picked":["StuffTheSpire:CleanHardDrive","StuffTheSpire:LoadUp"],"picked":"Gash","floor":8},{"not_picked":["ReplayRNGCard","StuffTheSpire:LoadUp"],"picked":"Reinforced Body","floor":10},{"not_picked":["Cold Snap","Steam"],"picked":"Darkness","floor":13},{"not_picked":["Steam","Redo"],"picked":"Capacitor","floor":14},{"not_picked":["Meteor Strike","hubris:Prefetch"],"picked":"Fission","floor":16},{"not_picked":["Panic Button+1","Redo","StuffTheSpire:LoadUp"],"picked":"SKIP","floor":18},{"not_picked":["Panic Button","Cold Snap"],"picked":"Go for the Eyes","floor":20}],"player_experience":1061661,"relics_obtained":[{"floor":7,"key":"hubris:BundleOfHerbs"},{"floor":9,"key":"hubris:OldNail"}],"event_choices":[{"damage_healed":0,"gold_gain":0,"player_choice":"Cursed","damage_taken":0,"max_hp_gain":0,"max_hp_loss":0,"event_name":"Wheel of Change","floor":11,"gold_loss":0,"cards_obtained":["Decay"]}],"is_beta":false,"boss_relics":[{"not_picked":["infinitespire:Cupcake","hubris:RunicObelisk"],"picked":"conspire:SpecialSausage"}],"items_purged_floors":[19],"is_endless":false,"potions_floor_spawned":[1,5,10,13,14],"killed_by":"Snake Plant","ascension_level":5}}