{"host":"nwtxriuk34b069je","time":1612918803,"event":{"mods":["AchievementEnabler","BaseMod","Better Skull","Colored Map","Colored Powertips","Hermit","Minty Spire (QoL Compilation)","Relic Stats","StSLib"],"gold_per_floor":[113,113,15,30,47,47,75,93,93,105,122,74,93,119,119,224,224,243,128,128,128,148,148,48,58,58,58,136,61,61,80,80,182,182,202,24,24,24,36,36,36,71,71,96,107,107,107,117,117,117,117],"floor_reached":50,"language":"ENG","playtime":1255,"items_purged":["Defend_R","Defend_R","Strike_R"],"score":725,"play_id":"be0e74c0-73be-49e0-b07a-7f9e969ad84b","local_time":"20210209190003","is_ascension_mode":false,"campfire_choices":[{"data":"Bash","floor":6,"key":"SMITH"},{"floor":15,"key":"REST"},{"data":"Limit Break","floor":23,"key":"SMITH"},{"data":"Searing Blow","floor":32,"key":"SMITH"},{"data":"Searing Blow+1","floor":41,"key":"SMITH"},{"floor":46,"key":"REST"},{"data":"Searing Blow+2","floor":49,"key":"SMITH"}],"circlet_count":0,"master_deck":["Strike_R","Strike_R","Strike_R","Strike_R","Bash+1","Clash","Anger","Anger","Anger","Thunderclap","Clash","Iron Wave","Clash","Limit Break+1","Anger","Searing Blow+3","Flex","Iron Wave","Anger+1","Armaments+1"],"relics":["Unceasing Top","Tiny Chest","Pantograph","Odd Mushroom","Sozu","Shuriken","Thread and Needle","Letter Opener","InkBottle","WingedGreaves","Mummified Hand","Oddly Smooth Stone"],"acts_visited":["Exordium","TheCity","TheBeyond"],"potions_floor_usage":[14,14,14,50,50],"damage_taken":[{"damage":7,"enemies":"2 Louse","floor":1,"turns":3},{"damage":0,"enemies":"Cultist","floor":4,"turns":2},{"damage":7,"enemies":"Small Slimes","floor":5,"turns":3},{"damage":17,"enemies":"Gremlin Nob","floor":7,"turns":4},{"damage":5,"enemies":"Looter","floor":8,"turns":2},{"damage":8,"enemies":"Lots of Slimes","floor":10,"turns":3},{"damage":8,"enemies":"Red Slaver","floor":11,"turns":2},{"damage":7,"enemies":"Blue Slaver","floor":13,"turns":2},{"damage":5,"enemies":"The Mushroom Lair","floor":14,"turns":3},{"damage":33,"enemies":"Hexaghost","floor":16,"turns":6},{"damage":5,"enemies":"2 Thieves","floor":18,"turns":3},{"damage":0,"enemies":"Spheric Guardian","floor":22,"turns":2},{"damage":14,"enemies":"Shelled Parasite and Fungi","floor":25,"turns":3},{"damage":9,"enemies":"Centurion and Healer","floor":31,"turns":3},{"damage":23,"enemies":"Collector","floor":33,"turns":3},{"damage":1,"enemies":"3 Darklings","floor":35,"turns":2},{"damage":11,"enemies":"Orb Walker","floor":39,"turns":2},{"damage":0,"enemies":"Giant Head","floor":42,"turns":5},{"damage":36,"enemies":"Nemesis","floor":44,"turns":3},{"damage":18,"enemies":"Writhing Mass","floor":45,"turns":3},{"damage":0,"enemies":"3 Darklings","floor":48,"turns":2},{"damage":83,"enemies":"Time Eater","floor":50,"turns":6}],"seed_played":"5727354106346427792","potions_obtained":[{"floor":5,"key":"Weak Potion"},{"floor":7,"key":"GamblersBrew"},{"floor":13,"key":"LiquidMemories"},{"floor":14,"key":"Fruit Juice"},{"floor":16,"key":"Strength Potion"}],"is_trial":true,"path_per_floor":["M","?","$","M","M","R","E","M","T","M","M","$","M","?","R","B",null,"M","$","?","T","M","R","$","M","T","?","T","?","$","M","R","B",null,"M","$","?","T","M","?","R","E","T","E","M","R","$","M","R","B"],"character_chosen":"IRONCLAD","items_purchased":["Clash","Anger","Iron Wave","Searing Blow","Iron Wave"],"campfire_rested":2,"item_purchase_floors":[3,3,12,19,36],"current_hp_per_floor":[73,73,73,73,66,66,49,44,44,36,28,28,21,21,46,38,85,80,80,64,64,64,64,64,50,50,50,50,50,50,41,41,43,90,90,90,90,90,79,79,79,79,79,43,25,50,50,50,50,0,0],"gold":117,"neow_bonus":"","is_daily":false,"chose_seed":false,"campfire_upgraded":5,"win_rate":0.0,"timestamp":1612918803,"path_taken":["M","?","$","M","M","R","E","M","T","M","M","$","?","?","R","BOSS","M","$","?","?","?","R","?","M","T","?","?","?","?","M","R","BOSS","M","$","?","?","M","?","R","E","T","E","M","R","$","?","R","BOSS"],"items_purchased_type":["Card","Card","Card","Card","Card"],"build_version":"2020-12-22","purchased_purges":3,"victory":false,"max_hp_per_floor":[80,80,80,80,80,80,80,80,80,80,80,80,80,85,85,85,85,85,85,90,90,90,90,90,90,90,90,90,90,90,90,90,90,90,90,90,90,90,90,85,85,85,85,85,85,85,85,85,85,85,85],"relic_stats":{"Sozu":5,"counters":[22,67],"Shuriken":[50],"Mummified Hand":[0],"Pantograph":75,"Tiny Chest":3,"Letter Opener":[15],"obtain_stats":[{"Sozu":17,"Shuriken":21,"Mummified Hand":43,"Pantograph":9,"Oddly Smooth Stone":44,"Tiny Chest":7,"Thread and Needle":26,"WingedGreaves":42,"Letter Opener":28,"Odd Mushroom":14,"Unceasing Top":0,"InkBottle":38},{"Sozu":10,"Shuriken":11,"Mummified Hand":18,"Pantograph":5,"Oddly Smooth Stone":19,"Tiny Chest":4,"Thread and Needle":13,"WingedGreaves":18,"Letter Opener":13,"Odd Mushroom":9,"Unceasing Top":0,"InkBottle":16},{"Sozu":30,"Shuriken":33,"Mummified Hand":53,"Pantograph":14,"Oddly Smooth Stone":56,"Tiny Chest":12,"Thread and Needle":38,"WingedGreaves":53,"Letter Opener":38,"Odd Mushroom":24,"Unceasing Top":0,"InkBottle":46}],"Unceasing Top":[81],"InkBottle":[12]},"card_choices":[{"not_picked":["Body Slam","Whirlwind","True Grit"],"picked":"SKIP","floor":1},{"not_picked":["Sentinel","Heavy Blade","True Grit"],"picked":"SKIP","floor":4},{"not_picked":["Pommel Strike","Wild Strike"],"picked":"Anger","floor":5},{"not_picked":["Exhume","Anger","Blood for Blood"],"picked":"SKIP","floor":7},{"not_picked":["Armaments","Rupture"],"picked":"Anger","floor":8},{"not_picked":["Wild Strike","Infernal Blade"],"picked":"Thunderclap","floor":10},{"not_picked":["Dual Wield","Clothesline"],"picked":"Clash","floor":11},{"not_picked":["Thunderclap","Perfected Strike","Sword Boomerang"],"picked":"SKIP","floor":13},{"not_picked":["Rampage","Cleave"],"picked":"Clash","floor":14},{"not_picked":["Reaper","Immolate"],"picked":"Limit Break","floor":16},{"not_picked":["Heavy Blade","Shrug It Off+1"],"picked":"Anger","floor":18},{"not_picked":["Thunderclap+1","Perfected Strike","Shrug It Off+1"],"picked":"SKIP","floor":22},{"not_picked":["Bloodletting","Body Slam"],"picked":"Flex","floor":25},{"not_picked":["Perfected Strike+1","Body Slam+1","Headbutt+1"],"picked":"SKIP","floor":31},{"not_picked":["Immolate","Offering"],"picked":"Reaper","floor":33},{"not_picked":["Cleave","Entrench+1","Warcry+1"],"picked":"SKIP","floor":35},{"not_picked":["Headbutt+1","Cleave+1"],"picked":"Anger+1","floor":39},{"not_picked":["Fiend Fire","Pommel Strike+1","Wild Strike"],"picked":"SKIP","floor":42},{"not_picked":["Body Slam+1","Juggernaut","Reckless Charge"],"picked":"SKIP","floor":44},{"not_picked":["Pommel Strike","Thunderclap+1"],"picked":"Armaments+1","floor":45},{"not_picked":["Havoc","Intimidate+1","Thunderclap"],"picked":"SKIP","floor":48}],"player_experience":536998,"relics_obtained":[{"floor":7,"key":"Tiny Chest"},{"floor":9,"key":"Pantograph"},{"floor":14,"key":"Odd Mushroom"},{"floor":21,"key":"Shuriken"},{"floor":26,"key":"Thread and Needle"},{"floor":28,"key":"Letter Opener"},{"floor":38,"key":"InkBottle"},{"floor":42,"key":"WingedGreaves"},{"floor":43,"key":"Mummified Hand"},{"floor":44,"key":"Oddly Smooth Stone"}],"event_choices":[{"cards_removed":["Defend_R"],"damage_healed":0,"gold_gain":0,"player_choice":"Offered Basic","damage_taken":0,"max_hp_gain":0,"max_hp_loss":0,"event_name":"Bonfire Elementals","floor":2,"gold_loss":0},{"damage_healed":0,"gold_gain":0,"player_choice":"Fought Mushrooms","damage_taken":0,"max_hp_gain":0,"max_hp_loss":0,"event_name":"Mushrooms","floor":14,"gold_loss":0},{"damage_healed":0,"gold_gain":0,"player_choice":"Shed Blood","damage_taken":21,"max_hp_gain":5,"max_hp_loss":0,"event_name":"Forgotten Altar","floor":20,"gold_loss":0},{"damage_healed":0,"gold_gain":0,"player_choice":"Ignored","damage_taken":0,"max_hp_gain":0,"max_hp_loss":0,"event_name":"The Mausoleum","floor":27,"gold_loss":0},{"cards_removed":["Defend_R"],"damage_healed":0,"gold_gain":0,"player_choice":"Gave Gold","damage_taken":0,"max_hp_gain":0,"max_hp_loss":0,"event_name":"Beggar","floor":29,"gold_loss":75},{"cards_removed":["Reaper"],"damage_healed":0,"gold_gain":0,"player_choice":"Removed Attack","damage_taken":0,"max_hp_gain":0,"max_hp_loss":0,"event_name":"Falling","floor":37,"gold_loss":0},{"damage_healed":0,"gold_gain":0,"player_choice":"Max HP","damage_taken":0,"max_hp_gain":0,"max_hp_loss":5,"event_name":"Winding Halls","floor":40,"gold_loss":0}],"is_beta":false,"boss_relics":[{"not_picked":["Cursed Key","Ectoplasm"],"picked":"Sozu"},{"not_picked":["Snecko Eye","Calling Bell","Runic Pyramid"]}],"items_purged_floors":[19,24,36],"is_endless":true,"potions_floor_spawned":[5,7,13,14,16,18,25,39,42,48],"killed_by":"Time Eater","ascension_level":0}}