{"host":"1e3ivg30op4goso1","time":1612982510,"event":{"mods":["AchievementEnabler","Ascension Unlocker","BaseMod","Colored Map","Minty Spire (QoL Compilation)","Permanent Neow","Quick Restart","Relic Filter","StSLib","SuperFastMode"],"gold_per_floor":[159,159,159,159,176,186,130,130,157,157,157,157,215,243,243,243,243],"floor_reached":16,"language":"ENG","playtime":818,"items_purged":[],"score":192,"play_id":"0c9069c7-4bc4-45dd-8b38-4a62789211d8","local_time":"20210210134150","is_ascension_mode":true,"campfire_choices":[{"data":"True Grit","floor":8,"key":"SMITH"},{"data":"Bash","floor":10,"key":"SMITH"},{"floor":12,"key":"REST"},{"floor":15,"key":"REST"}],"circlet_count":0,"master_deck":["AscendersBane","Strike_R","Strike_R","Strike_R","Strike_R+1","Defend_R","Defend_R","Defend_R","Defend_R","Bash+1","CurseOfTheBell","Juggernaut+1","True Grit+1","Uppercut","Feel No Pain+1","Battle Trance+1"],"relics":["Calling Bell","Oddly Smooth Stone","Question Card","Tiny House","Frozen Egg 2","Calipers","Potion Belt","Toxic Egg 2","HornCleat"],"acts_visited":["Exordium"],"potions_floor_usage":[],"damage_taken":[{"damage":10,"enemies":"Small Slimes","floor":1,"turns":4},{"damage":6,"enemies":"2 Louse","floor":5,"turns":3},{"damage":6,"enemies":"Cultist","floor":6,"turns":3},{"damage":32,"enemies":"Gremlin Nob","floor":13,"turns":4},{"damage":20,"enemies":"3 Sentries","floor":14,"turns":7},{"damage":42,"enemies":"Hexaghost","floor":16,"turns":9}],"seed_played":"-7052127772138564675","potions_obtained":[{"floor":5,"key":"EssenceOfSteel"}],"is_trial":false,"path_per_floor":["M","?","?","?","M","M","$","R","T","R","?","R","?","E","R","B"],"character_chosen":"IRONCLAD","items_purchased":["True Grit"],"campfire_rested":2,"item_purchase_floors":[7],"current_hp_per_floor":[63,63,56,56,50,44,44,44,44,44,44,68,36,16,40,0,0],"gold":243,"neow_bonus":"BOSS_RELIC","is_daily":false,"chose_seed":false,"campfire_upgraded":2,"win_rate":0.0,"timestamp":1612982510,"path_taken":["M","?","?","?","?","M","$","R","T","R","?","R","?","E","R","BOSS"],"items_purchased_type":["Card"],"build_version":"2020-12-22","purchased_purges":0,"victory":false,"max_hp_per_floor":[80,80,80,80,80,80,80,80,80,80,80,80,80,80,80,80,80],"card_choices":[{"not_picked":["Clash","Thunderclap","Body Slam","Rupture"],"picked":"SKIP","floor":1},{"not_picked":["Searing Blow","Thunderclap","Shrug It Off","Anger"],"picked":"SKIP","floor":5},{"not_picked":["Armaments","Flex","Dual Wield"],"picked":"Juggernaut+1","floor":6},{"not_picked":["Thunderclap","Rampage","Sword Boomerang"],"picked":"Feel No Pain+1","floor":13},{"not_picked":["Reaper","Thunderclap","Infernal Blade+1"],"picked":"Battle Trance+1","floor":14}],"player_experience":2708,"relics_obtained":[{"floor":0,"key":"Oddly Smooth Stone"},{"floor":0,"key":"Question Card"},{"floor":0,"key":"Tiny House"},{"floor":4,"key":"Calipers"},{"floor":9,"key":"Potion Belt"},{"floor":13,"key":"Toxic Egg 2"},{"floor":14,"key":"HornCleat"}],"event_choices":[{"damage_healed":0,"gold_gain":0,"player_choice":"Box","damage_taken":0,"relics_obtained":["Frozen Egg 2"],"max_hp_gain":0,"max_hp_loss":0,"event_name":"Big Fish","floor":2,"gold_loss":0,"cards_obtained":["Regret"]},{"cards_removed":["Regret"],"damage_healed":0,"gold_gain":0,"player_choice":"Card Removal","damage_taken":7,"max_hp_gain":0,"max_hp_loss":0,"event_name":"Golden Wing","floor":3,"gold_loss":0},{"damage_healed":0,"gold_gain":0,"player_choice":"Relic","damage_taken":0,"max_hp_gain":0,"max_hp_loss":0,"event_name":"Wheel of Change","floor":4,"gold_loss":0},{"damage_healed":0,"gold_gain":0,"cards_transformed":["Strike_R"],"player_choice":"Change","damage_taken":0,"max_hp_gain":0,"max_hp_loss":0,"event_name":"Living Wall","floor":11,"gold_loss":0,"cards_obtained":["Uppercut"]},{"damage_healed":0,"gold_gain":0,"player_choice":"Searched \u00272\u0027 times","damage_taken":0,"max_hp_gain":0,"max_hp_loss":0,"event_name":"Dead Adventurer","floor":13,"gold_loss":0}],"is_beta":false,"boss_relics":[],"items_purged_floors":[],"is_endless":false,"potions_floor_spawned":[5,6],"killed_by":"Hexaghost","ascension_level":20}}