{"host":"sc0o2qwpf9j16a4i","time":1612961697,"event":{"mods":["AchievementEnabler","BaseMod","BetterRewards","Block Reminder","Colored Map","Colored Powertips","Custom Start","Highlight Path","Minty Spire (QoL Compilation)","Relic Stats"],"gold_per_floor":[111,130,130,130,155,155,199,223,223,223,243,243,268,309,309,437,500,518,534,6,306,306,341,341,382,382,382,418,449,464,482,482,611,611,636,655,59,84,105,139,202,246,271,271,271,290,305,324,324,324],"floor_reached":51,"language":"ENG","playtime":2367,"items_purged":["Shame"],"score":1327,"play_id":"897dcd32-66d4-4d3a-b6e7-ac6173741eb9","local_time":"20210210145457","daily_mods":["Shiny","ControlledChaos","Binary"],"is_ascension_mode":false,"campfire_choices":[{"data":"Feed","floor":6.0,"key":"SMITH"},{"data":"Offering","floor":10.0,"key":"SMITH"},{"data":"Immolate","floor":12,"key":"SMITH"},{"data":"Berserk","floor":15,"key":"SMITH"},{"data":"Feel No Pain","floor":24,"key":"SMITH"},{"data":"Feel No Pain","floor":27,"key":"SMITH"},{"data":"Offering","floor":32,"key":"SMITH"},{"data":"Impervious","floor":49,"key":"SMITH"}],"circlet_count":0,"master_deck":["Double Tap","Demon Form","Bludgeon","Feed+1","Limit Break+1","Corruption","Barricade","Fiend Fire","Berserk+1","Impervious+1","Juggernaut","Brutality","Reaper","Exhume","Offering+1","Immolate+1","Armaments+1","Combust","Feel No Pain+1","Flame Barrier","Offering+1","Apotheosis","Seeing Red","Ghostly","Ghostly","Ghostly","Ghostly","Ghostly","Feel No Pain+1","Bloodletting+1","Shrug It Off+1","Intimidate+1","Discovery+1","Warcry+1","Havoc+1","Power Through+1","Shrug It Off+1","Chrysalis+1","Warcry+1","Shrug It Off+1"],"relics":["Burning Blood","Frozen Eye","Golden Idol","Bottled Lightning","Bottled Flame","Odd Mushroom","Molten Egg 2","Tiny House","Mummified Hand","Old Coin","Toxic Egg 2","Sundial","Potion Belt","Red Mask","Singing Bowl","Philosopher\u0027s Stone","Lantern","Red Skull","Strawberry","Mango","Mercury Hourglass","Anchor"],"acts_visited":["Exordium","TheCity","TheBeyond"],"potions_floor_usage":[18,29,29,31,42,47,48,50,50],"damage_taken":[{"damage":11.0,"enemies":"Jaw Worm","floor":1.0,"turns":2.0},{"damage":6.0,"enemies":"Cultist","floor":2.0,"turns":2.0},{"damage":6.0,"enemies":"Small Slimes","floor":5.0,"turns":1.0},{"damage":6.0,"enemies":"Gremlin Nob","floor":7.0,"turns":2.0},{"damage":21.0,"enemies":"Looter","floor":8.0,"turns":3.0},{"damage":19,"enemies":"3 Louse","floor":11,"turns":3},{"damage":0,"enemies":"The Mushroom Lair","floor":13,"turns":1},{"damage":18,"enemies":"Lagavulin","floor":14,"turns":4},{"damage":21,"enemies":"Slime Boss","floor":16,"turns":5},{"damage":14,"enemies":"2 Thieves","floor":18,"turns":3},{"damage":16,"enemies":"3 Byrds","floor":19,"turns":4},{"damage":10,"enemies":"Gremlin Leader","floor":23,"turns":3},{"damage":12,"enemies":"Slavers","floor":25,"turns":4},{"damage":13,"enemies":"Masked Bandits","floor":28,"turns":2},{"damage":8,"enemies":"Book of Stabbing","floor":29,"turns":1},{"damage":13,"enemies":"Shelled Parasite and Fungi","floor":30,"turns":6},{"damage":15,"enemies":"Snake Plant","floor":31,"turns":3},{"damage":21,"enemies":"Collector","floor":33,"turns":5},{"damage":9,"enemies":"Orb Walker","floor":35,"turns":3},{"damage":13,"enemies":"3 Darklings","floor":36,"turns":5},{"damage":9,"enemies":"Sphere and 2 Shapes","floor":38,"turns":4},{"damage":14,"enemies":"Maw","floor":39,"turns":6},{"damage":13,"enemies":"Nemesis","floor":40,"turns":4},{"damage":14,"enemies":"Mind Bloom Boss Battle","floor":41,"turns":5},{"damage":20,"enemies":"Giant Head","floor":42,"turns":6},{"damage":8,"enemies":"Spire Growth","floor":46,"turns":3},{"damage":7,"enemies":"Jaw Worm Horde","floor":47,"turns":3},{"damage":7,"enemies":"Transient","floor":48,"turns":5},{"damage":18,"enemies":"Donu and Deca","floor":50,"turns":7}],"seed_played":"1106179482891173525","potions_obtained":[{"floor":2.0,"key":"Explosive Potion"},{"floor":5.0,"key":"LiquidMemories"},{"floor":8.0,"key":"Fire Potion"},{"floor":17,"key":"CultistPotion"},{"floor":18,"key":"Swift Potion"},{"floor":29,"key":"SteroidPotion"},{"floor":33,"key":"Dexterity Potion"},{"floor":35,"key":"Regen Potion"},{"floor":38,"key":"BlessingOfTheForge"},{"floor":39,"key":"CultistPotion"},{"floor":46,"key":"Regen Potion"},{"floor":47,"key":"Weak Potion"}],"is_trial":true,"path_per_floor":["M","M","?","?","M","R","E","M","T","R","M","R","?","E","R","B",null,"M","M","$","?","?","E","R","E","T","R","?","E","M","M","R","B",null,"M","M","$","M","M","E","?","E","T","?","?","M","M","M","R","B",null],"character_chosen":"IRONCLAD","items_purchased":["Apotheosis","Mummified Hand","Seeing Red","Lantern","Red Skull","Intimidate+1","Discovery+1","Warcry+1"],"campfire_rested":0,"item_purchase_floors":[20,20,20,37,37,37,37,37],"current_hp_per_floor":[78,78,78,77,81,81,81,71,71,71,81,81,87,75,75,64,94,94,88,88,88,53,53,53,65,65,65,62,66,74,67,67,79,89,91,94,94,103,105,112,130,118,118,118,112,119,131,139,139,138],"gold":324,"neow_bonus":"","is_daily":false,"chose_seed":false,"campfire_upgraded":8,"win_rate":0.0,"timestamp":1612961697,"path_taken":["M","M","?","?","M","R","E","M","T","R","M","R","?","E","R","BOSS","M","M","$","?","?","E","R","E","T","R","?","E","M","M","R","BOSS","M","M","$","M","M","E","?","E","T","?","?","M","M","?","R","BOSS"],"items_purchased_type":["Card","Relic","Card","Relic","Relic","Card","Card","Card"],"build_version":"2020-12-22","purchased_purges":1,"victory":true,"max_hp_per_floor":[83,83,83,77,81,81,81,81,81,81,89,89,89,89,89,89,94,102,106,106,106,53,57,57,65,65,65,69,75,85,87,87,89,89,91,95,95,103,105,112,130,132,132,125,129,133,137,139,139,139],"relic_stats":{"Singing Bowl":20,"counters":[29,105],"Golden Idol":225,"Mummified Hand":[187],"Sundial":[0],"obtain_stats":[{"Potion Belt":26,"Lantern":37,"Tiny House":17,"Singing Bowl":29,"Golden Idol":4,"Mango":41,"Odd Mushroom":13,"Burning Blood":0,"Old Coin":21,"Mercury Hourglass":42,"Frozen Eye":0,"Bottled Flame":9,"Anchor":43,"Mummified Hand":20,"Sundial":25,"Strawberry":40,"Molten Egg 2":14,"Philosopher\u0027s Stone":34,"Red Mask":28,"Bottled Lightning":7,"Toxic Egg 2":23,"Red Skull":37},{"Potion Belt":13,"Lantern":20,"Tiny House":9,"Singing Bowl":15,"Golden Idol":2,"Mango":24,"Odd Mushroom":7,"Burning Blood":0,"Old Coin":11,"Mercury Hourglass":25,"Frozen Eye":0,"Bottled Flame":5,"Anchor":25,"Mummified Hand":11,"Sundial":13,"Strawberry":23,"Molten Egg 2":8,"Philosopher\u0027s Stone":18,"Red Mask":14,"Bottled Lightning":4,"Toxic Egg 2":12,"Red Skull":20},{"Potion Belt":37,"Lantern":62,"Tiny House":23,"Singing Bowl":40,"Golden Idol":4,"Mango":81,"Odd Mushroom":14,"Burning Blood":0,"Old Coin":30,"Mercury Hourglass":87,"Frozen Eye":0,"Bottled Flame":10,"Anchor":87,"Mummified Hand":30,"Sundial":37,"Strawberry":76,"Molten Egg 2":18,"Philosopher\u0027s Stone":54,"Red Mask":39,"Bottled Lightning":7,"Toxic Egg 2":33,"Red Skull":62}],"Burning Blood":151,"Mercury Hourglass":[51]},"card_choices":[{"not_picked":["Body Slam","Hemokinesis"],"picked":"SKIP","floor":1.0},{"not_picked":["Pommel Strike"],"picked":"Armaments","floor":2.0},{"not_picked":["Sword Boomerang","Clash"],"picked":"SKIP","floor":5.0},{"not_picked":["Iron Wave","Thunderclap"],"picked":"SKIP","floor":7.0},{"not_picked":["Evolve"],"picked":"Combust","floor":8.0},{"not_picked":["True Grit"],"picked":"Feel No Pain","floor":11},{"not_picked":["Heavy Blade+1"],"picked":"Flame Barrier","floor":14},{"not_picked":["Bludgeon+1"],"picked":"Offering","floor":16},{"not_picked":["Anger+1","Iron Wave+1"],"picked":"SKIP","floor":18},{"not_picked":["Cleave+1","Pummel+1"],"picked":"SKIP","floor":19},{"not_picked":["Ghostly Armor+1"],"picked":"Feel No Pain","floor":23},{"not_picked":["Armaments+1"],"picked":"Bloodletting+1","floor":25},{"not_picked":["Cleave+1","Rage+1"],"picked":"Singing Bowl","floor":29},{"not_picked":["Anger+1","Sword Boomerang+1"],"picked":"Singing Bowl","floor":30},{"not_picked":["Dropkick+1","Perfected Strike+1"],"picked":"Singing Bowl","floor":31},{"not_picked":["Brutality","Bludgeon+1"],"picked":"Singing Bowl","floor":33},{"not_picked":["Metallicize","Armaments+1"],"picked":"Singing Bowl","floor":35},{"not_picked":["Flex+1"],"picked":"Shrug It Off+1","floor":36},{"not_picked":["Headbutt+1"],"picked":"Havoc+1","floor":38},{"not_picked":["Carnage+1","Searing Blow+1"],"picked":"Singing Bowl","floor":39},{"not_picked":["Pommel Strike+1"],"picked":"Power Through+1","floor":40},{"not_picked":["Berserk"],"picked":"Shrug It Off+1","floor":41},{"not_picked":["Corruption","Reckless Charge+1"],"picked":"Singing Bowl","floor":42},{"not_picked":["Finesse+1"],"picked":"Chrysalis+1","floor":45},{"not_picked":["Metamorphosis+1","Flash of Steel+1"],"picked":"Singing Bowl","floor":45},{"not_picked":["Forethought+1","Jack Of All Trades+1"],"picked":"Singing Bowl","floor":45},{"not_picked":["Iron Wave+1"],"picked":"Warcry+1","floor":46},{"not_picked":["Hemokinesis+1"],"picked":"Shrug It Off+1","floor":47},{"not_picked":["Twin Strike+1","Headbutt+1"],"picked":"Singing Bowl","floor":48}],"player_experience":1303112,"relics_obtained":[{"floor":7.0,"key":"Bottled Lightning"},{"floor":9.0,"key":"Bottled Flame"},{"floor":13,"key":"Odd Mushroom"},{"floor":14,"key":"Molten Egg 2"},{"floor":23,"key":"Toxic Egg 2"},{"floor":25,"key":"Sundial"},{"floor":26,"key":"Potion Belt"},{"floor":28,"key":"Red Mask"},{"floor":29,"key":"Singing Bowl"},{"floor":40,"key":"Strawberry"},{"floor":41,"key":"Mango"},{"floor":42,"key":"Mercury Hourglass"},{"floor":43,"key":"Anchor"}],"event_choices":[{"damage_healed":0.0,"max_hp_gain":0.0,"max_hp_loss":0.0,"gold_gain":0.0,"event_name":"Living Wall","player_choice":"Grow","floor":3.0,"gold_loss":0.0,"damage_taken":0.0,"cards_upgraded":["Armaments"]},{"damage_healed":0.0,"max_hp_gain":0.0,"max_hp_loss":6.0,"gold_gain":0.0,"event_name":"Golden Idol","player_choice":"Lose Max HP","floor":4.0,"gold_loss":0.0,"damage_taken":0.0,"relics_obtained":["Golden Idol"]},{"damage_healed":0,"gold_gain":0,"player_choice":"Fought Mushrooms","damage_taken":0,"max_hp_gain":0,"max_hp_loss":0,"event_name":"Mushrooms","floor":13,"gold_loss":0},{"damage_healed":0,"gold_gain":0,"player_choice":"Stole Relic","damage_taken":0,"relics_obtained":["Old Coin"],"max_hp_gain":0,"max_hp_loss":0,"event_name":"Addict","floor":21,"gold_loss":0,"cards_obtained":["Shame"]},{"damage_healed":0,"gold_gain":0,"player_choice":"Became a Ghost","damage_taken":0,"max_hp_gain":0,"max_hp_loss":53,"event_name":"Ghosts","floor":22,"gold_loss":0,"cards_obtained":["Ghostly","Ghostly","Ghostly","Ghostly","Ghostly"]},{"damage_healed":0,"gold_gain":0,"player_choice":"Fought Bandits","damage_taken":0,"max_hp_gain":0,"max_hp_loss":0,"event_name":"Masked Bandits","floor":28,"gold_loss":0},{"damage_healed":0,"gold_gain":0,"player_choice":"Fight","damage_taken":0,"max_hp_gain":0,"max_hp_loss":0,"event_name":"MindBloom","floor":41,"gold_loss":0},{"damage_healed":0,"gold_gain":0,"player_choice":"Max HP","damage_taken":0,"max_hp_gain":0,"max_hp_loss":7,"event_name":"Winding Halls","floor":44,"gold_loss":0},{"damage_healed":0,"gold_gain":0,"player_choice":"Memory 3","damage_taken":10,"max_hp_gain":0,"max_hp_loss":0,"event_name":"SensoryStone","floor":45,"gold_loss":0}],"is_beta":false,"boss_relics":[{"not_picked":["Runic Cube","Empty Cage"],"picked":"Tiny House"},{"not_picked":["Coffee Dripper","Sozu"],"picked":"Philosopher\u0027s Stone"}],"items_purged_floors":[37],"is_endless":false,"potions_floor_spawned":[2,5,8,13,18,19,25,29,33,35,38,39,41,46,47],"ascension_level":0}}