{"host":"3y2rtlgteqp2nuo3","time":1612923437,"event":{"mods":["2.2 Compatiblity","AchievementEnabler","BaseMod","Colored Map","DeckTracker","Highlight Path","Keyboard Shortcuts","Minty Spire (QoL Compilation)","Permanent Neow","Quick Restart","StSLib","SuperFastMode","everything is the same but u backflip on backflip"],"gold_per_floor":[111,126,106,124,138,138,163,163,163,88,112,112,112,112],"floor_reached":13,"language":"KOR","playtime":246,"items_purged":["Strike_R"],"score":140,"play_id":"1086e623-bece-408a-9cc6-21efe6c7a4ef","local_time":"20210210111717","is_ascension_mode":true,"campfire_choices":[{"data":"Clothesline","floor":6.0,"key":"SMITH"},{"data":"Searing Blow","floor":12,"key":"SMITH"}],"circlet_count":0,"master_deck":["AscendersBane","Strike_R","Strike_R","Strike_R","Strike_R","Defend_R","Defend_R","Defend_R","Defend_R","Bash","Trip","Flame Barrier","Clothesline+1","Armaments","Power Through","Searing Blow+1","Shrug It Off"],"relics":["Burning Blood","MealTicket","Paper Frog","CeramicFish"],"acts_visited":["Exordium"],"potions_floor_usage":[],"damage_taken":[{"damage":9.0,"enemies":"2 Louse","floor":1.0,"turns":4.0},{"damage":6.0,"enemies":"Cultist","floor":2.0,"turns":4.0},{"damage":4.0,"enemies":"Jaw Worm","floor":4.0,"turns":2.0},{"damage":21.0,"enemies":"3 Louse","floor":5.0,"turns":5.0},{"damage":49,"enemies":"Lagavulin","floor":7,"turns":8},{"damage":0,"enemies":"Red Slaver","floor":11,"turns":5},{"damage":36,"enemies":"3 Sentries","floor":13,"turns":8}],"seed_played":"1036574500651465011","potions_obtained":[{"floor":1.0,"key":"ElixirPotion"},{"floor":3.0,"key":"SteroidPotion"}],"is_trial":false,"path_per_floor":["M","M","?","M","M","R","E","T","T","$","M","R","E"],"character_chosen":"IRONCLAD","items_purchased":[],"campfire_rested":0,"item_purchase_floors":[],"current_hp_per_floor":[69,69,69,71,56,56,13,13,13,28,34,34,0,0],"gold":112,"neow_bonus":"RANDOM_COLORLESS","is_daily":false,"chose_seed":false,"campfire_upgraded":2,"win_rate":0.0,"timestamp":1612923437,"path_taken":["M","M","?","M","?","R","E","?","T","$","M","R","E"],"items_purchased_type":[],"build_version":"2020-12-22","purchased_purges":1,"victory":false,"max_hp_per_floor":[80,80,80,80,80,80,80,80,80,80,80,80,80,80],"card_choices":[{"not_picked":["Dramatic Entrance","Finesse"],"picked":"Trip","floor":0.0},{"not_picked":["True Grit","Entrench"],"picked":"Flame Barrier","floor":1.0},{"not_picked":["Warcry","Iron Wave"],"picked":"Clothesline","floor":2.0},{"not_picked":["Seeing Red","Sentinel"],"picked":"Armaments","floor":4.0},{"not_picked":["Flex","Wild Strike"],"picked":"Power Through","floor":5.0},{"not_picked":["Cleave","Flame Barrier"],"picked":"Searing Blow","floor":7},{"not_picked":["Uppercut","Feel No Pain"],"picked":"Shrug It Off","floor":11}],"player_experience":778821,"relics_obtained":[{"floor":7,"key":"MealTicket"},{"floor":8,"key":"Paper Frog"},{"floor":9,"key":"CeramicFish"}],"event_choices":[{"damage_healed":0.0,"max_hp_gain":0.0,"max_hp_loss":0.0,"gold_gain":0.0,"event_name":"The Woman in Blue","player_choice":"Bought 1 Potion","floor":3.0,"gold_loss":0.0,"damage_taken":0.0}],"is_beta":false,"boss_relics":[],"items_purged_floors":[10],"is_endless":false,"potions_floor_spawned":[1,11],"killed_by":"3 Sentries","ascension_level":13}}