{"host":"3c8x8j1h2jyrixpf","time":1612979295,"event":{"mods":["BaseMod","Colored Powertips","Highlight Path","Minty Spire (QoL Compilation)","StSLib"],"gold_per_floor":[111,124,124,199,214,214,243,243,267,267,279,310,323,349,349,349,349],"floor_reached":16,"language":"ENG","playtime":526,"items_purged":[],"score":171,"play_id":"7b4d11ad-f2f9-4057-aef5-89a95033757f","local_time":"20210210114815","is_ascension_mode":true,"campfire_choices":[{"data":"Neutralize","floor":6,"key":"SMITH"},{"data":"Bouncing Flask","floor":8,"key":"SMITH"},{"floor":10,"key":"REST"},{"floor":15,"key":"REST"}],"circlet_count":0,"master_deck":["AscendersBane","Strike_G","Strike_G","Strike_G","Strike_G","Strike_G","Defend_G","Defend_G","Defend_G","Defend_G","Defend_G","Survivor","Neutralize+1","Dagger Throw","Backflip","All Out Attack","Bouncing Flask+1","Blade Dance","Glass Knife","Accuracy"],"relics":["Ring of the Snake","Juzu Bracelet","MealTicket","Ancient Tea Set","Odd Mushroom"],"acts_visited":["Exordium"],"potions_floor_usage":[12,14,16],"damage_taken":[{"damage":0,"enemies":"Small Slimes","floor":1,"turns":4},{"damage":0,"enemies":"Jaw Worm","floor":2,"turns":4},{"damage":2,"enemies":"2 Louse","floor":5,"turns":4},{"damage":30,"enemies":"Gremlin Nob","floor":7,"turns":5},{"damage":6,"enemies":"Looter","floor":11,"turns":3},{"damage":12,"enemies":"3 Sentries","floor":12,"turns":5},{"damage":8,"enemies":"Blue Slaver","floor":13,"turns":3},{"damage":9,"enemies":"The Mushroom Lair","floor":14,"turns":5},{"damage":38,"enemies":"Hexaghost","floor":16,"turns":9}],"seed_played":"-396535079656654554","potions_obtained":[{"floor":7,"key":"Explosive Potion"},{"floor":11,"key":"Ancient Potion"},{"floor":12,"key":"GhostInAJar"},{"floor":14,"key":"Weak Potion"}],"is_trial":false,"path_per_floor":["M","M","?","?","M","R","E","R","T","R","M","E","M","?","R","B"],"character_chosen":"THE_SILENT","items_purchased":[],"campfire_rested":2,"item_purchase_floors":[],"current_hp_per_floor":[70,70,70,59,57,57,27,27,27,50,44,32,24,15,38,0,0],"gold":349,"neow_bonus":"TEN_PERCENT_HP_BONUS","is_daily":false,"chose_seed":false,"campfire_upgraded":2,"win_rate":0.0,"timestamp":1612979295,"path_taken":["M","M","?","?","M","R","E","R","T","R","M","E","M","?","R","BOSS"],"items_purchased_type":[],"build_version":"2020-12-22","purchased_purges":0,"victory":false,"max_hp_per_floor":[77,77,77,77,77,77,77,77,77,77,77,77,77,77,77,77,77],"card_choices":[{"not_picked":["Acrobatics","Caltrops"],"picked":"Dagger Throw","floor":1},{"not_picked":["Sucker Punch","Dagger Throw"],"picked":"Backflip","floor":2},{"not_picked":["Dodge and Roll","Riddle With Holes"],"picked":"All Out Attack","floor":5},{"not_picked":["A Thousand Cuts","Sucker Punch"],"picked":"Bouncing Flask","floor":7},{"not_picked":["Well Laid Plans","Slice"],"picked":"Blade Dance","floor":11},{"not_picked":["Quick Slash","Underhanded Strike"],"picked":"Glass Knife","floor":12},{"not_picked":["Heel Hook","Quick Slash","Slice"],"picked":"SKIP","floor":13},{"not_picked":["Dagger Throw","Bouncing Flask"],"picked":"Accuracy","floor":14}],"player_experience":222890,"relics_obtained":[{"floor":7,"key":"Juzu Bracelet"},{"floor":9,"key":"MealTicket"},{"floor":12,"key":"Ancient Tea Set"},{"floor":14,"key":"Odd Mushroom"}],"event_choices":[{"damage_healed":0,"gold_gain":0,"player_choice":"Ignored","damage_taken":0,"max_hp_gain":0,"max_hp_loss":0,"event_name":"Liars Game","floor":3,"gold_loss":0},{"damage_healed":0,"gold_gain":75,"player_choice":"Gather Gold","damage_taken":11,"max_hp_gain":0,"max_hp_loss":0,"event_name":"World of Goop","floor":4,"gold_loss":0},{"damage_healed":0,"gold_gain":0,"player_choice":"Fought Mushrooms","damage_taken":0,"max_hp_gain":0,"max_hp_loss":0,"event_name":"Mushrooms","floor":14,"gold_loss":0}],"is_beta":false,"boss_relics":[],"items_purged_floors":[],"is_endless":false,"potions_floor_spawned":[7,11,12,14],"killed_by":"Hexaghost","ascension_level":11}}