{"host":"Qube","time":1612990171,"event":{"mods":["AchievementEnabler","BaseMod","Colored Map","Colored Powertips","Highlight Path","Minty Spire (QoL Compilation)","Permanent Neow","Quick Restart","Random Character Button","StSLib"],"gold_per_floor":[12,287,7,22,33,58,58,69,69,69,100,25,37,53,53,124,124,136,136,169,169,179,179,212,212,212,243,243,271,271,282,282,282,282],"floor_reached":33,"language":"ENG","playtime":1945,"items_purged":["Regret"],"score":726,"play_id":"eeb21850-bccb-4954-b3ef-3f7fe6f26461","local_time":"20210210124931","is_ascension_mode":true,"campfire_choices":[{"data":"Armaments","floor":7.0,"key":"SMITH"},{"data":"Bash","floor":10.0,"key":"SMITH"},{"data":"True Grit","floor":15.0,"key":"SMITH"},{"data":"Ghostly","floor":23.0,"key":"SMITH"},{"data":"Ghostly","floor":25.0,"key":"SMITH"},{"data":"Offering","floor":28.0,"key":"SMITH"},{"data":"Ghostly","floor":32.0,"key":"SMITH"}],"circlet_count":0,"master_deck":["AscendersBane","Strike_R+1","Strike_R","Strike_R","Strike_R+1","Defend_R","Defend_R","Defend_R","Defend_R","Bash+1","Power Through","Sever Soul","Reckless Charge","Armaments+1","Wild Strike","Second Wind","Shrug It Off","True Grit+1","Pommel Strike","Impervious","Intimidate+1","Cleave","Ghostly+1","Ghostly+1","Ghostly+1","Flame Barrier+1","Second Wind","Offering+1","Pommel Strike"],"relics":["Burning Blood","Charon\u0027s Ashes","PreservedInsect","Whetstone","StrikeDummy","Gambling Chip","Mark of Pain","Red Mask","Frozen Egg 2","Sundial","Bronze Scales","Regal Pillow","FossilizedHelix"],"acts_visited":["Exordium","TheCity"],"potions_floor_usage":[33],"damage_taken":[{"damage":4.0,"enemies":"Jaw Worm","floor":1.0,"turns":4.0},{"damage":1.0,"enemies":"Cultist","floor":4.0,"turns":3.0},{"damage":5.0,"enemies":"Small Slimes","floor":5.0,"turns":3.0},{"damage":6.0,"enemies":"Gremlin Nob","floor":6.0,"turns":3.0},{"damage":5.0,"enemies":"3 Louse","floor":8.0,"turns":3.0},{"damage":25.0,"enemies":"Lagavulin","floor":11.0,"turns":6.0},{"damage":0.0,"enemies":"Large Slime","floor":13.0,"turns":5.0},{"damage":3.0,"enemies":"Looter","floor":14.0,"turns":2.0},{"damage":4.0,"enemies":"Slime Boss","floor":16.0,"turns":5.0},{"damage":17.0,"enemies":"Shell Parasite","floor":18.0,"turns":5.0},{"damage":25.0,"enemies":"Masked Bandits","floor":20.0,"turns":4.0},{"damage":3.0,"enemies":"Chosen","floor":22.0,"turns":4.0},{"damage":3.0,"enemies":"Slavers","floor":24.0,"turns":3.0},{"damage":0.0,"enemies":"Book of Stabbing","floor":27.0,"turns":4.0},{"damage":0.0,"enemies":"Gremlin Leader","floor":29.0,"turns":4.0},{"damage":0.0,"enemies":"Centurion and Healer","floor":31.0,"turns":3.0},{"damage":59,"enemies":"Collector","floor":33,"turns":14}],"seed_played":"942222208550291207","potions_obtained":[{"floor":4.0,"key":"Strength Potion"},{"floor":11.0,"key":"ElixirPotion"},{"floor":13.0,"key":"CultistPotion"},{"floor":27.0,"key":"SmokeBomb"},{"floor":29.0,"key":"Fire Potion"},{"floor":31.0,"key":"SpeedPotion"}],"is_trial":false,"path_per_floor":["M","?","$","M","M","E","R","M","T","R","E","?","M","M","R","B",null,"M","?","?","?","M","R","E","R","T","E","R","E","T","M","R","B"],"character_chosen":"IRONCLAD","items_purchased":["PreservedInsect","Sever Soul"],"campfire_rested":0,"item_purchase_floors":[3,3],"current_hp_per_floor":[70,70,70,75,75,75,75,75,75,75,56,56,62,65,65,67,73,62,62,43,37,37,37,37,37,37,37,37,37,37,37,37,0,0],"gold":282,"neow_bonus":"ONE_RARE_RELIC","is_daily":false,"chose_seed":false,"campfire_upgraded":7,"win_rate":0.0,"timestamp":1612990171,"path_taken":["M","?","?","M","M","E","R","M","T","R","E","?","M","M","R","BOSS","M","?","?","?","M","R","E","R","T","E","R","E","?","M","R","BOSS"],"items_purchased_type":["Relic","Card"],"build_version":"2020-12-18","purchased_purges":1,"victory":false,"max_hp_per_floor":[75,75,75,75,75,75,75,75,75,75,75,75,75,75,75,75,75,75,75,75,37,37,37,37,37,37,37,37,37,37,37,37,37,37],"card_choices":[{"not_picked":["Havoc","Shrug It Off"],"picked":"Power Through","floor":1.0},{"not_picked":["Perfected Strike","Battle Trance"],"picked":"Reckless Charge","floor":4.0},{"not_picked":["Spot Weakness","Perfected Strike"],"picked":"Armaments","floor":5.0},{"not_picked":["Body Slam","Armaments"],"picked":"Wild Strike","floor":6.0},{"not_picked":["Sentinel","Evolve"],"picked":"Second Wind","floor":8.0},{"not_picked":["Spot Weakness","Metallicize"],"picked":"Shrug It Off","floor":11.0},{"not_picked":["Carnage","Iron Wave"],"picked":"True Grit","floor":13.0},{"not_picked":["Flame Barrier","Uppercut"],"picked":"Pommel Strike","floor":14.0},{"not_picked":["Limit Break","Reaper"],"picked":"Impervious","floor":16.0},{"not_picked":["Wild Strike","Headbutt"],"picked":"Intimidate+1","floor":18.0},{"not_picked":["Blood for Blood","Flex"],"picked":"Cleave","floor":20.0},{"not_picked":["Armaments","Anger"],"picked":"Flame Barrier+1","floor":22.0},{"not_picked":["Limit Break","Sword Boomerang+1"],"picked":"Second Wind","floor":24.0},{"not_picked":["Rage","Perfected Strike"],"picked":"Offering","floor":27.0},{"not_picked":["Searing Blow","Cleave","Body Slam"],"picked":"SKIP","floor":29.0},{"not_picked":["Whirlwind","Wild Strike"],"picked":"Pommel Strike","floor":31.0}],"player_experience":1133094,"relics_obtained":[{"floor":6.0,"key":"Whetstone"},{"floor":9.0,"key":"StrikeDummy"},{"floor":11.0,"key":"Gambling Chip"},{"floor":20.0,"key":"Red Mask"},{"floor":24.0,"key":"Frozen Egg 2"},{"floor":26.0,"key":"Sundial"},{"floor":27.0,"key":"Bronze Scales"},{"floor":29.0,"key":"Regal Pillow"},{"floor":30.0,"key":"FossilizedHelix"}],"event_choices":[{"damage_healed":0.0,"max_hp_gain":0.0,"max_hp_loss":0.0,"gold_gain":275.0,"event_name":"Golden Shrine","player_choice":"Desecrate","floor":2.0,"gold_loss":0.0,"damage_taken":0.0,"cards_obtained":["Regret"]},{"cards_removed":["Strike_R"],"damage_healed":0.0,"max_hp_gain":0.0,"max_hp_loss":0.0,"gold_gain":0.0,"event_name":"The Cleric","player_choice":"Card Removal","floor":12.0,"gold_loss":75.0,"damage_taken":0.0},{"damage_healed":0.0,"max_hp_gain":0.0,"max_hp_loss":0.0,"gold_gain":0.0,"event_name":"Vampires","player_choice":"Ignored","floor":19.0,"gold_loss":0.0,"damage_taken":0.0},{"damage_healed":0.0,"max_hp_gain":0.0,"max_hp_loss":0.0,"gold_gain":0.0,"event_name":"Masked Bandits","player_choice":"Fought Bandits","floor":20.0,"gold_loss":0.0,"damage_taken":0.0},{"damage_healed":0.0,"max_hp_gain":0.0,"max_hp_loss":38.0,"gold_gain":0.0,"event_name":"Ghosts","player_choice":"Became a Ghost","floor":21.0,"gold_loss":0.0,"damage_taken":0.0,"cards_obtained":["Ghostly","Ghostly","Ghostly"]}],"is_beta":true,"boss_relics":[{"not_picked":["Snecko Eye","Pandora\u0027s Box"],"picked":"Mark of Pain"}],"items_purged_floors":[3],"is_endless":false,"potions_floor_spawned":[4,11,13,14,27,29,31],"killed_by":"Collector","ascension_level":20}}