{"host":"mhzgc0zma59jtmoj","time":1612931212,"event":{"mods":["BaseMod","BetterRewards","Custom Start","Glutton Mod","Ironclad Rager","Minty Spire (QoL Compilation)","Replay The Spire","Somnambulant","StSLib","The Cursed","The Hierophant","The Jungle","Treasure Hunter"],"gold_per_floor":[704,716,726,738,913,913,913,913,937,966,985,1044,1058,1058,1058,1058,1058],"floor_reached":16,"language":"ENG","playtime":678,"items_purged":["Glutton:Strike","Glutton:Strike"],"score":152,"play_id":"32ccb703-247f-4695-9b6a-44e3ea17be96","local_time":"20210209232652","is_ascension_mode":false,"campfire_choices":[{"floor":6,"key":"REST"},{"floor":8,"key":"REST"},{"floor":15,"key":"REST"}],"circlet_count":0,"master_deck":["Glutton:Strike","Glutton:Strike","Glutton:Strike","Glutton:Strike","Glutton:Defend","Glutton:Defend","Glutton:Defend","Glutton:Flail","Glutton:Misery","Glutton:Misery","Glutton:Bite","Glutton:Rest","Glutton:Feed","Doubt","TH:Mimic","TH:EnergyPotion","Glutton:Bite","Glutton:Scab","ReplayTheSpireMod:Splinters","Glutton:Bite","Glutton:Rest"],"relics":["Glutton:EternalHunger","Glutton:LuckySock","Calipers","Oddly Smooth Stone","ReplayTheSpireMod:TigerMarble","Du-Vu Doll","Bottled Flame"],"acts_visited":["Exordium"],"potions_floor_usage":[4,13,16,16],"damage_taken":[{"damage":14,"enemies":"Small Slimes","floor":1,"turns":3},{"damage":17,"enemies":"Jaw Worm","floor":2,"turns":4},{"damage":24,"enemies":"Cultist","floor":3,"turns":5},{"damage":26,"enemies":"3 Louse","floor":4,"turns":1},{"damage":55,"enemies":"Replay:BlueRogue","floor":10,"turns":6},{"damage":14,"enemies":"Blue Slaver","floor":11,"turns":2},{"damage":23,"enemies":"2 Fungi Beasts","floor":13,"turns":3},{"damage":98,"enemies":"The Guardian","floor":16,"turns":9}],"seed_played":"-6878637169121155513","potions_obtained":[{"floor":1,"key":"DistilledChaos"},{"floor":4,"key":"Strength Potion"},{"floor":10,"key":"Fruit Juice"},{"floor":11,"key":"Elixir"}],"is_trial":false,"path_per_floor":["M","M","M","M","?","R","?","R","T","E","M","?","M","?","R","B"],"character_chosen":"GLUTTON","items_purchased":["Glutton:Misery","Glutton:Bite","Glutton:LuckySock"],"campfire_rested":3,"item_purchase_floors":[0,0,0],"current_hp_per_floor":[46,33,23,7,7,43,40,76,76,35,25,25,11,11,48,0,0],"gold":1058,"neow_bonus":"","is_daily":false,"chose_seed":false,"campfire_upgraded":0,"win_rate":0.0,"timestamp":1612931212,"path_taken":["M","M","M","M","?","R","?","R","T","E","M","?","?","?","R","BOSS"],"items_purchased_type":["Card","Card","Relic"],"build_version":"2020-12-22","purchased_purges":2,"victory":false,"max_hp_per_floor":[120,120,120,120,120,120,120,120,120,120,120,120,125,125,125,125,125],"card_choices":[{"not_picked":["Glutton:GnawingHunger","Glutton:Brace","Glutton:BellySlam"],"picked":"SKIP","floor":1},{"not_picked":["Glutton:LashOut","Glutton:Delusion"],"picked":"Glutton:Rest","floor":2},{"not_picked":["Glutton:GnawingHunger","Glutton:Demolish","Glutton:Borborygmi"],"picked":"SKIP","floor":3},{"not_picked":["Glutton:Autotomy","Glutton:Devour"],"picked":"Glutton:Feed","floor":4},{"not_picked":["TH:CopperCoins"],"picked":"TH:Mimic","floor":9},{"not_picked":["TH:BikiniMail"],"picked":"TH:EnergyPotion","floor":10},{"not_picked":["Glutton:Demolish","Glutton:DecrepitStrike"],"picked":"Glutton:Bite","floor":10},{"not_picked":["Glutton:Feast","Glutton:Salivate"],"picked":"Glutton:Scab","floor":11},{"not_picked":["Glutton:Feed","Glutton:Yearn"],"picked":"Glutton:Bite","floor":12},{"not_picked":["Glutton:Demolish","Glutton:Salivate"],"picked":"Glutton:Rest","floor":13}],"player_experience":250393,"relics_obtained":[{"floor":9,"key":"ReplayTheSpireMod:TigerMarble"},{"floor":10,"key":"Du-Vu Doll"},{"floor":12,"key":"Bottled Flame"}],"event_choices":[{"damage_healed":0,"gold_gain":175,"player_choice":"AGREE","damage_taken":0,"max_hp_gain":0,"max_hp_loss":0,"event_name":"Liars Game","floor":5,"gold_loss":0,"cards_obtained":["Doubt"]},{"damage_healed":0,"gold_gain":0,"player_choice":"Success","damage_taken":3,"relics_obtained":["Oddly Smooth Stone"],"max_hp_gain":0,"max_hp_loss":0,"event_name":"Scrap Ooze","floor":7,"gold_loss":0},{"damage_healed":0,"gold_gain":0,"player_choice":"Ignored","damage_taken":0,"max_hp_gain":0,"max_hp_loss":0,"event_name":"Shining Light","floor":14,"gold_loss":0}],"is_beta":false,"boss_relics":[],"items_purged_floors":[0,0],"is_endless":false,"potions_floor_spawned":[1,4,10,11],"killed_by":"The Guardian","ascension_level":0}}