{"host":"y7b1p9nkx4idorr2","time":1612976377,"event":{"mods":["AchievementEnabler","Act Like it!","BaseMod","Colored Map","Downfall","GifTheSpireLib","Googly Eyes","Highlight Path","Mimic Mod","Minty Spire (QoL Compilation)","Shop Mod","Spicy Shops","StSLib","Unceasing Turn Reminder"],"gold_per_floor":[99,111,127,140,72,90,126,151,136,136,154,184,84,97,113,216,216,216,229,246,259,259,159,197,197,197,197,197],"floor_reached":26,"language":"ENG","playtime":2146,"items_purged":[],"score":242,"play_id":"f0161bb9-6286-49c2-8647-66e71677a347","local_time":"20210210105937","is_ascension_mode":true,"campfire_choices":[{"data":"Apotheosis","floor":1.0,"key":"SMITH"},{"floor":10.0,"key":"REST"},{"data":"Slimebound:OozeBath","floor":13.0,"key":"SMITH"},{"floor":18,"key":"RECALL"},{"data":"Slimebound:SpikyOuterGoop","floor":23,"key":"SMITH"}],"circlet_count":0,"master_deck":["Slimebound:Strike_Slimebound","Slimebound:Strike_Slimebound+1","Slimebound:Strike_Slimebound","Slimebound:Tackle+1","Slimebound:Defend_Slimebound","Slimebound:Defend_Slimebound","Slimebound:Defend_Slimebound","Slimebound:Defend_Slimebound","Slimebound:Split","Slimebound:CorrosiveSpit","Regret","Apotheosis+1","Slimebound:SlimeSpikes","Slimebound:SplitMire","Slimebound:Schlurp","Slimebound:Darklings","Slimebound:Schlurp","Slimebound:HauntingLick","Slimebound:MinionMaster","Slimebound:OozeBath+1","Slimebound:Dissolve","Slimebound:GoopSpray","Slimebound:Darklings","Slimebound:Repurpose","Slimebound:Gluttony","Slimebound:WasteNot","Slimebound:GoopSpray+1","Slimebound:SamplingLick","Slimebound:SpikyOuterGoop+1","Pain","Slimebound:LevelUp+1"],"relics":["Slimebound:AbsorbEndCombat","Whetstone","Slimebound:PreparedRelic","Letter Opener","downfall:HeartBlessingGreen","Sozu","hexamod:BolsterEngine","downfall:HeartBlessingRed","Pantograph"],"acts_visited":["Exordium","TheCity"],"potions_floor_usage":[16],"damage_taken":[{"damage":3.0,"enemies":"Cultist","floor":2.0,"turns":3.0},{"damage":5.0,"enemies":"Small Slimes","floor":3.0,"turns":4.0},{"damage":8.0,"enemies":"2 Louse","floor":4.0,"turns":3.0},{"damage":1.0,"enemies":"downfall:FleeingMerchant","floor":5.0,"turns":4.0},{"damage":19.0,"enemies":"Lots of Slimes","floor":6.0,"turns":4.0},{"damage":2.0,"enemies":"3 Louse","floor":7.0,"turns":4.0},{"damage":30.0,"enemies":"Gremlin Nob","floor":8.0,"turns":4.0},{"damage":1.0,"enemies":"downfall:FleeingMerchant","floor":9.0,"turns":4.0},{"damage":0.0,"enemies":"3 Louse","floor":11.0,"turns":2.0},{"damage":18.0,"enemies":"3 Sentries","floor":12.0,"turns":9.0},{"damage":11.0,"enemies":"Gremlin Gang","floor":14.0,"turns":3.0},{"damage":2.0,"enemies":"Blue Slaver","floor":15.0,"turns":4.0},{"damage":23,"enemies":"DF_ARCHETYPE_STREAMLINE","floor":16,"turns":6},{"damage":0,"enemies":"3 Byrds","floor":19,"turns":2},{"damage":27,"enemies":"Spheric Guardian","floor":20,"turns":5},{"damage":4,"enemies":"Centurion and Healer","floor":21,"turns":5},{"damage":9,"enemies":"Snake Plant","floor":24,"turns":4},{"damage":37,"enemies":"Gremlin Leader","floor":26,"turns":2}],"seed_played":"7595043779055501374","potions_obtained":[{"floor":6.0,"key":"Slimebound:SpawnSlimePotion"},{"floor":8.0,"key":"SteroidPotion"},{"floor":11.0,"key":"Strength Potion"},{"floor":14.0,"key":"PowerPotion"},{"floor":16,"key":"AttackPotion"}],"is_trial":false,"path_per_floor":["R","M","M","M","$","M","MIM","E","$","R","M","E","R","M","M","B",null,"R","M","M","M","?","R","MIM","?","E"],"character_chosen":"SLIMEBOUND","items_purchased":["Slimebound:Schlurp"],"campfire_rested":1,"item_purchase_floors":[5],"current_hp_per_floor":[65,65,62,56,59,48,50,22,25,44,50,38,38,29,29,12,65,65,65,38,40,40,40,35,35,0,0,0],"gold":197,"neow_bonus":"RANDOM_COLORLESS_2","is_daily":false,"chose_seed":false,"campfire_upgraded":3,"win_rate":0.0,"timestamp":1612976377,"path_taken":["R","M","M","M","?","M","MIM","E","?","R","M","E","R","M","M","BOSS","R","M","?","M","?","R","MIM","?","E"],"items_purchased_type":["Card"],"build_version":"2020-12-22","purchased_purges":0,"victory":false,"max_hp_per_floor":[65,65,65,65,65,65,65,65,65,65,65,65,65,65,65,65,65,65,65,65,65,65,65,65,65,65,65,65],"card_choices":[{"not_picked":["Chrysalis","HandOfGreed"],"picked":"Apotheosis","floor":0.0},{"not_picked":["Slimebound:ComboTackle","Slimebound:RollThrough"],"picked":"Slimebound:SlimeSpikes","floor":2.0},{"not_picked":["Slimebound:SplitLeeching","Slimebound:SlimeSpikes"],"picked":"Slimebound:SplitMire","floor":3.0},{"not_picked":["Slimebound:SplitLeeching","Slimebound:SamplingLick"],"picked":"Slimebound:Schlurp","floor":4.0},{"not_picked":["Slimebound:OozeBath","Slimebound:SplitLeeching"],"picked":"Slimebound:Darklings","floor":5.0},{"not_picked":["Slimebound:ItLooksTasty","Slimebound:Prepare"],"picked":"Slimebound:HauntingLick","floor":6.0},{"not_picked":["Slimebound:Prepare","Slimebound:RollThrough"],"picked":"Slimebound:MinionMaster","floor":7.0},{"not_picked":["Slimebound:ComboTackle","Slimebound:PressTheAttack"],"picked":"Slimebound:OozeBath","floor":8.0},{"not_picked":["Slimebound:Prepare","Slimebound:SlimeSpikes"],"picked":"Slimebound:Dissolve","floor":9.0},{"not_picked":["Slimebound:SplitAcid","Slimebound:BestDefense"],"picked":"Slimebound:GoopSpray","floor":11.0},{"not_picked":["Slimebound:Prepare","Slimebound:SlimeSpikes"],"picked":"Slimebound:Darklings","floor":12.0},{"not_picked":["Slimebound:AcidTongue","Slimebound:ServeAndProtect"],"picked":"Slimebound:Repurpose","floor":14.0},{"not_picked":["Slimebound:Replication","Slimebound:HauntingLick"],"picked":"Slimebound:Gluttony","floor":15.0},{"not_picked":["Slimebound:FirmFortitude","Slimebound:RallyTheTroops"],"picked":"Slimebound:WasteNot","floor":16},{"not_picked":["Slimebound:FinishingTackle","Slimebound:Prepare+1"],"picked":"Slimebound:GoopSpray+1","floor":19},{"not_picked":["Slimebound:SplitBruiser","Slimebound:ItLooksTasty"],"picked":"Slimebound:SamplingLick","floor":20},{"not_picked":["Slimebound:RallyTheTroops","Slimebound:SamplingLick"],"picked":"Slimebound:SpikyOuterGoop","floor":21},{"not_picked":["Slimebound:AcidTongue+1","Slimebound:FinishingTackle"],"picked":"Slimebound:LevelUp+1","floor":24}],"player_experience":2337675,"relics_obtained":[{"floor":7.0,"key":"Whetstone"},{"floor":8.0,"key":"Slimebound:PreparedRelic"},{"floor":12.0,"key":"Letter Opener"},{"floor":24,"key":"Pantograph"}],"event_choices":[],"is_beta":false,"boss_relics":[{"not_picked":["Empty Cage","SacredBark"],"picked":"Sozu"}],"items_purged_floors":[],"is_endless":false,"potions_floor_spawned":[6,8,11,14,16],"killed_by":"Gremlin Leader","ascension_level":2}}