{"host":"pi8b3ffzwvxqztac","time":1612983669,"event":{"mods":["BaseMod","Colored Map","Custom Start","Downfall","Minty Spire (QoL Compilation)","StSLib"],"gold_per_floor":[99,118,132,149,149,181,181,81,81,81,98,109,9,9,22,125,125,125,141,126,142,92,117,117,117,135,153,53,86,97,97,108,208,208,208,221,81,81,92,77,77,93,93,93,128,144,144,161,177,177,177,177],"floor_reached":50,"language":"ENG","playtime":4027,"items_purged":["Decay"],"score":755,"play_id":"195fbc94-56ce-43fa-a872-8baa553a8ef1","local_time":"20210211080109","is_ascension_mode":true,"campfire_choices":[{"floor":1.0,"key":"RECALL"},{"floor":8.0,"key":"REST"},{"data":"champ:ShieldSlam","floor":10.0,"key":"SMITH"},{"data":"champ:Taunt","floor":13,"key":"SMITH"},{"data":"champ:HoldFirm","floor":18,"key":"SMITH"},{"data":"champ:Parry","floor":28,"key":"SMITH"},{"data":"champ:Improvising","floor":35,"key":"SMITH"},{"data":"champ:DefensiveShout","floor":43,"key":"SMITH"},{"data":"expansioncontent:Chronoboost","floor":47,"key":"SMITH"}],"circlet_count":0,"master_deck":["champ:Strike","champ:Strike","champ:Defend","champ:Defend","champ:Defend","champ:Defend","champ:Execute","champ:Taunt+1","champ:DefensiveShout+1","champ:Parry+1","champ:CrownThrow","champ:FlashCut+1","champ:ShieldSlam+1","champ:EnGarde","champ:ShieldSlam+1","champ:CrownThrow+1","champ:HoldFirm+1","champ:ShieldSlam+1","champ:SteelEdge+1","champ:Circumvent+1","champ:SetATrap+1","champ:Lariat+1","champ:GutPunch+1","champ:FlashCut+1","champ:EnGarde","champ:Improvising+1","champ:GutPunch+1","champ:DefensiveShout","champ:PreciseThrust+1","champ:BringItOn","expansioncontent:Chronoboost+1","Parasite","champ:Duel+1"],"relics":["champ:ChampionCrown","Turnip","Molten Egg 2","Pear","downfall:HeartBlessingBlue","downfall:HeartBlessingRed","Cursed Key","Dream Catcher","Meat on the Bone","downfall:HeartBlessingGreen","Regal Pillow","Centennial Puzzle","sneckomod:SneckoTalon","Orichalcum"],"acts_visited":["Exordium","TheCity","TheBeyond"],"potions_floor_usage":[16,23,23,39,45],"damage_taken":[{"damage":12.0,"enemies":"2 Louse","floor":2.0,"turns":3.0},{"damage":27.0,"enemies":"Small Slimes","floor":3.0,"turns":5.0},{"damage":20.0,"enemies":"Cultist","floor":4.0,"turns":3.0},{"damage":56.0,"enemies":"Lagavulin","floor":6.0,"turns":7.0},{"damage":19,"enemies":"Exordium Wildlife","floor":11,"turns":5},{"damage":11,"enemies":"Lots of Slimes","floor":12,"turns":5},{"damage":0,"enemies":"3 Louse","floor":15,"turns":2},{"damage":38,"enemies":"DF_ARCHETYPE_STREAMLINE","floor":16,"turns":9},{"damage":10,"enemies":"Spheric Guardian","floor":19,"turns":3},{"damage":10,"enemies":"downfall:FleeingMerchant","floor":20,"turns":4},{"damage":14,"enemies":"Snake Plant","floor":21,"turns":3},{"damage":69,"enemies":"Gremlin Leader","floor":23,"turns":17},{"damage":0,"enemies":"Sentry and Sphere","floor":26,"turns":4},{"damage":16,"enemies":"Chosen and Byrds","floor":27,"turns":5},{"damage":39,"enemies":"Slavers","floor":29,"turns":8},{"damage":15,"enemies":"3 Cultists","floor":30,"turns":5},{"damage":18,"enemies":"Snake Plant","floor":32,"turns":4},{"damage":99,"enemies":"IC_MUSHROOM_ARCHETYPE","floor":33,"turns":11},{"damage":30,"enemies":"Orb Walker","floor":36,"turns":4},{"damage":10,"enemies":"downfall:FleeingMerchant","floor":37,"turns":4},{"damage":5,"enemies":"3 Shapes","floor":39,"turns":5},{"damage":35,"enemies":"downfall:FleeingMerchant","floor":40,"turns":4},{"damage":10,"enemies":"Sphere and 2 Shapes","floor":42,"turns":5},{"damage":20,"enemies":"Reptomancer","floor":45,"turns":6},{"damage":10,"enemies":"4 Shapes","floor":46,"turns":4},{"damage":14,"enemies":"Writhing Mass","floor":48,"turns":6},{"damage":22,"enemies":"3 Darklings","floor":49,"turns":9},{"damage":164,"enemies":"WA_ARCHETYPE_DIVINITY","floor":50,"turns":13}],"seed_played":"4045184360255227781","potions_obtained":[{"floor":4.0,"key":"Ancient Potion"},{"floor":12,"key":"Fire Potion"},{"floor":15,"key":"LiquidBronze"},{"floor":16,"key":"Strength Potion"},{"floor":29,"key":"Block Potion"},{"floor":30,"key":"LiquidMemories"},{"floor":39,"key":"BlessingOfTheForge"},{"floor":45,"key":"champ:UltimateStancePotion"},{"floor":49,"key":"hexamod:SoulburnPotion"}],"is_trial":false,"path_per_floor":["R","M","M","M","?","E","T","R","?","R","M","M","R","?","M","B",null,"R","M","$","M","?","E","T","?","M","M","R","E","M","T","M","B",null,"R","M","$","?","M","$","T","M","R","?","E","M","R","M","M","B"],"character_chosen":"THE_CHAMP","items_purchased":["champ:DefensiveShout"],"campfire_rested":1,"item_purchase_floors":[37],"current_hp_per_floor":[57,55,48,38,38,12,12,55,55,55,46,45,45,45,45,27,89,89,89,89,85,110,81,81,81,81,75,75,71,71,71,75,48,95,95,95,95,95,95,95,95,95,95,95,95,95,95,86,84,0,0,0],"gold":177,"neow_bonus":"ONE_RARE_RELIC","is_daily":false,"chose_seed":false,"campfire_upgraded":7,"win_rate":0.0,"timestamp":1612983669,"path_taken":["R","M","M","M","?","E","T","R","?","R","M","?","R","?","M","BOSS","R","M","?","M","?","E","T","?","M","M","R","E","M","?","M","BOSS","R","M","$","?","M","$","T","M","R","?","E","M","R","M","M","BOSS"],"items_purchased_type":["Card"],"build_version":"2020-12-22","purchased_purges":1,"victory":false,"max_hp_per_floor":[90,90,90,90,90,100,100,110,110,110,110,110,110,110,110,110,110,110,110,110,110,110,110,110,110,110,110,110,110,110,110,110,110,110,110,110,110,110,110,110,110,110,110,110,110,110,110,110,110,110,110,110],"card_choices":[{"not_picked":["champ:Shatter","champ:BerserkerStyle"],"picked":"champ:DefensiveShout","floor":2.0},{"not_picked":["champ:DefensiveShout","champ:StanceDance"],"picked":"champ:Parry","floor":3.0},{"not_picked":["champ:StanceDance","champ:DefensiveShout"],"picked":"champ:CrownThrow","floor":4.0},{"not_picked":["champ:ShieldSigil","champ:DefensiveShout"],"picked":"champ:FlashCut+1","floor":6.0},{"not_picked":["champ:StanceDance","champ:BerserkersShout"],"picked":"champ:EnGarde","floor":11},{"not_picked":["champ:FocusedBerserking","champ:FaceSlap+1","champ:FalseCounter"],"picked":"SKIP","floor":12},{"not_picked":["champ:GutPunch+1","champ:Encircle+1"],"picked":"champ:CrownThrow+1","floor":15},{"not_picked":["champ:TripleStrike+1","champ:Devastate+1"],"picked":"champ:HoldFirm","floor":16},{"not_picked":["champ:FocusedBerserking","champ:CrownThrow+1"],"picked":"champ:ShieldSlam+1","floor":19},{"not_picked":["champ:BerserkersShout","champ:SkillfulDodge+1"],"picked":"champ:SteelEdge+1","floor":20},{"not_picked":["champ:IronFortress","champ:AdrenalArmor+1"],"picked":"champ:Circumvent+1","floor":21},{"not_picked":["champ:EnGarde+1","champ:Parry"],"picked":"champ:SetATrap+1","floor":23},{"not_picked":["champ:PreemptiveStrike+1","champ:DeathBlow+1"],"picked":"champ:Lariat+1","floor":26},{"not_picked":["champ:SkillfulDodge","champ:Circumvent"],"picked":"champ:GutPunch+1","floor":27},{"not_picked":["champ:HeartStrike+1","champ:BerserkersShout"],"picked":"champ:FlashCut+1","floor":29},{"not_picked":["champ:EndlessRage+1","champ:ShieldSlam"],"picked":"champ:EnGarde","floor":30},{"not_picked":["champ:BringItOn","champ:FancyFootwork","champ:FocusedBerserking"],"picked":"SKIP","floor":32},{"not_picked":["champ:EnchantCrown","champ:MurderStrike+1"],"picked":"champ:Improvising","floor":33},{"not_picked":["champ:EnGarde+1","champ:BerserkersShout+1","champ:ShieldSigil"],"picked":"SKIP","floor":36},{"not_picked":["champ:GladiatorForm","champ:Encircle+1"],"picked":"champ:GutPunch+1","floor":37},{"not_picked":["champ:Circumvent+1","champ:StanceDance+1","champ:RapidStrikes+1"],"picked":"SKIP","floor":39},{"not_picked":["champ:Circumvent+1","champ:BerserkersShout+1"],"picked":"champ:PreciseThrust+1","floor":40},{"not_picked":["champ:StanceDance","champ:Haymaker+1"],"picked":"champ:BringItOn","floor":42},{"not_picked":["expansioncontent:PrepareCrush","expansioncontent:PolyBeam"],"picked":"expansioncontent:Chronoboost","floor":44},{"not_picked":["champ:Haymaker+1","champ:IgnorePain","champ:GutPunch+1"],"picked":"SKIP","floor":45},{"not_picked":["champ:AdrenalArmor+1","champ:Shatter+1","champ:PerfectedStrike+1"],"picked":"SKIP","floor":46},{"not_picked":["champ:Backstep","champ:SetATrap+1","champ:ShieldSigil+1"],"picked":"SKIP","floor":48},{"not_picked":["champ:EndlessRage","champ:FanOfKnives+1"],"picked":"champ:Duel+1","floor":49}],"player_experience":743696,"relics_obtained":[{"floor":6.0,"key":"Pear"},{"floor":23,"key":"Dream Catcher"},{"floor":29,"key":"Regal Pillow"},{"floor":31,"key":"Centennial Puzzle"},{"floor":45,"key":"Orichalcum"}],"event_choices":[{"cards_removed":["champ:Strike"],"damage_healed":0,"gold_gain":0,"player_choice":"Removed Attack","damage_taken":0,"max_hp_gain":0,"max_hp_loss":0,"event_name":"Falling","floor":38,"gold_loss":0}],"is_beta":false,"boss_relics":[{"not_picked":["Fusion Hammer","Coffee Dripper"],"picked":"Cursed Key"},{"not_picked":["Empty Cage","Astrolabe"],"picked":"sneckomod:SneckoTalon"}],"items_purged_floors":[37],"is_endless":false,"potions_floor_spawned":[4,12,15,16,21,29,30,33,39,42,45,49],"killed_by":"WA_ARCHETYPE_DIVINITY","ascension_level":7}}