{"host":"4tevhjhj5iq4ycpo","time":1612981869,"event":{"mods":["2.2 Compatiblity","AchievementEnabler","Aspiration","Bard","BaseMod","Beaked The Cultist","Better Altar","Better Match","Better Note","Better Sensory Stone","Better Skull","Better Third Choice","Better Vampires","CCEM2","Card Forge","Colored Map","Colored Powertips","Conspire","DeckTracker","Displayed Cursed Tome","Downfall","Energized Spire","Friendly Minions","FruityMod","GifTheSpireLib","Hermit","Hubris","Infinite Spire","Ironclad Rager","Jorbs\u0027s Wanderer Trilogy","Mad Scientist","Marisa????????","Marked Mod","Minty Spire (QoL Compilation)","Permanent Neow","Potionbrewer","Quarter Circle Forward PUNCH!","Quick Restart","Relic Forge","Relic Stats","Reliquary","Replay The Spire","Retaliation","Shop Mod","Spicy Shops","Spikes Relics","Spire Arcade","StS++","StSLib","Stuff the Spire","The Animator","The Blue Laboratory","The Construct","The Cursed","The Disciple","The Forsaken","The Gatherer","The Hayseed","The Hierophant","The Mystic","The Runesmith","The Servant 0.9.4","TheFirefly","TheVacant","Trackpad","Wandering Minibosses","Wide Potions"],"gold_per_floor":[10,10,27,0,12,12,39,39,39,73,90,15,15,21,21],"floor_reached":14,"language":"ENG","playtime":1152,"items_purged":["conspire:NecroticWound"],"score":103,"play_id":"fd40a609-1679-4166-af8d-83627b99b279","local_time":"20210210133109","is_ascension_mode":true,"campfire_choices":[{"data":"Enlightenment","floor":6,"key":"SMITH"}],"circlet_count":0,"master_deck":["Zap","Dualcast","Ball Lightning","Cold Snap","Ball Lightning","Cold Snap","Leap","Leap","Leap","Defragment","White Noise+1","Enlightenment+1","ReplaySort"],"relics":["Cracked Core","Hammer of Thor","Seething Fire","Anvil of the Gods","RelicForgeForge","Replay:Bandana","Lantern","Prayer Wheel","StuffTheSpire:Experiment12"],"acts_visited":["Exordium"],"potions_floor_usage":[],"damage_taken":[{"damage":0,"enemies":"Small Slimes","floor":1,"turns":2},{"damage":9,"enemies":"Jaw Worm","floor":3,"turns":2},{"damage":0,"enemies":"2 Louse","floor":5,"turns":2},{"damage":19,"enemies":"Replay:BlueRogue","floor":7,"turns":5},{"damage":16,"enemies":"Gremlin Nob","floor":10,"turns":5},{"damage":1,"enemies":"Looter","floor":11,"turns":2},{"damage":16,"enemies":"3 Sentries","floor":14,"turns":2}],"seed_played":"-3647392719485251855","potions_obtained":[{"floor":5,"key":"potionbrewer:SplittingPotion"},{"floor":7,"key":"blueLaboratory:FruitPunch"}],"is_trial":false,"path_per_floor":["M","?","M","?","M","R","E","?","T","E","M","$","$","E"],"character_chosen":"DEFECT","items_purchased":[],"campfire_rested":0,"item_purchase_floors":[],"current_hp_per_floor":[50,50,41,47,47,47,28,28,28,12,11,11,11,0,0],"gold":21,"neow_bonus":"DEFECT_STORMLORD","is_daily":false,"chose_seed":false,"campfire_upgraded":1,"win_rate":0.0,"timestamp":1612981869,"path_taken":["M","?","M","?","M","R","E","?","T","E","M","?","$","E"],"items_purchased_type":[],"build_version":"2020-12-22","purchased_purges":1,"victory":false,"max_hp_per_floor":[68,68,68,74,74,74,74,74,74,74,74,74,74,74,74],"relic_stats":{"counters":[7,20],"Prayer Wheel":1,"obtain_stats":[{"StuffTheSpire:Experiment12":10,"Replay:Bandana":7,"Lantern":9,"Anvil of the Gods":0,"Prayer Wheel":10,"Hammer of Thor":0,"Seething Fire":0,"RelicForgeForge":0,"Cracked Core":0},{"StuffTheSpire:Experiment12":5,"Replay:Bandana":4,"Lantern":4,"Anvil of the Gods":0,"Prayer Wheel":5,"Hammer of Thor":0,"Seething Fire":0,"RelicForgeForge":0,"Cracked Core":0},{"StuffTheSpire:Experiment12":16,"Replay:Bandana":11,"Lantern":11,"Anvil of the Gods":0,"Prayer Wheel":12,"Hammer of Thor":0,"Seething Fire":0,"RelicForgeForge":0,"Cracked Core":0}]},"card_choices":[{"not_picked":["Stack","Redo"],"picked":"Defragment","floor":1},{"not_picked":["Panic Button","Aggregate","Compile Driver"],"picked":"SKIP","floor":3},{"not_picked":["Sweeping Beam","Panic Button","Compile Driver"],"picked":"SKIP","floor":5},{"not_picked":["Gash","Conserve Battery"],"picked":"ReplayTheSpireMod:Fabricate Wheel","floor":7},{"not_picked":["Sweeping Beam","Gash","Coolheaded"],"picked":"SKIP","floor":10},{"not_picked":["Rebound","Conserve Battery"],"picked":"ReplaySort","floor":11},{"not_picked":["Redo","Melter","Aggregate"],"picked":"SKIP","floor":11}],"player_experience":411643,"relics_obtained":[{"floor":7,"key":"Replay:Bandana"},{"floor":9,"key":"Lantern"},{"floor":10,"key":"StuffTheSpire:Experiment12"}],"event_choices":[{"damage_healed":0,"gold_gain":0,"player_choice":"RENOUNCE","damage_taken":27,"max_hp_gain":0,"max_hp_loss":0,"event_name":"betterThird:BetterSerpent","floor":4,"gold_loss":27,"cards_obtained":["Enlightenment"]}],"is_beta":false,"boss_relics":[],"items_purged_floors":[12],"is_endless":false,"potions_floor_spawned":[5,7],"killed_by":"3 Sentries","ascension_level":1}}