{"host":"qksa0nge77ubun9a","time":1612995641,"event":{"mods":["AchievementEnabler","BaseMod","Colored Map","Colored Powertips","Googly Eyes","Highlight Path","Minty Spire (QoL Compilation)","Quick Restart","StSLib"],"gold_per_floor":[115,129,129,144,161,187,187,213,294,308,308,325,348,535,547,633,695,718,730,40,51,51,51,84,183,183,183,183,183],"floor_reached":28,"language":"ENG","playtime":5208,"items_purged":["Pain"],"score":406,"play_id":"26a485a7-6afc-4de7-9f43-63506ebd6c14","local_time":"20210210142041","is_ascension_mode":true,"campfire_choices":[{"floor":7.0,"key":"REST"},{"data":"Armaments","floor":11.0,"key":"SMITH"},{"data":"Enlightenment","floor":15.0,"key":"SMITH"},{"floor":23.0,"key":"REST"},{"floor":27.0,"key":"REST"}],"circlet_count":0,"master_deck":["AscendersBane","Strike_R","Strike_R","Strike_R","Strike_R","Strike_R","Defend_R","Defend_R","Defend_R","Defend_R+1","Bash","Juggernaut","Armaments+1","Seeing Red","Enlightenment+1","Havoc","Feel No Pain","Ghostly Armor","Feed","Blood for Blood","Dark Embrace","Doubt","Bludgeon","Dual Wield","Dual Wield","Corruption","Apotheosis","Rupture","Body Slam"],"relics":["Burning Blood","Letter Opener","WingedGreaves","Paper Frog","MawBank","Tiny House","WarpedTongs","Lizard Tail","Regal Pillow","Tiny Chest"],"acts_visited":["Exordium","TheCity"],"potions_floor_usage":[28],"damage_taken":[{"damage":9.0,"enemies":"2 Louse","floor":1.0,"turns":3.0},{"damage":15.0,"enemies":"Cultist","floor":2.0,"turns":5.0},{"damage":8.0,"enemies":"Jaw Worm","floor":4.0,"turns":5.0},{"damage":21.0,"enemies":"2 Fungi Beasts","floor":5.0,"turns":4.0},{"damage":17.0,"enemies":"3 Sentries","floor":6.0,"turns":7.0},{"damage":27.0,"enemies":"Lagavulin","floor":8.0,"turns":7.0},{"damage":0.0,"enemies":"3 Louse","floor":10.0,"turns":2.0},{"damage":0.0,"enemies":"Exordium Thugs","floor":12.0,"turns":3.0},{"damage":21.0,"enemies":"The Guardian","floor":16.0,"turns":9.0},{"damage":14.0,"enemies":"3 Byrds","floor":18.0,"turns":4.0},{"damage":9.0,"enemies":"Shell Parasite","floor":21.0,"turns":4.0},{"damage":56.0,"enemies":"Slavers","floor":24.0,"turns":5.0},{"damage":113,"enemies":"Gremlin Leader","floor":28,"turns":8}],"seed_played":"4723146910064809892","potions_obtained":[{"floor":2.0,"key":"BlessingOfTheForge"},{"floor":8.0,"key":"LiquidMemories"},{"floor":10.0,"key":"AttackPotion"},{"floor":16.0,"key":"SkillPotion"},{"floor":17.0,"key":"EssenceOfSteel"},{"floor":18.0,"key":"SpeedPotion"},{"floor":24.0,"key":"SteroidPotion"}],"is_trial":false,"path_per_floor":["M","M","?","M","M","E","R","E","T","M","R","M","T","?","R","B",null,"M","?","$","M","?","R","E","?","T","R","E"],"character_chosen":"IRONCLAD","items_purchased":["Corruption","Apotheosis","Lizard Tail"],"campfire_rested":3,"item_purchase_floors":[20,20,20],"current_hp_per_floor":[69,60,60,58,43,32,56,35,35,41,41,50,50,50,50,35,76,68,68,68,65,48,75,25,25,25,67,0,0],"gold":183,"neow_bonus":"ONE_RANDOM_RARE_CARD","is_daily":false,"chose_seed":false,"campfire_upgraded":2,"win_rate":0.0,"timestamp":1612995641,"path_taken":["M","M","?","M","?","E","R","E","T","M","R","?","?","?","R","BOSS","M","?","?","M","?","R","E","?","T","R","E"],"items_purchased_type":["Card","Card","Relic"],"build_version":"2020-12-22","purchased_purges":1,"victory":false,"max_hp_per_floor":[80,80,80,80,80,80,80,80,80,80,80,83,83,83,83,83,88,88,88,88,88,93,93,93,93,93,93,93,93],"card_choices":[{"not_picked":["Pommel Strike","True Grit"],"picked":"Armaments","floor":1.0},{"not_picked":["Sword Boomerang","Heavy Blade"],"picked":"Seeing Red","floor":2.0},{"not_picked":["Twin Strike","Pommel Strike"],"picked":"Havoc","floor":4.0},{"not_picked":["Second Wind","Iron Wave"],"picked":"Feel No Pain","floor":5.0},{"not_picked":["Warcry","Thunderclap"],"picked":"Ghostly Armor","floor":6.0},{"not_picked":["Twin Strike","Armaments"],"picked":"Feed","floor":8.0},{"not_picked":["Twin Strike","Headbutt"],"picked":"Blood for Blood","floor":10.0},{"not_picked":["Burning Pact","Combust"],"picked":"Dark Embrace","floor":12.0},{"not_picked":["Demon Form","Impervious"],"picked":"Bludgeon","floor":16.0},{"not_picked":["Wild Strike","Inflame"],"picked":"Dual Wield","floor":17.0},{"not_picked":["Wild Strike","Combust"],"picked":"Dual Wield","floor":18.0},{"not_picked":["Clothesline","Thunderclap"],"picked":"Rupture","floor":21.0},{"not_picked":["Rage","Metallicize"],"picked":"Body Slam","floor":24.0}],"player_experience":1373790,"relics_obtained":[{"floor":6.0,"key":"Letter Opener"},{"floor":8.0,"key":"WingedGreaves"},{"floor":9.0,"key":"Paper Frog"},{"floor":13.0,"key":"MawBank"},{"floor":24.0,"key":"Regal Pillow"},{"floor":26.0,"key":"Tiny Chest"}],"event_choices":[{"damage_healed":0.0,"max_hp_gain":0.0,"max_hp_loss":0.0,"gold_gain":0.0,"event_name":"Match and Keep!","player_choice":"1 cards matched","floor":3.0,"gold_loss":0.0,"damage_taken":0.0,"cards_obtained":["Enlightenment"]},{"damage_healed":0.0,"max_hp_gain":0.0,"max_hp_loss":0.0,"gold_gain":175.0,"event_name":"Liars Game","player_choice":"AGREE","floor":14.0,"gold_loss":0.0,"damage_taken":0.0,"cards_obtained":["Doubt"]},{"damage_healed":0.0,"max_hp_gain":0.0,"max_hp_loss":0.0,"gold_gain":0.0,"event_name":"Accursed Blacksmith","player_choice":"Rummage","floor":19.0,"gold_loss":0.0,"damage_taken":0.0,"relics_obtained":["WarpedTongs"],"cards_obtained":["Pain"]},{"damage_healed":0.0,"max_hp_gain":5.0,"max_hp_loss":0.0,"gold_gain":0.0,"event_name":"Forgotten Altar","player_choice":"Shed Blood","floor":22.0,"gold_loss":0.0,"damage_taken":22.0},{"damage_healed":0.0,"max_hp_gain":0.0,"max_hp_loss":0.0,"gold_gain":99.0,"event_name":"Nest","player_choice":"Stole From Cult","floor":25.0,"gold_loss":0.0,"damage_taken":0.0}],"is_beta":false,"boss_relics":[{"not_picked":["Fusion Hammer","Cursed Key"],"picked":"Tiny House"}],"items_purged_floors":[20],"is_endless":false,"potions_floor_spawned":[2,8,10,16,18,24],"killed_by":"Gremlin Leader","ascension_level":13}}