{"host":"kh91mfnoze99ny0y","time":1612963523,"event":{"mods":["Act Like it!","BaseMod","Downfall","Gensokyo","KinomotoSakuraMod(Ä¾Ö®±¾Ó£)","Lobotomy","LobotomyExtend","Minty Spire (QoL Compilation)","StSLib","The Bug Knight","The Cursed"],"gold_per_floor":[113,132,150,150,167,167,167],"floor_reached":6,"language":"ZHS","playtime":750,"items_purged":[],"score":38,"play_id":"1fa76dd5-e60a-4bc9-9b7f-6319d8b4af48","local_time":"20210210212523","is_ascension_mode":false,"campfire_choices":[],"circlet_count":0,"master_deck":["ClowCardTheSword","ClowCardTheSword","ClowCardTheSword","ClowCardTheSword","ClowCardTheShield","ClowCardTheShield","ClowCardTheShield","ClowCardTheShield","SpellCardSeal","SpellCardRelease","CrumblingArmor","ClowCardTheFly","MHz","ClowCardTheIllusion","ClowCardThePower","FairyFestival","ClowCardTheFlower"],"relics":["KSMOD_SealedBook","KSMOD_SealedWand","CogitoBucket","LetterFromLob","Gensokyo:CelestialsFlawlessClothing"],"acts_visited":["Exordium"],"potions_floor_usage":[],"damage_taken":[{"damage":3,"enemies":"Gensokyo:Python","floor":1,"turns":4},{"damage":12,"enemies":"Gensokyo:Gryphon","floor":2,"turns":2},{"damage":15,"enemies":"Gensokyo:3_Fairies","floor":3,"turns":4},{"damage":7,"enemies":"Gensokyo:VengefulSpirit","floor":5,"turns":5},{"damage":111,"enemies":"Gensokyo:Aya","floor":6,"turns":5}],"seed_played":"6912272918144923884","potions_obtained":[],"is_trial":false,"path_per_floor":["M","M","M","?","M","E"],"character_chosen":"KINOMOTOSAKURA","items_purchased":[],"campfire_rested":0,"item_purchase_floors":[],"current_hp_per_floor":[67,55,40,23,16,0,0],"gold":167,"neow_bonus":"","is_daily":false,"chose_seed":false,"campfire_upgraded":0,"win_rate":0.0,"timestamp":1612963523,"path_taken":["M","M","M","?","?","E"],"items_purchased_type":[],"build_version":"2020-12-22","purchased_purges":0,"victory":false,"max_hp_per_floor":[70,70,70,70,70,70,70],"card_choices":[{"not_picked":["ShyLook","BeautyBeast"],"picked":"CrumblingArmor","floor":1},{"not_picked":["ClowCardTheVoice","ClowCardTheRain"],"picked":"ClowCardTheFly","floor":1},{"not_picked":["Funeral","Murderer"],"picked":"MHz","floor":2},{"not_picked":["ClowCardTheVoice","ClowCardTheSleep"],"picked":"ClowCardTheIllusion","floor":2},{"not_picked":["ClowCardTheCloud","ClowCardTheFly"],"picked":"ClowCardThePower","floor":3},{"not_picked":["SingingMachine","UniverseFragment"],"picked":"FairyFestival","floor":5},{"not_picked":["ClowCardTheVoice","ClowCardTheLock"],"picked":"ClowCardTheFlower","floor":5}],"player_experience":162123,"relics_obtained":[{"floor":1,"key":"LetterFromLob"}],"event_choices":[],"is_beta":false,"boss_relics":[],"items_purged_floors":[],"is_endless":false,"potions_floor_spawned":[],"killed_by":"Gensokyo:Aya","ascension_level":0}}