{"host":"Berg","time":1612988366,"event":{"mods":["AchievementEnabler","BaseMod","Colored Map","Downfall","Gremlin Skip","Highlight Path","Minty Spire (QoL Compilation)","Relic Stats","StSLib"],"gold_per_floor":[99,115,127,202,39,39,63,63,63,63,76,95,5,32,44,148,148,148,167,167,167,21,35,35,54,54,54,82,93,105,105,125,228,228,28,40,51,201,158,191,217,247,147,163,188,208,208,222,234,234,234,259,26,26,26,26,26,26],"floor_reached":56,"language":"ENG","playtime":5396,"items_purged":["Slimebound:Strike_Slimebound"],"score":884,"play_id":"240ec09a-63fd-4500-9680-8eba7d138fc3","local_time":"20210210151926","is_ascension_mode":false,"campfire_choices":[{"data":"Slimebound:Split","floor":1,"key":"SMITH"},{"data":"Slimebound:LeadByExample","floor":8,"key":"SMITH"},{"data":"Slimebound:PressTheAttack","floor":10,"key":"SMITH"},{"data":"Slimebound:Teamwork","floor":18,"key":"SMITH"},{"floor":27,"key":"RECALL"},{"data":"Slimebound:SelfFormingGoo","floor":35,"key":"SMITH"},{"data":"Slimebound:LevelUp","floor":43,"key":"SMITH"},{"data":"Slimebound:SelfFormingGoo","floor":47,"key":"SMITH"},{"floor":54,"key":"REST"}],"circlet_count":0,"master_deck":["Slimebound:Strike_Slimebound+1","Slimebound:Tackle+1","Slimebound:Defend_Slimebound+1","Slimebound:Defend_Slimebound+1","Slimebound:Defend_Slimebound+1","Slimebound:Defend_Slimebound+1","Slimebound:Split+1","Slimebound:GoopSpray","Slimebound:SplitBruiser","Slimebound:LeadByExample+1","Slimebound:PressTheAttack+1","Slimebound:LeechingTouch","Slimebound:GoopTackle","Slimebound:Repurpose","Slimebound:RainOfGoop","Slimebound:Dissolve","Slimebound:Teamwork+1","Slimebound:MegaLick+1","Slimebound:Prepare","Slimebound:Grow+1","Slimebound:BestDefense","Slimebound:Prepare","Slimebound:LivingWall","Slimebound:SplitSpecialist+1","Slimebound:LeechEnergy","Slimebound:LevelUp+1","Slimebound:SelfFormingGoo+1","Slimebound:SplitMire+1","Slimebound:Dissolve","Slimebound:RollThrough","expansioncontent:Hexaburn","Slimebound:FlameTackle+1","Slimebound:Teamwork","Slimebound:SelfFormingGoo+1","Slimebound:LivingWall+1","Slimebound:LeechingTouch","Slimebound:SplitLeeching","expansioncontent:YouAreMine"],"relics":["Slimebound:AbsorbEndCombat","Bag of Preparation","Darkstone Periapt","Runic Pyramid","Gremlin Horn","Ornamental Fan","Sozu","downfall:HeartBlessingRed","downfall:HeartBlessingGreen","Dead Branch","Slimebound:MaxSlimesRelic","Pear","downfall:HeartBlessingBlue","Blue Candle","Bottled Lightning","Medical Kit"],"acts_visited":["Exordium","TheCity","TheBeyond","TheEnding"],"potions_floor_usage":[28,56,56,56],"damage_taken":[{"damage":1,"enemies":"2 Louse","floor":2,"turns":3},{"damage":1,"enemies":"Jaw Worm","floor":3,"turns":3},{"damage":0,"enemies":"downfall:FleeingMerchant","floor":5,"turns":4},{"damage":0,"enemies":"Cultist","floor":9,"turns":1},{"damage":0,"enemies":"Large Slime","floor":11,"turns":2},{"damage":4,"enemies":"Red Slaver","floor":12,"turns":3},{"damage":11,"enemies":"downfall:FleeingMerchant","floor":13,"turns":4},{"damage":22,"enemies":"Gremlin Nob","floor":14,"turns":3},{"damage":1,"enemies":"3 Louse","floor":15,"turns":2},{"damage":18,"enemies":"IC_STATUS_ARCHETYPE","floor":16,"turns":5},{"damage":3,"enemies":"Shell Parasite","floor":19,"turns":4},{"damage":0,"enemies":"downfall:FleeingMerchant","floor":22,"turns":4},{"damage":0,"enemies":"Chosen","floor":23,"turns":4},{"damage":0,"enemies":"Snake Plant","floor":25,"turns":4},{"damage":22,"enemies":"Slavers","floor":28,"turns":5},{"damage":0,"enemies":"Cultist and Chosen","floor":29,"turns":5},{"damage":0,"enemies":"Snecko","floor":30,"turns":5},{"damage":0,"enemies":"Centurion and Healer","floor":32,"turns":7},{"damage":27,"enemies":"WA_ARCHETYPE_CALM","floor":33,"turns":10},{"damage":8,"enemies":"Orb Walker","floor":36,"turns":5},{"damage":0,"enemies":"3 Shapes","floor":37,"turns":4},{"damage":6,"enemies":"downfall:FleeingMerchant","floor":39,"turns":4},{"damage":29,"enemies":"Giant Head","floor":40,"turns":9},{"damage":0,"enemies":"Reptomancer","floor":42,"turns":5},{"damage":3,"enemies":"Spire Growth","floor":44,"turns":5},{"damage":11,"enemies":"Giant Head","floor":45,"turns":9},{"damage":0,"enemies":"Jaw Worm Horde","floor":46,"turns":4},{"damage":0,"enemies":"Sphere and 2 Shapes","floor":48,"turns":5},{"damage":0,"enemies":"Maw","floor":49,"turns":7},{"damage":11,"enemies":"SI_POISON_ARCHETYPE","floor":50,"turns":11},{"damage":40,"enemies":"downfall:CharBossMerchant","floor":52,"turns":5},{"damage":3,"enemies":"downfall:NeowBoss","floor":55,"turns":13},{"damage":101,"enemies":"downfall:NeowBossFinal","floor":56,"turns":11}],"seed_played":"5419583641577082883","potions_obtained":[{"floor":2,"key":"Fire Potion"},{"floor":11,"key":"Guardian:BlockOnCardUsePotion"},{"floor":15,"key":"SteroidPotion"},{"floor":16,"key":"GamblersBrew"},{"floor":28,"key":"Weak Potion"},{"floor":32,"key":"Slimebound:SlimedPotion"}],"is_trial":false,"path_per_floor":["R","M","M","?","$","?","T","R","M","R","M","M","$","E","M","B",null,"R","M","?","?","$","M","T","M","?","R","E","M","M","?","M","B",null,"R","M","M","?","$","E","T","E","R","M","E","M","R","M","M","B",null,"E","$","R","B","B"],"character_chosen":"SLIMEBOUND","items_purchased":["Bag of Preparation","Slimebound:BestDefense","Slimebound:Prepare","Slimebound:LivingWall","Dead Branch","expansioncontent:Hexaburn","Medical Kit","expansioncontent:YouAreMine"],"campfire_rested":1,"item_purchase_floors":[5,22,22,22,39,39,53,53],"current_hp_per_floor":[65,65,65,65,65,65,65,65,65,65,65,63,56,36,39,25,65,65,65,65,65,65,65,65,65,65,65,49,57,63,52,60,41,70,70,62,68,68,70,41,41,59,69,74,71,77,77,83,90,87,90,52,52,79,84,0,0,0],"gold":26,"neow_bonus":"REMOVE_CARD","is_daily":false,"chose_seed":false,"campfire_upgraded":7,"win_rate":0.0,"timestamp":1612988366,"path_taken":["R","M","M","?","$","?","T","R","M","R","M","M","$","E","M","BOSS","R","M","?","?","?","M","T","?","?","R","E","?","M","?","M","BOSS","R","M","M","?","$","E","T","E","R","M","E","M","R","M","M","BOSS","E","$","R","BOSS","BOSS"],"items_purchased_type":["Relic","Card","Card","Card","Relic","Card","Relic","Card"],"build_version":"2020-12-18","purchased_purges":1,"victory":false,"max_hp_per_floor":[65,65,65,65,65,65,65,65,65,65,65,65,65,65,65,65,65,65,65,65,65,65,65,65,65,65,65,65,65,65,70,70,70,70,70,70,70,70,70,70,70,80,90,90,90,90,90,90,90,90,90,90,90,90,90,90,90,90],"relic_stats":{"Darkstone Periapt":0,"Sozu":1,"Gremlin Horn":[13,15],"counters":[33,174],"Ornamental Fan":[60],"Dead Branch":[193],"Blue Candle":[8],"Bag of Preparation":[60],"Medical Kit":[2],"obtain_stats":[{"Darkstone Periapt":14,"Pear":42,"Gremlin Horn":24,"downfall:HeartBlessingRed":35,"Dead Branch":39,"Blue Candle":45,"downfall:HeartBlessingGreen":35,"Bag of Preparation":5,"Whetstone":7,"Medical Kit":53,"Sozu":34,"downfall:BrokenWingStatue":6,"Slimebound:MaxSlimesRelic":40,"Ornamental Fan":28,"downfall:HeartBlessingBlue":43,"Slimebound:AbsorbEndCombat":0,"Bottled Lightning":52,"Runic Pyramid":17},{"Darkstone Periapt":8,"Pear":24,"Gremlin Horn":13,"downfall:HeartBlessingRed":19,"Dead Branch":22,"Blue Candle":26,"downfall:HeartBlessingGreen":19,"Bag of Preparation":3,"Whetstone":3,"Medical Kit":31,"Sozu":19,"downfall:BrokenWingStatue":3,"Slimebound:MaxSlimesRelic":23,"Ornamental Fan":15,"downfall:HeartBlessingBlue":24,"Slimebound:AbsorbEndCombat":0,"Bottled Lightning":31,"Runic Pyramid":10},{"Darkstone Periapt":22,"Pear":104,"Gremlin Horn":41,"downfall:HeartBlessingRed":77,"Dead Branch":90,"Blue Candle":118,"downfall:HeartBlessingGreen":77,"Bag of Preparation":9,"Whetstone":9,"Medical Kit":150,"Sozu":77,"downfall:BrokenWingStatue":9,"Slimebound:MaxSlimesRelic":99,"Ornamental Fan":50,"downfall:HeartBlessingBlue":104,"Slimebound:AbsorbEndCombat":0,"Bottled Lightning":150,"Runic Pyramid":29}]},"card_choices":[{"not_picked":["Slimebound:RejuvenatingLick","Slimebound:BestDefense"],"picked":"Slimebound:GoopSpray","floor":2},{"not_picked":["Slimebound:ComboTackle","Slimebound:ItLooksTasty"],"picked":"Slimebound:SplitBruiser","floor":3},{"not_picked":["Slimebound:LeechEnergy","Slimebound:SplitBruiser"],"picked":"Slimebound:LeadByExample","floor":5},{"not_picked":["Slimebound:ViciousTackle","Slimebound:DivideAndConquer"],"picked":"Slimebound:PressTheAttack","floor":9},{"not_picked":["Slimebound:RollThrough","Slimebound:GoopTackle"],"picked":"Slimebound:LeechingTouch","floor":11},{"not_picked":["Slimebound:LeadByExample","Slimebound:LeechEnergy"],"picked":"Slimebound:GoopTackle","floor":12},{"not_picked":["Slimebound:Prepare","Slimebound:LeechingTouch"],"picked":"Slimebound:Repurpose","floor":13},{"not_picked":["Slimebound:AcidTongue","Slimebound:LeechingTouch"],"picked":"Slimebound:RainOfGoop","floor":14},{"not_picked":["Slimebound:GoopSpray","Slimebound:PressTheAttack"],"picked":"Slimebound:Dissolve","floor":15},{"not_picked":["Slimebound:WasteNot","Slimebound:DouseInSlime"],"picked":"Slimebound:Teamwork","floor":16},{"not_picked":["Slimebound:Replication","Slimebound:ItLooksTasty"],"picked":"Slimebound:MegaLick+1","floor":19},{"not_picked":["Slimebound:ForwardTackle","Slimebound:MegaLick"],"picked":"Slimebound:Grow+1","floor":22},{"not_picked":["Slimebound:Dissolve","Slimebound:LivingWall","Slimebound:LeechEnergy"],"picked":"SKIP","floor":23},{"not_picked":["Slimebound:ForwardTackle+1","Slimebound:TongueLash"],"picked":"Slimebound:SplitSpecialist+1","floor":25},{"not_picked":["Slimebound:PrepareCrush","Slimebound:ServeAndProtect"],"picked":"Slimebound:LevelUp","floor":28},{"not_picked":["Slimebound:GoopSpray","Slimebound:SplitMire","Slimebound:LeadByExample"],"picked":"SKIP","floor":29},{"not_picked":["Slimebound:FinishingTackle","Slimebound:SplitBruiser","Slimebound:SamplingLick"],"picked":"SKIP","floor":30},{"not_picked":["Slimebound:TongueLash","Slimebound:DisruptingSlam","Slimebound:GoopSpray"],"picked":"SKIP","floor":32},{"not_picked":["Slimebound:LeechLife","Slimebound:DouseInSlime"],"picked":"Slimebound:SelfFormingGoo","floor":33},{"not_picked":["Slimebound:GrowthPunch","Slimebound:HauntingLick"],"picked":"Slimebound:SplitMire+1","floor":36},{"not_picked":["Slimebound:Gluttony+1","Slimebound:SlimeSpikes+1"],"picked":"Slimebound:Dissolve","floor":37},{"not_picked":["Slimebound:GoopSpray+1","Slimebound:HauntingLick+1"],"picked":"Slimebound:RollThrough","floor":39},{"not_picked":["Slimebound:SlimeBrawl","Slimebound:ViciousTackle"],"picked":"Slimebound:FlameTackle+1","floor":40},{"not_picked":["Slimebound:RollThrough+1","Slimebound:SplitSpecialist"],"picked":"Slimebound:Teamwork","floor":42},{"not_picked":["Slimebound:SplitBruiser","Slimebound:Schlurp+1","Slimebound:RollThrough"],"picked":"SKIP","floor":44},{"not_picked":["Slimebound:Prepare+1","Slimebound:DivideAndConquer+1","Slimebound:GoopTackle+1"],"picked":"SKIP","floor":45},{"not_picked":["Slimebound:ComboTackle","Slimebound:SplitLeeching"],"picked":"Slimebound:SelfFormingGoo","floor":46},{"not_picked":["Slimebound:GrowthPunch","Slimebound:SlimeSpikes+1"],"picked":"Slimebound:LivingWall+1","floor":48},{"not_picked":["Slimebound:LeechEnergy+1","Slimebound:LivingWall"],"picked":"Slimebound:LeechingTouch","floor":49},{"not_picked":["Slimebound:TagTeam","Slimebound:HauntingLick"],"picked":"Slimebound:SplitLeeching","floor":52}],"player_experience":1387673,"relics_obtained":[{"floor":7,"key":"Whetstone"},{"floor":14,"key":"Darkstone Periapt"},{"floor":24,"key":"Gremlin Horn"},{"floor":28,"key":"Ornamental Fan"},{"floor":40,"key":"Slimebound:MaxSlimesRelic"},{"floor":42,"key":"Pear"},{"floor":45,"key":"Blue Candle"},{"floor":52,"key":"Bottled Lightning"}],"event_choices":[{"damage_healed":0,"gold_gain":0,"player_choice":"Read","damage_taken":0,"max_hp_gain":0,"max_hp_loss":0,"event_name":"The Library","floor":20,"gold_loss":0,"cards_obtained":["Slimebound:Prepare"]}],"is_beta":true,"boss_relics":[{"not_picked":["Busted Crown","Pandora\u0027s Box"],"picked":"Runic Pyramid"},{"not_picked":["Velvet Choker","Calling Bell"],"picked":"Sozu"}],"items_purged_floors":[13],"is_endless":false,"potions_floor_spawned":[2,11,15,16,25,28,32,33,36,40,46,49],"killed_by":"downfall:NeowBossFinal","ascension_level":0}}