{"host":"fc5kl670efuhtomy","time":1612926041,"event":{"mods":["AchievementEnabler","BaseMod","Colored Powertips","Downfall","Marisa（F雨　魔理沙）","Minty Spire (QoL Compilation)","Quick Restart","Rare Cards Sparkle","Relic Stats","Replay The Spire","StSLib","The Bug Knight","The Construct","The Cursed","The Necromancer","The Servant 0.9.4","WarShipGirlsR/战舰少女R mod"],"gold_per_floor":[160,178,278,278,99,99,126,26,55,75,60,60,89,108,119,217,217,17,17,34,10,10,10,10,10,33,33,64,80,80,96,111,221,221,221,241,270,270,286,298,298,298,350,383,395,395,395,409,429,429,429,472,200,200,200,200],"floor_reached":57,"language":"ZHS","playtime":3610,"items_purged":["Regret","sneckomod:Strike","sneckomod:Defend"],"score":1300,"play_id":"a2a493e8-b9f7-483b-b1ba-0c358e3ae943","local_time":"20210210110041","is_ascension_mode":false,"campfire_choices":[{"floor":6.0,"key":"RECALL"},{"data":"sneckomod:Cheat","floor":8.0,"key":"SMITH"},{"data":"sneckomod:Unknown3Cost","floor":18.0,"key":"SMITH"},{"data":"sneckomod:DiceBoulder","floor":25.0,"key":"SMITH"},{"data":"sneckomod:SoulRoll","floor":30.0,"key":"SMITH"},{"data":"sneckomod:Mudshield","floor":35.0,"key":"SMITH"},{"data":"sneckomod:SoulDraw","floor":47.0,"key":"SMITH"},{"data":"sneckomod:SoulDraw","floor":47.0,"key":"SMITH"},{"data":"sneckomod:UnknownRareAttack","floor":54.0,"key":"SMITH"},{"data":"sneckomod:UnknownDraw","floor":54.0,"key":"SMITH"}],"circlet_count":0,"master_deck":["sneckomod:Strike+1","sneckomod:Defend","sneckomod:Defend+1","sneckomod:TailWhip","sneckomod:SnekBite","sneckomod:Unknown","sneckomod:Unknown","sneckomod:DiceBlock+1","sneckomod:Cheat+1","sneckomod:UnknownDraw+1","sneckomod:SoulDraw+1","sneckomod:SoulRoll+1","sneckomod:DiceBoulder+1","sneckomod:SoulDraw+1","sneckomod:Unknown3Cost+1","sneckomod:IronFang","Necronomicurse","sneckomod:Mudshield+1","sneckomod:SoulDraw+1","sneckomod:Unknown2Cost","sneckomod:UnknownRareAttack+1"],"relics":["Snecko Eye","ReplayTheSpireMod:CursedCoin","Sundial","downfall:HeartBlessingRed","Odd Mushroom","HollowMod:LifeEnderRelic","Philosopher\u0027s Stone","downfall:HeartBlessingGreen","downfall:HeartBlessingBlue","Ornamental Fan","Necronomicon","Mummified Hand","Potion Belt","CeramicFish","construct:WeddingRing","Bronze Scales","Kunai","Replay:Arrowhead","Du-Vu Doll","War Paint","Sling"],"acts_visited":["Exordium","TheCity","TheBeyond","TheEnding"],"potions_floor_usage":[55,55,56],"damage_taken":[{"damage":1.0,"enemies":"2 Louse","floor":2.0,"turns":2.0},{"damage":0.0,"enemies":"downfall:FleeingMerchant","floor":5.0,"turns":4.0},{"damage":12.0,"enemies":"The Mushroom Lair","floor":9.0,"turns":5.0},{"damage":3.0,"enemies":"Small Slimes","floor":10.0,"turns":5.0},{"damage":9.0,"enemies":"downfall:FleeingMerchant","floor":11.0,"turns":4.0},{"damage":18.0,"enemies":"3 Sentries","floor":13.0,"turns":9.0},{"damage":0.0,"enemies":"Jaw Worm","floor":14.0,"turns":1.0},{"damage":0.0,"enemies":"2 Fungi Beasts","floor":15.0,"turns":2.0},{"damage":1.0,"enemies":"WA_ARCHETYPE_RETAIN","floor":16.0,"turns":3.0},{"damage":2.0,"enemies":"Chosen","floor":20.0,"turns":2.0},{"damage":3.0,"enemies":"downfall:FleeingMerchant","floor":21.0,"turns":4.0},{"damage":0.0,"enemies":"HollowMod:Nosk","floor":28.0,"turns":3.0},{"damage":0.0,"enemies":"3 Byrds","floor":29.0,"turns":4.0},{"damage":3.0,"enemies":"Centurion and Healer","floor":31.0,"turns":3.0},{"damage":0.0,"enemies":"Shelled Parasite and Fungi","floor":32.0,"turns":3.0},{"damage":8.0,"enemies":"IC_MUSHROOM_ARCHETYPE","floor":33.0,"turns":3.0},{"damage":7.0,"enemies":"Orb Walker","floor":36.0,"turns":3.0},{"damage":6.0,"enemies":"3 Shapes","floor":37.0,"turns":3.0},{"damage":0.0,"enemies":"Transient","floor":39.0,"turns":5.0},{"damage":0.0,"enemies":"Maw","floor":40.0,"turns":5.0},{"damage":0.0,"enemies":"2 Orb Walkers","floor":43.0,"turns":3.0},{"damage":0.0,"enemies":"Giant Head","floor":44.0,"turns":5.0},{"damage":4.0,"enemies":"Writhing Mass","floor":45.0,"turns":3.0},{"damage":0.0,"enemies":"Transient","floor":48.0,"turns":5.0},{"damage":0.0,"enemies":"Sphere and 2 Shapes","floor":49.0,"turns":4.0},{"damage":6.0,"enemies":"DF_ARCHETYPE_ORBS","floor":50.0,"turns":4.0},{"damage":0.0,"enemies":"downfall:CharBossMerchant","floor":52.0,"turns":7.0},{"damage":10,"enemies":"downfall:NeowBoss","floor":55,"turns":12},{"damage":75,"enemies":"downfall:NeowBossFinal","floor":56,"turns":7}],"seed_played":"1082436508500035580","potions_obtained":[{"floor":2.0,"key":"PowerPotion"},{"floor":14.0,"key":"Fire Potion"},{"floor":15.0,"key":"Dexterity Potion"},{"floor":28.0,"key":"SpeedPotion"},{"floor":29.0,"key":"LifebloodPotion"},{"floor":32.0,"key":"PowerPotion"},{"floor":36.0,"key":"Adrenaline Potion"},{"floor":37.0,"key":"Fire Potion"},{"floor":39.0,"key":"Dexterity Potion"}],"is_trial":false,"path_per_floor":["R","M","?","?","$","R","T","R","?","M","$","?","E","M","M","B",null,"R","?","M","$","?","?","T","R","T","$","E","M","R","M","M","B",null,"R","M","M","?","M","M","T","T","?","E","M","?","R","M","M","B",null,"E","$","R","B","B",null],"character_chosen":"THE_SNECKO","items_purchased":["ReplayTheSpireMod:CursedCoin","Sundial","Ornamental Fan","Sling"],"campfire_rested":0,"item_purchase_floors":[5,5,21,53],"current_hp_per_floor":[90,89,89,89,89,89,89,89,77,74,65,70,52,52,52,51,95,105,105,103,100,100,84,84,84,84,84,84,84,84,81,81,73,105,105,98,92,92,92,92,92,92,92,92,88,88,88,88,88,82,105,105,105,105,95,20],"gold":200,"neow_bonus":"BOSS_RELIC","is_daily":false,"chose_seed":false,"campfire_upgraded":9,"win_rate":0.0,"timestamp":1612926041,"path_taken":["R","M","?","?","$","R","T","R","?","M","$","?","E","?","M","BOSS","R","?","M","?","?","?","T","R","?","?","E","?","R","M","M","BOSS","R","M","M","?","M","?","T","?","?","E","M","?","R","M","M","BOSS","E","$","R","BOSS","BOSS"],"items_purchased_type":["Relic","Relic","Relic","Relic"],"build_version":"2020-12-22","purchased_purges":3,"victory":true,"max_hp_per_floor":[90,90,90,90,90,90,90,90,90,90,90,95,95,95,95,95,95,105,105,105,105,105,105,105,105,105,105,105,105,105,105,105,105,105,105,105,105,105,105,105,105,105,105,105,105,105,105,105,105,105,105,105,105,105,105,105],"relic_stats":{"counters":[29,123],"Sundial":[74],"Ornamental Fan":[324],"Mummified Hand":[52],"CeramicFish":36,"Bronze Scales":[81],"Snecko Eye":[275,293,275,283],"Necronomicon":[19],"Kunai":[55],"War Paint":["sneckomod:DiceBlock","sneckomod:Defend"],"obtain_stats":[{"Potion Belt":26,"HollowMod:LifeEnderRelic":13,"construct:WeddingRing":34,"downfall:HeartBlessingRed":8,"ReplayTheSpireMod:CursedCoin":5,"CeramicFish":28,"downfall:HeartBlessingGreen":18,"Odd Mushroom":9,"War Paint":52,"sneckomod:SneckoSoul":0,"Sling":53,"Replay:Arrowhead":43,"Du-Vu Doll":44,"Sundial":5,"downfall:HeartBlessingBlue":18,"Ornamental Fan":21,"Mummified Hand":24,"Bronze Scales":41,"Snecko Eye":0,"Philosopher\u0027s Stone":17,"Necronomicon":23,"Kunai":42},{"Potion Belt":11,"HollowMod:LifeEnderRelic":6,"construct:WeddingRing":16,"downfall:HeartBlessingRed":2,"ReplayTheSpireMod:CursedCoin":2,"CeramicFish":12,"downfall:HeartBlessingGreen":9,"Odd Mushroom":3,"War Paint":27,"sneckomod:SneckoSoul":0,"Sling":27,"Replay:Arrowhead":21,"Du-Vu Doll":22,"Sundial":2,"downfall:HeartBlessingBlue":9,"Ornamental Fan":11,"Mummified Hand":11,"Bronze Scales":20,"Snecko Eye":0,"Philosopher\u0027s Stone":9,"Necronomicon":11,"Kunai":20},{"Potion Belt":41,"HollowMod:LifeEnderRelic":29,"construct:WeddingRing":57,"downfall:HeartBlessingRed":6,"ReplayTheSpireMod:CursedCoin":6,"CeramicFish":44,"downfall:HeartBlessingGreen":35,"Odd Mushroom":11,"War Paint":104,"sneckomod:SneckoSoul":0,"Sling":104,"Replay:Arrowhead":76,"Du-Vu Doll":81,"Sundial":6,"downfall:HeartBlessingBlue":35,"Ornamental Fan":41,"Mummified Hand":41,"Bronze Scales":73,"Snecko Eye":0,"Philosopher\u0027s Stone":35,"Necronomicon":41,"Kunai":73}]},"card_choices":[{"not_picked":["sneckomod:UnknownBlock","sneckomod:UnknownCommonAttack"],"picked":"sneckomod:DiceBlock","floor":2.0},{"not_picked":["sneckomod:UnknownVulnerable","sneckomod:IronFang"],"picked":"sneckomod:Cheat","floor":5.0},{"not_picked":["sneckomod:UnknownCommonSkill","sneckomod:Unknown0Cost"],"picked":"sneckomod:UnknownDraw","floor":10.0},{"not_picked":["sneckomod:UnknownCommonSkill","sneckomod:SlitherStrike"],"picked":"sneckomod:SoulDraw","floor":11.0},{"not_picked":["sneckomod:DiceBlock","sneckomod:DangerNoodle"],"picked":"sneckomod:SoulRoll","floor":13.0},{"not_picked":["sneckomod:SoulRoll","sneckomod:DefensiveFlair"],"picked":"sneckomod:DiceBoulder","floor":14.0},{"not_picked":["sneckomod:UnknownCommonAttack","sneckomod:Nope"],"picked":"sneckomod:SoulDraw","floor":15.0},{"not_picked":["sneckomod:UnknownRarePower","sneckomod:SerpentMind"],"picked":"sneckomod:Unknown3Cost","floor":16.0},{"not_picked":["sneckomod:UnknownVulnerable","sneckomod:ImprovisedGuard","sneckomod:Nope+1"],"picked":"SKIP","floor":20.0},{"not_picked":["sneckomod:RainOfDice","sneckomod:DiceBoulder","sneckomod:SnakeSap"],"picked":"SKIP","floor":21.0},{"not_picked":["sneckomod:QuickMove","sneckomod:SnakeSap","sneckomod:UnendingSupply"],"picked":"SKIP","floor":28.0},{"not_picked":["sneckomod:WideSting+1","sneckomod:UnknownClassGREEN","sneckomod:UnknownClassBUGKNIGHT_GRAY_COLOR"],"picked":"SKIP","floor":29.0},{"not_picked":["sneckomod:UnknownClassTHE_BRONZE_AUTOMATON","sneckomod:UnknownUncommonPower+1","sneckomod:MasterEye"],"picked":"SKIP","floor":31.0},{"not_picked":["sneckomod:UnknownRareSkill","sneckomod:UnknownUncommonSkill+1","sneckomod:UnknownVulnerable+1"],"picked":"SKIP","floor":32.0},{"not_picked":["sneckomod:MorePower","sneckomod:Cheat"],"picked":"sneckomod:Mudshield","floor":33.0},{"not_picked":["sneckomod:RainOfDice","sneckomod:UnknownVulnerable","sneckomod:SlitherStrike+1"],"picked":"SKIP","floor":36.0},{"not_picked":["sneckomod:UnknownClassGREEN+1","sneckomod:UnendingSupply+1"],"picked":"sneckomod:SoulDraw+1","floor":37.0},{"not_picked":["sneckomod:SnekBeam","sneckomod:SnakeSap+1","sneckomod:UnknownClassGREEN+1"],"picked":"SKIP","floor":39.0},{"not_picked":["sneckomod:SoulDraw","sneckomod:UnknownClassTHE_BRONZE_AUTOMATON+1","sneckomod:UnknownCommonSkill+1"],"picked":"SKIP","floor":40.0},{"not_picked":["sneckomod:SnekBeam+1","sneckomod:ImprovisedGuard","sneckomod:UnknownClassBUGKNIGHT_GRAY_COLOR+1"],"picked":"SKIP","floor":44.0},{"not_picked":["sneckomod:UnknownUncommonAttack+1","sneckomod:IronFang","sneckomod:UnknownClassBUGKNIGHT_GRAY_COLOR+1"],"picked":"SKIP","floor":45.0},{"not_picked":["sneckomod:DiceCrush+1","sneckomod:SnakeSap+1","sneckomod:CheapStock"],"picked":"SKIP","floor":48.0},{"not_picked":["sneckomod:SlitherStrike","sneckomod:UnknownUncommonPower+1"],"picked":"sneckomod:Unknown2Cost","floor":49.0},{"not_picked":["sneckomod:UnknownUncommonAttack","sneckomod:SerpentIdol"],"picked":"sneckomod:UnknownRareAttack","floor":52.0}],"player_experience":196536,"relics_obtained":[{"floor":9.0,"key":"Odd Mushroom"},{"floor":13.0,"key":"HollowMod:LifeEnderRelic"},{"floor":23.0,"key":"Necronomicon"},{"floor":24.0,"key":"Mummified Hand"},{"floor":26.0,"key":"Potion Belt"},{"floor":28.0,"key":"CeramicFish"},{"floor":41.0,"key":"Bronze Scales"},{"floor":42.0,"key":"Kunai"},{"floor":43.0,"key":"Replay:Arrowhead"},{"floor":44.0,"key":"Du-Vu Doll"},{"floor":52.0,"key":"War Paint"}],"event_choices":[{"damage_healed":0.0,"max_hp_gain":0.0,"max_hp_loss":0.0,"gold_gain":0.0,"event_name":"Mushrooms","player_choice":"Fought Mushrooms","floor":9.0,"gold_loss":0.0,"damage_taken":0.0},{"damage_healed":0.0,"max_hp_gain":5.0,"max_hp_loss":0.0,"gold_gain":0.0,"event_name":"Big Fish","player_choice":"Donut","floor":12.0,"gold_loss":0.0,"damage_taken":0.0},{"cards_removed":["sneckomod:Strike"],"damage_healed":0.0,"max_hp_gain":0.0,"max_hp_loss":0.0,"gold_gain":0.0,"event_name":"Bonfire Elementals","player_choice":"Offered Basic","floor":38.0,"gold_loss":0.0,"damage_taken":0.0},{"damage_healed":0.0,"max_hp_gain":0.0,"max_hp_loss":0.0,"gold_gain":0.0,"event_name":"Mysterious Sphere","player_choice":"Fight","floor":43.0,"gold_loss":0.0,"damage_taken":0.0}],"is_beta":false,"boss_relics":[{"not_picked":["SacredBark","sneckomod:SneckoBoss"],"picked":"Philosopher\u0027s Stone"},{"not_picked":["Fusion Hammer","Ring of Chaos"],"picked":"construct:WeddingRing"}],"items_purged_floors":[5,21,53],"is_endless":false,"potions_floor_spawned":[2,14,15,28,29,32,36,37,39,43,49],"ascension_level":0}}