{"host":"Cenci","time":1612942545,"event":{"mods":["BaseMod","Downfall","Highlight Path","Minty Spire (QoL Compilation)","StSLib","The Cursed"],"gold_per_floor":[115,134,151,167,117,117,180,180,180,96,130,144,178,194,194,194,194],"floor_reached":16,"language":"ENG","playtime":819,"items_purged":[],"score":112,"play_id":"108336cf-ad80-403f-a1ec-e5e3881dafc0","local_time":"20210210083545","is_ascension_mode":false,"campfire_choices":[{"data":"TheCursedMod:CircleOfCorruption","floor":6,"key":"SMITH"},{"data":"TheCursedMod:SaltUponWound","floor":8,"key":"SMITH"},{"floor":15,"key":"REST"}],"circlet_count":0,"master_deck":["TheCursedMod:Strike_TheCursed","TheCursedMod:Strike_TheCursed","TheCursedMod:Strike_TheCursed","TheCursedMod:Defend_TheCursed","TheCursedMod:Defend_TheCursed","TheCursedMod:Defend_TheCursed","TheCursedMod:Defend_TheCursed","TheCursedMod:CursedWand","TheCursedMod:CleanUpWorkshop","TheCursedMod:Dregs","TheCursedMod:Torture","TheCursedMod:Hemoplague","TheCursedMod:SpitefulStrike","TheCursedMod:CircleOfCorruption+1","TheCursedMod:SaltUponWound+1","TheCursedMod:SmokeScreen","TheCursedMod:HellsGateOpen","TheCursedMod:RapidMovement","TheCursedMod:NeowsMight","TheCursedMod:VitalStrike","TheCursedMod:ShockAndAwe","TheCursedMod:CursedAmulet"],"relics":["TheCursedMod:BlackMagic101","TheCursedMod:SoulVessel","Ice Cream","HornCleat","Lantern"],"acts_visited":["Exordium"],"potions_floor_usage":[],"damage_taken":[{"damage":1,"enemies":"Cultist","floor":1,"turns":4},{"damage":5,"enemies":"Small Slimes","floor":2,"turns":5},{"damage":1,"enemies":"Jaw Worm","floor":3,"turns":3},{"damage":0,"enemies":"Blue Slaver","floor":4,"turns":2},{"damage":17,"enemies":"Gremlin Nob","floor":7,"turns":3},{"damage":33,"enemies":"3 Sentries","floor":11,"turns":8},{"damage":7,"enemies":"Large Slime","floor":12,"turns":4},{"damage":8,"enemies":"Gremlin Nob","floor":13,"turns":4},{"damage":0,"enemies":"Gremlin Gang","floor":14,"turns":3},{"damage":34,"enemies":"Slime Boss","floor":16,"turns":5}],"seed_played":"-7806061321324633691","potions_obtained":[{"floor":2,"key":"PowerPotion"},{"floor":13,"key":"SpeedPotion"},{"floor":14,"key":"TheCursedMod:DregsPotion"}],"is_trial":false,"path_per_floor":["M","M","M","M","?","R","?","R","T","$","E","M","E","M","R","B"],"character_chosen":"THE_CURSED","items_purchased":["TheCursedMod:HellsGateOpen","TheCursedMod:RapidMovement"],"campfire_rested":1,"item_purchase_floors":[10,10],"current_hp_per_floor":[74,69,68,68,68,68,51,51,51,51,21,17,10,12,34,0,0],"gold":194,"neow_bonus":"THREE_CARDS","is_daily":false,"chose_seed":false,"campfire_upgraded":2,"win_rate":0.0,"timestamp":1612942545,"path_taken":["M","M","?","M","?","R","?","R","T","$","E","M","E","M","R","BOSS"],"items_purchased_type":["Card","Card"],"build_version":"2020-11-17","purchased_purges":0,"victory":false,"max_hp_per_floor":[75,75,75,75,75,75,75,75,75,75,75,75,75,75,75,75,75],"card_choices":[{"not_picked":["TheCursedMod:RavingStaff","TheCursedMod:VitalStrike"],"picked":"TheCursedMod:Torture","floor":0},{"not_picked":["TheCursedMod:RavingStaff","TheCursedMod:SmokeScreen"],"picked":"TheCursedMod:Hemoplague","floor":1},{"not_picked":["TheCursedMod:Grudge","TheCursedMod:HellsGateOpen"],"picked":"TheCursedMod:SpitefulStrike","floor":2},{"not_picked":["TheCursedMod:CursedAmulet","TheCursedMod:RapidMovement"],"picked":"TheCursedMod:CircleOfCorruption","floor":3},{"not_picked":["TheCursedMod:Stigma","TheCursedMod:WearCloak"],"picked":"TheCursedMod:SaltUponWound","floor":4},{"not_picked":["TheCursedMod:FuryStrike","TheCursedMod:SpitefulStrike"],"picked":"TheCursedMod:SmokeScreen","floor":7},{"not_picked":["TheCursedMod:TacticalStrike","TheCursedMod:Wield"],"picked":"TheCursedMod:NeowsMight","floor":11},{"not_picked":["TheCursedMod:Stretching","TheCursedMod:CursedShiv"],"picked":"TheCursedMod:VitalStrike","floor":12},{"not_picked":["TheCursedMod:CursedMace","TheCursedMod:TroublousMinions"],"picked":"TheCursedMod:ShockAndAwe","floor":13},{"not_picked":["TheCursedMod:SmokeScreen","TheCursedMod:SpitefulPlan"],"picked":"TheCursedMod:CursedAmulet","floor":14}],"player_experience":304828,"relics_obtained":[{"floor":7,"key":"TheCursedMod:SoulVessel"},{"floor":9,"key":"Ice Cream"},{"floor":11,"key":"HornCleat"},{"floor":13,"key":"Lantern"}],"event_choices":[{"cards_removed":["TheCursedMod:Strike_TheCursed"],"damage_healed":0,"gold_gain":0,"player_choice":"Card Removal","damage_taken":0,"max_hp_gain":0,"max_hp_loss":0,"event_name":"The Cleric","floor":5,"gold_loss":50},{"damage_healed":0,"gold_gain":30,"player_choice":"Searched \u00272\u0027 times","damage_taken":0,"max_hp_gain":0,"max_hp_loss":0,"event_name":"Dead Adventurer","floor":7,"gold_loss":0}],"is_beta":true,"boss_relics":[],"items_purged_floors":[],"is_endless":false,"potions_floor_spawned":[2,13,14],"killed_by":"Slime Boss","ascension_level":0}}