{"host":"vpaavrwbmey593fx","time":1612994526,"event":{"mods":["AchievementEnabler","BaseMod","Bestiary","Colored Map","Colored Powertips","DeckTracker","Minty Spire (QoL Compilation)","Relic Sorter"],"gold_per_floor":[129,166,203,203,218,251,271,271,271,271,298,298,355,397,397,494,494,531,531,574,52,66,66,97,109,121,165,222,234,345,377,389,501,513,589,614,637,28,38,71,71,86,86,120,131,147,172,172,172,172,172,172,1,79,79],"floor_reached":56,"language":"ENG","playtime":5136,"items_purged":["Strike_R","Strike_R"],"score":1852,"play_id":"1610b05d-909f-4944-9ca7-a088decdb258","local_time":"20210210140206","is_ascension_mode":true,"campfire_choices":[{"data":"Feed","floor":8.0,"key":"SMITH"},{"data":"HandOfGreed","floor":10.0,"key":"SMITH"},{"data":"Bash","floor":12.0,"key":"SMITH"},{"data":"Inflame","floor":15.0,"key":"SMITH"},{"data":"Shockwave","floor":23.0,"key":"SMITH"},{"data":"True Grit","floor":25,"key":"SMITH"},{"data":"Limit Break","floor":29,"key":"SMITH"},{"floor":32,"key":"RECALL"},{"floor":41,"key":"REST"},{"floor":49,"key":"REST"},{"floor":52,"key":"REST"}],"circlet_count":0,"master_deck":["AscendersBane","Strike_R","Strike_R","Strike_R","Defend_R","Defend_R","Defend_R","Defend_R","Bash+1","HandOfGreed+1","Whirlwind+1","Feed+1","Inflame+1","Corruption","True Grit+1","Shockwave+1","Bandage Up","Shrug It Off","Limit Break+1","Demon Form","Feel No Pain","Power Through","Shrug It Off","Seeing Red+1","Shrug It Off","Dual Wield","Double Tap","Apotheosis","Shrug It Off"],"relics":["Burning Blood","Kunai","Happy Flower","InkBottle","Pen Nib","Magic Flower","Pear","Regal Pillow","Pantograph","Snecko Eye","Chemical X","Bag of Marbles","MawBank","White Beast Statue","Fusion Hammer","Centennial Puzzle","Lantern","Bottled Tornado","Du-Vu Doll"],"acts_visited":["Exordium","TheCity","TheBeyond","TheEnding"],"potions_floor_usage":[24,33,55,55],"damage_taken":[{"damage":0.0,"enemies":"Cultist","floor":1.0,"turns":2.0},{"damage":6.0,"enemies":"2 Louse","floor":2.0,"turns":3.0},{"damage":7.0,"enemies":"Jaw Worm","floor":3.0,"turns":4.0},{"damage":0.0,"enemies":"Gremlin Gang","floor":5.0,"turns":1.0},{"damage":29.0,"enemies":"Lagavulin","floor":6.0,"turns":6.0},{"damage":17.0,"enemies":"Looter","floor":7.0,"turns":3.0},{"damage":8.0,"enemies":"Gremlin Nob","floor":11.0,"turns":3.0},{"damage":15.0,"enemies":"3 Sentries","floor":13.0,"turns":4.0},{"damage":11.0,"enemies":"Blue Slaver","floor":14.0,"turns":3.0},{"damage":28.0,"enemies":"Slime Boss","floor":16.0,"turns":7.0},{"damage":7.0,"enemies":"Chosen","floor":18.0,"turns":3.0},{"damage":28.0,"enemies":"2 Thieves","floor":20.0,"turns":4.0},{"damage":23.0,"enemies":"Shelled Parasite and Fungi","floor":22.0,"turns":3.0},{"damage":18,"enemies":"Book of Stabbing","floor":24,"turns":3},{"damage":0,"enemies":"Slavers","floor":27,"turns":1},{"damage":3,"enemies":"3 Cultists","floor":28,"turns":4},{"damage":0,"enemies":"Cultist and Chosen","floor":31,"turns":2},{"damage":56,"enemies":"Collector","floor":33,"turns":6},{"damage":7,"enemies":"3 Shapes","floor":35,"turns":4},{"damage":10,"enemies":"Orb Walker","floor":36,"turns":4},{"damage":0,"enemies":"3 Darklings","floor":37,"turns":1},{"damage":13,"enemies":"Writhing Mass","floor":39,"turns":4},{"damage":15,"enemies":"Giant Head","floor":40,"turns":6},{"damage":5,"enemies":"Maw","floor":42,"turns":6},{"damage":10,"enemies":"Nemesis","floor":44,"turns":3},{"damage":10,"enemies":"Spire Growth","floor":45,"turns":2},{"damage":0,"enemies":"Jaw Worm Horde","floor":46,"turns":2},{"damage":9,"enemies":"Giant Head","floor":47,"turns":6},{"damage":91,"enemies":"Donu and Deca","floor":50,"turns":6},{"damage":50,"enemies":"Shield and Spear","floor":54,"turns":5},{"damage":115,"enemies":"The Heart","floor":55,"turns":9}],"seed_played":"8081602878969431259","potions_obtained":[{"floor":2.0,"key":"Strength Potion"},{"floor":5.0,"key":"DuplicationPotion"},{"floor":6.0,"key":"Explosive Potion"},{"floor":7.0,"key":"LiquidMemories"},{"floor":11.0,"key":"FearPotion"},{"floor":13.0,"key":"Block Potion"},{"floor":20.0,"key":"Weak Potion"},{"floor":27,"key":"GamblersBrew"},{"floor":28,"key":"FairyPotion"},{"floor":33,"key":"SpeedPotion"},{"floor":36,"key":"Ancient Potion"},{"floor":37,"key":"SteroidPotion"},{"floor":45,"key":"BloodPotion"}],"is_trial":false,"path_per_floor":["M","M","M","?","M","E","M","R","T","R","E","R","E","M","R","B",null,"M","?","M","$","M","R","E","R","T","E","M","R","?","M","R","B",null,"M","M","M","$","M","E","R","M","T","E","M","M","E","?","R","B",null,"R","$","E","B",null],"character_chosen":"IRONCLAD","items_purchased":["Chemical X","Shockwave","Bandage Up","Bag of Marbles","Power Through","Shrug It Off","InkBottle","Centennial Puzzle","Happy Flower","Shrug It Off"],"campfire_rested":3,"item_purchase_floors":[21,21,21,21,38,38,38,38,53,53],"current_hp_per_floor":[72,72,71,71,72,52,44,44,54,54,61,61,61,59,59,74,88,90,72,59,59,51,51,48,48,48,63,81,81,81,102,102,77,108,116,121,122,122,126,126,126,130,130,130,129,134,138,128,138,62,122,142,142,110,87],"gold":79,"neow_bonus":"RANDOM_COLORLESS_2","is_daily":false,"chose_seed":false,"campfire_upgraded":7,"win_rate":0.0,"timestamp":1612994526,"path_taken":["M","M","?","?","M","E","M","R","T","R","E","R","E","M","R","BOSS","M","?","M","$","M","R","E","R","T","E","M","R","?","?","R","BOSS","M","M","?","$","M","E","R","M","T","E","M","M","E","?","R","BOSS","R","$","E","BOSS"],"items_purchased_type":["Relic","Card","Card","Relic","Card","Card","Relic","Relic","Relic","Card"],"build_version":"2020-12-22","purchased_purges":2,"victory":true,"max_hp_per_floor":[72,72,72,72,72,75,75,75,85,85,89,89,93,93,93,93,93,93,98,102,102,106,106,110,110,110,110,114,114,114,118,118,118,118,118,122,122,122,126,126,126,130,130,130,130,134,138,138,138,142,142,142,142,142,142],"card_choices":[{"not_picked":["The Bomb","Sadistic Nature"],"picked":"HandOfGreed","floor":0.0},{"not_picked":["Combust","Flex","Thunderclap"],"picked":"SKIP","floor":1.0},{"not_picked":["Combust","Flex","Thunderclap"],"picked":"SKIP","floor":1.0},{"not_picked":["Heavy Blade","Clash","Armaments"],"picked":"SKIP","floor":2.0},{"not_picked":["Evolve","Iron Wave"],"picked":"Whirlwind","floor":3.0},{"not_picked":["Flex","Armaments"],"picked":"Feed","floor":5.0},{"not_picked":["Rampage","Power Through","Anger"],"picked":"SKIP","floor":6.0},{"not_picked":["Cleave","Clash","Whirlwind"],"picked":"SKIP","floor":7.0},{"not_picked":["Rupture","Limit Break","Dark Embrace"],"picked":"SKIP","floor":11.0},{"not_picked":["Pommel Strike","Sword Boomerang"],"picked":"Inflame","floor":13.0},{"not_picked":["Blood for Blood","Perfected Strike","Heavy Blade"],"picked":"SKIP","floor":14.0},{"not_picked":["Bludgeon","Barricade"],"picked":"Corruption","floor":16.0},{"not_picked":["Seeing Red","Anger","Cleave"],"picked":"SKIP","floor":18.0},{"not_picked":["Headbutt","Havoc"],"picked":"True Grit","floor":20.0},{"not_picked":["Armaments","Fire Breathing","Thunderclap+1"],"picked":"SKIP","floor":22.0},{"not_picked":["Whirlwind","Body Slam","Thunderclap"],"picked":"SKIP","floor":24},{"not_picked":["Thunderclap","Uppercut"],"picked":"Shrug It Off","floor":27},{"not_picked":["Ghostly Armor+1","Rage+1"],"picked":"Limit Break","floor":28},{"not_picked":["Wild Strike","Fire Breathing","Second Wind"],"picked":"SKIP","floor":31},{"not_picked":["Barricade","Corruption"],"picked":"Demon Form","floor":33},{"not_picked":["Second Wind+1","Iron Wave+1","Seeing Red"],"picked":"SKIP","floor":35},{"not_picked":["Wild Strike","Iron Wave"],"picked":"Feel No Pain","floor":36},{"not_picked":["Rampage","Clothesline","Body Slam"],"picked":"SKIP","floor":37},{"not_picked":["Havoc","Perfected Strike+1","Flex+1"],"picked":"SKIP","floor":39},{"not_picked":["Warcry+1","Pommel Strike","Infernal Blade+1"],"picked":"SKIP","floor":40},{"not_picked":["Dark Embrace","Hemokinesis+1"],"picked":"Seeing Red+1","floor":42},{"not_picked":["Flex","True Grit+1"],"picked":"Shrug It Off","floor":44},{"not_picked":["Intimidate","Rupture+1","Wild Strike+1"],"picked":"SKIP","floor":45},{"not_picked":["Perfected Strike+1","Rage"],"picked":"Dual Wield","floor":46},{"not_picked":["Anger+1","Perfected Strike+1"],"picked":"Double Tap","floor":47},{"not_picked":["Blind","Discovery"],"picked":"Apotheosis","floor":48},{"not_picked":["Iron Wave","Rampage","Dual Wield"],"picked":"SKIP","floor":54}],"player_experience":346826,"relics_obtained":[{"floor":6.0,"key":"Magic Flower"},{"floor":9.0,"key":"Pear"},{"floor":11.0,"key":"Regal Pillow"},{"floor":13.0,"key":"Pantograph"},{"floor":24,"key":"MawBank"},{"floor":26,"key":"White Beast Statue"},{"floor":27,"key":"Pen Nib"},{"floor":40,"key":"Lantern"},{"floor":44,"key":"Bottled Tornado"},{"floor":47,"key":"Du-Vu Doll"},{"floor":54,"key":"Kunai"}],"event_choices":[{"damage_healed":0.0,"max_hp_gain":0.0,"max_hp_loss":0.0,"gold_gain":0.0,"event_name":"Living Wall","player_choice":"Grow","floor":4.0,"gold_loss":0.0,"damage_taken":0.0,"cards_upgraded":["Whirlwind"]},{"damage_healed":0.0,"max_hp_gain":5.0,"max_hp_loss":0.0,"gold_gain":0.0,"event_name":"Forgotten Altar","player_choice":"Shed Blood","floor":19.0,"gold_loss":0.0,"damage_taken":23.0},{"damage_healed":0,"gold_gain":99,"player_choice":"Stole From Cult","damage_taken":0,"max_hp_gain":0,"max_hp_loss":0,"event_name":"Nest","floor":30,"gold_loss":0},{"damage_healed":0,"gold_gain":0,"player_choice":"Memory 3","damage_taken":10,"max_hp_gain":0,"max_hp_loss":0,"event_name":"SensoryStone","floor":48,"gold_loss":0}],"is_beta":false,"boss_relics":[{"not_picked":["Black Star","Astrolabe"],"picked":"Snecko Eye"},{"not_picked":["Sozu","Philosopher\u0027s Stone"],"picked":"Fusion Hammer"}],"items_purged_floors":[21,38],"is_endless":false,"potions_floor_spawned":[2,5,6,7,11,13,20,27,28,31,33,35,36,37,39,40,42,44,45,46,47,54],"ascension_level":10}}