{"host":"jkgg7n5hn1slsm35","time":1612952584,"event":{"mods":["Aspiration","BaseMod","BetterRewards","Conspire","Googly Eyes","Gremlin Skip","Halation","Highlight Path","Hubris","Infinite Spire","Minty Spire (QoL Compilation)","Permanent Neow","StSLib","SuperFastMode"],"gold_per_floor":[144,144,189,234,84,84,129,129,129,174,219,219,309,309,309,609,609,654,699,744,839,889,979,1029,1079,1129,899,944,989,1084,1129,1129,1129,1129],"floor_reached":33,"language":"ENG","playtime":900,"items_purged":[],"score":348,"play_id":"ccef0465-50ac-4dd9-bafc-65a587ff3d5c","local_time":"20210210112303","daily_mods":["SealedDeck","Purple Cards","Midas"],"is_ascension_mode":false,"campfire_choices":[{"floor":6,"key":"REST"},{"floor":8,"key":"REST"},{"floor":15,"key":"REST"},{"floor":32,"key":"REST"}],"circlet_count":0,"master_deck":["SandsOfTime","Dagger Spray","Dodge and Roll","Dodge and Roll","Caltrops","Consecrate","Deflect","Poisoned Stab","Blur","Backstab","Deflect","Caltrops","PathToVictory","PathToVictory","Backstab","Backstab","Blur","Blur"],"relics":["Ring of the Snake","hubris:PeanutButter","Orrery","Lantern","hubris:GlazedTorus","SsserpentHead","infinitespire:Cupcake","Anchor","halation:LettersToHer","Strawberry"],"acts_visited":["Exordium","TheCity"],"potions_floor_usage":[],"damage_taken":[{"damage":0,"enemies":"2 Louse","floor":1,"turns":2},{"damage":0,"enemies":"Jaw Worm","floor":3,"turns":3},{"damage":0,"enemies":"conspire:RoseBush","floor":4,"turns":4},{"damage":0,"enemies":"Lots of Slimes","floor":7,"turns":2},{"damage":0,"enemies":"2 Fungi Beasts","floor":10,"turns":2},{"damage":0,"enemies":"Large Slime","floor":11,"turns":4},{"damage":15,"enemies":"Gremlin Nob","floor":13,"turns":4},{"damage":0,"enemies":"Slime Boss","floor":16,"turns":7},{"damage":8,"enemies":"2 Thieves","floor":18,"turns":4},{"damage":3,"enemies":"conspire:FuzzyDice","floor":19,"turns":5},{"damage":1,"enemies":"Snake Plant","floor":20,"turns":2},{"damage":0,"enemies":"Chosen and Byrds","floor":21,"turns":4},{"damage":38,"enemies":"Slavers","floor":23,"turns":4},{"damage":0,"enemies":"Snecko","floor":28,"turns":4},{"damage":0,"enemies":"Centurion and Healer","floor":29,"turns":6},{"damage":0,"enemies":"Shelled Parasite and Fungi","floor":30,"turns":4},{"damage":11,"enemies":"3 Cultists","floor":31,"turns":5},{"damage":61,"enemies":"Champ","floor":33,"turns":8}],"seed_played":"-5810517303651203205","potions_obtained":[{"floor":1,"key":"Fire Potion"},{"floor":4,"key":"Ancient Potion"},{"floor":7,"key":"Strength Potion"},{"floor":18,"key":"Dexterity Potion"}],"is_trial":false,"path_per_floor":["M","?","M","M","$","R","M","R","T","M","M","?","E","?","R","B",null,"M","M","M","M","?","E","?","?","T","$","M","M","M","M","R","B"],"character_chosen":"THE_SILENT","items_purchased":["Orrery","Blur","Strawberry"],"campfire_rested":4,"item_purchase_floors":[5,27,27],"current_hp_per_floor":[70,70,70,70,70,70,70,70,70,70,70,70,55,55,70,70,70,62,59,58,58,58,20,20,20,20,27,27,27,27,16,39,0,0],"gold":1129,"neow_bonus":"","is_daily":true,"chose_seed":false,"campfire_upgraded":0,"win_rate":0.0,"timestamp":1612952583,"path_taken":["M","?","M","M","$","R","M","R","T","M","M","?","E","?","R","BOSS","M","M","M","?","?","E","?","?","T","$","M","M","?","M","R","BOSS"],"items_purchased_type":["Relic","Card","Relic"],"build_version":"2020-12-22","purchased_purges":0,"victory":false,"max_hp_per_floor":[70,70,70,70,70,70,70,70,70,70,70,70,70,70,70,70,70,70,70,70,70,70,70,70,70,70,77,77,77,77,77,77,77,77],"card_choices":[{"not_picked":["Acrobatics","PiercingWail"],"picked":"Deflect","floor":1},{"not_picked":["Sucker Punch","FollowUp","Dodge and Roll"],"picked":"SKIP","floor":3},{"not_picked":["Poisoned Stab","EmptyFist","Deadly Poison"],"picked":"SKIP","floor":4},{"not_picked":["Grand Finale","Protect"],"picked":"Caltrops","floor":5},{"not_picked":["hubris:SlightOfHand","Dodge and Roll"],"picked":"PathToVictory","floor":5},{"not_picked":["Leg Sweep","Accuracy","SashWhip"],"picked":"SKIP","floor":7},{"not_picked":["PiercingWail","Blasphemy","FollowUp"],"picked":"SKIP","floor":10},{"not_picked":["SandsOfTime","Backflip"],"picked":"PathToVictory","floor":11},{"not_picked":["infinitespire:Neurotoxin","Prostrate","LikeWater"],"picked":"SKIP","floor":13},{"not_picked":["Bane","CrushJoints+1","Protect"],"picked":"SKIP","floor":18},{"not_picked":["Protect","Heel Hook","Adaptation"],"picked":"SKIP","floor":19},{"not_picked":["JustLucky","Slice"],"picked":"Backstab","floor":20},{"not_picked":["Halt","Outmaneuver","PiercingWail"],"picked":"SKIP","floor":21},{"not_picked":["Well Laid Plans+1","JustLucky+1"],"picked":"Backstab","floor":23},{"not_picked":["Catalyst","Scrawl","EmptyMind"],"picked":"SKIP","floor":28},{"not_picked":["hubris:Sniper","CarveReality+1","Crescendo"],"picked":"SKIP","floor":29},{"not_picked":["Collect+1","Expertise+1"],"picked":"Blur","floor":30},{"not_picked":["Dodge and Roll","CutThroughFate+1","Setup"],"picked":"SKIP","floor":31}],"player_experience":1854412,"relics_obtained":[{"floor":2,"key":"hubris:PeanutButter"},{"floor":9,"key":"Lantern"},{"floor":13,"key":"hubris:GlazedTorus"},{"floor":23,"key":"Anchor"},{"floor":26,"key":"halation:LettersToHer"}],"event_choices":[{"damage_healed":0,"gold_gain":0,"player_choice":"Leave","damage_taken":0,"max_hp_gain":0,"max_hp_loss":0,"event_name":"conspire:Investor","floor":12,"gold_loss":0},{"damage_healed":0,"gold_gain":0,"player_choice":"Trade","damage_taken":0,"relics_obtained":["SsserpentHead"],"max_hp_gain":0,"max_hp_loss":0,"event_name":"FaceTrader","floor":14,"gold_loss":0},{"damage_healed":0,"gold_gain":0,"player_choice":"Ignored","damage_taken":0,"max_hp_gain":0,"max_hp_loss":0,"event_name":"The Mausoleum","floor":22,"gold_loss":0},{"damage_healed":0,"gold_gain":0,"player_choice":"Ignored","damage_taken":0,"max_hp_gain":0,"max_hp_loss":0,"event_name":"Ghosts","floor":24,"gold_loss":0},{"damage_healed":0,"gold_gain":0,"player_choice":"Ignored","damage_taken":0,"max_hp_gain":0,"max_hp_loss":0,"event_name":"Transmorgrifier","floor":25,"gold_loss":0}],"is_beta":false,"boss_relics":[{"not_picked":["halation:SmartPhone","hubris:BlackHole"],"picked":"infinitespire:Cupcake"}],"items_purged_floors":[],"is_endless":false,"potions_floor_spawned":[1,4,7,11,18,29],"killed_by":"Champ","ascension_level":0}}