{"host":"7ap89n2sm7vm35bt","time":1612949600,"event":{"mods":["AchievementEnabler","Aspiration","BaseMod","Minty Spire (QoL Compilation)","StSLib","[IsaacMod]ÒÔÈö¼âËþ"],"gold_per_floor":[115,115,77,91,41,41,52,52,52,52,66,82,82,93,93,188,188,198,198,7,7,26,26,46,56,83,97,114,114,39,39,39,39,39],"floor_reached":33,"language":"ZHS","playtime":1116,"items_purged":["Strike_B","Defend_B","Strike_B","Strike_B"],"score":239,"play_id":"e7894bf3-a8ac-4f3d-94b4-31e6f0ccebbd","local_time":"20210210173320","is_ascension_mode":false,"campfire_choices":[{"data":"Streamline","floor":6.0,"key":"SMITH"},{"data":"Zap","floor":8.0,"key":"SMITH"},{"data":"Dualcast","floor":10.0,"key":"SMITH"},{"data":"Redo","floor":13.0,"key":"SMITH"},{"data":"White Noise","floor":15.0,"key":"SMITH"},{"data":"Fission","floor":23,"key":"SMITH"},{"floor":29,"key":"REST"},{"floor":32,"key":"REST"}],"circlet_count":0,"master_deck":["Strike_B","Defend_B","Defend_B","Defend_B","Zap+1","Fusion+1","Streamline+1","Sweeping Beam","Core Surge","Redo+1","White Noise+1","Fission+1","Leap","Coolheaded","Steam+1"],"relics":["Cracked Core","HushsDoor","Happy Flower","SteamSale","SacredBark","aspiration:HummingbirdHeart","Akabeko"],"acts_visited":["Exordium","TheCity"],"potions_floor_usage":[33,33,33],"damage_taken":[{"damage":1.0,"enemies":"Cultist","floor":1.0,"turns":4.0},{"damage":0.0,"enemies":"Small Slimes","floor":4.0,"turns":4.0},{"damage":1.0,"enemies":"Jaw Worm","floor":7.0,"turns":2.0},{"damage":0.0,"enemies":"Large Slime","floor":11.0,"turns":3.0},{"damage":7.0,"enemies":"Exordium Thugs","floor":12.0,"turns":2.0},{"damage":0.0,"enemies":"Gremlin Gang","floor":14.0,"turns":3.0},{"damage":57.0,"enemies":"Hexaghost","floor":16.0,"turns":8.0},{"damage":5.0,"enemies":"Spheric Guardian","floor":18.0,"turns":3.0},{"damage":10,"enemies":"2 Thieves","floor":22,"turns":4},{"damage":9,"enemies":"Snake Plant","floor":24,"turns":4},{"damage":7,"enemies":"Sentry and Sphere","floor":25,"turns":6},{"damage":0,"enemies":"Shelled Parasite and Fungi","floor":27,"turns":7},{"damage":7,"enemies":"Snake Plant","floor":28,"turns":3},{"damage":77,"enemies":"Champ","floor":33,"turns":11}],"seed_played":"1743318044794199251","potions_obtained":[{"floor":11.0,"key":"LiquidMemories"},{"floor":14.0,"key":"LiquidMemories"},{"floor":18.0,"key":"FearPotion"},{"floor":22,"key":"LiquidMemories"},{"floor":28,"key":"DuplicationPotion"}],"is_trial":false,"path_per_floor":["M","?","$","M","$","R","M","R","T","R","M","M","R","M","R","B",null,"M","?","$","?","M","R","M","M","T","M","M","R","$","?","R","B"],"character_chosen":"DEFECT","items_purchased":["aspiration:HummingbirdHeart"],"campfire_rested":2,"item_purchase_floors":[20],"current_hp_per_floor":[74,74,74,74,74,74,73,73,73,73,73,66,66,66,66,9,75,70,70,70,70,60,60,51,44,44,44,37,59,59,59,75,0,0],"gold":39,"neow_bonus":"RANDOM_COMMON_RELIC","is_daily":false,"chose_seed":false,"campfire_upgraded":6,"win_rate":0.0,"timestamp":1612949600,"path_taken":["M","?","$","M","$","R","M","R","T","R","M","?","R","M","R","BOSS","M","?","$","?","?","R","M","M","T","M","?","R","$","?","R","BOSS"],"items_purchased_type":["Relic"],"build_version":"2020-12-22","purchased_purges":4,"victory":false,"max_hp_per_floor":[75,75,75,75,75,75,75,75,75,75,75,75,75,75,75,75,75,75,75,75,75,75,75,75,75,75,75,75,75,75,75,75,75,75],"card_choices":[{"not_picked":["Scrape","Darkness"],"picked":"Fusion","floor":1.0},{"not_picked":["Gash","BootSequence"],"picked":"Streamline","floor":4.0},{"not_picked":["Fan","Hologram"],"picked":"Sweeping Beam","floor":7.0},{"not_picked":["Cancel","Leap"],"picked":"Core Surge","floor":11.0},{"not_picked":["Hologram","Aggregate"],"picked":"Redo","floor":12.0},{"not_picked":["Gash","Redo"],"picked":"White Noise","floor":14.0},{"not_picked":["ElectricPowerLearning","Meteor Strike"],"picked":"Fission","floor":16.0},{"not_picked":["Cold Snap","FTL+1"],"picked":"Leap","floor":18.0},{"not_picked":["Sweeping Beam+1","Double Energy","Fusion"],"picked":"SKIP","floor":22},{"not_picked":["Conserve Battery","Beam Cell"],"picked":"Coolheaded","floor":24},{"not_picked":["Self Repair","Cancel+1"],"picked":"Steam+1","floor":25},{"not_picked":["Cancel","Thunder Strike","Storm"],"picked":"SKIP","floor":27},{"not_picked":["Redo","Coolheaded","Rip and Tear"],"picked":"SKIP","floor":28}],"player_experience":261874,"relics_obtained":[{"floor":26,"key":"Akabeko"}],"event_choices":[{"damage_healed":0.0,"max_hp_gain":0.0,"max_hp_loss":0.0,"gold_gain":0.0,"event_name":"Accursed Blacksmith","player_choice":"Forge","floor":2.0,"gold_loss":0.0,"damage_taken":0.0,"cards_upgraded":["Fusion"]},{"cards_removed":["Dualcast"],"damage_healed":0.0,"max_hp_gain":0.0,"max_hp_loss":0.0,"gold_gain":0.0,"event_name":"Back to Basics","player_choice":"Elegance","floor":19.0,"gold_loss":0.0,"damage_taken":0.0},{"damage_healed":0,"gold_gain":0,"player_choice":"Ignored","damage_taken":0,"max_hp_gain":0,"max_hp_loss":0,"event_name":"Cursed Tome","floor":21,"gold_loss":0}],"is_beta":false,"boss_relics":[{"not_picked":["aspiration:PoetsPen_weak","Coffee Dripper"],"picked":"SacredBark"},{"not_picked":[]}],"items_purged_floors":[3,5,20,30],"is_endless":false,"potions_floor_spawned":[11,14,18,22,28],"killed_by":"Champ","ascension_level":0}}