{"host":"7c48c022du196gjj","time":1612940036,"event":{"mods":["BaseMod","Better Third Choice","Colored Map","Hubris","Minty Spire (QoL Compilation)","Monster B Gone","Quick Restart","Reliquary","Replay The Spire","Say the Spire","Smile Girya","Spicy Shops","StSLib"],"gold_per_floor":[111,111,121,121,146,175,175,207,207],"floor_reached":8,"language":"ENG","playtime":150,"items_purged":[],"score":165,"play_id":"09767a5b-3f1c-4181-af09-6d52a4ac2dbd","local_time":"20210210005356","is_ascension_mode":true,"campfire_choices":[{"data":"Noxious Fumes","floor":7,"key":"SMITH"}],"circlet_count":0,"master_deck":["AscendersBane","Strike_G","Strike_G","Strike_G","Strike_G","Defend_G","Defend_G","Defend_G","Defend_G","Defend_G","Survivor","Neutralize","Dagger Spray","Infinite Blades","Noxious Fumes+1","hubris:SlightOfHand","Draining Mist"],"relics":["NeowsBlessing","Sizzling Blood","Pen Nib","ReplayTheSpireMod:Shallot"],"acts_visited":["Exordium"],"potions_floor_usage":[],"damage_taken":[{"damage":0,"enemies":"Jaw Worm","floor":1,"turns":1},{"damage":0,"enemies":"2 Louse","floor":3,"turns":1},{"damage":0,"enemies":"3 Sentries","floor":6,"turns":1},{"damage":55,"enemies":"Gremlin Nob","floor":8,"turns":6}],"seed_played":"-621088300265479507","potions_obtained":[{"floor":1,"key":"SteroidPotion"},{"floor":5,"key":"Dexterity Potion"}],"is_trial":false,"path_per_floor":["M","?","M","?","?","E","R","E"],"character_chosen":"THE_SILENT","items_purchased":[],"campfire_rested":0,"item_purchase_floors":[],"current_hp_per_floor":[59,59,59,63,63,67,67,16,16],"gold":207,"neow_bonus":"THREE_ENEMY_KILL","is_daily":false,"chose_seed":false,"campfire_upgraded":1,"win_rate":0.0,"timestamp":1612940036,"path_taken":["M","?","M","?","?","E","R","E"],"items_purchased_type":[],"build_version":"2020-12-22","purchased_purges":0,"victory":false,"max_hp_per_floor":[66,66,66,70,70,70,70,70,70],"card_choices":[{"not_picked":["ReplayTheSpireMod:The Works","Cloak And Dagger"],"picked":"Dagger Spray","floor":1},{"not_picked":["Deflect","Sucker Punch"],"picked":"Infinite Blades","floor":3},{"not_picked":["Riddle With Holes","Hidden Blade"],"picked":"Noxious Fumes","floor":5},{"not_picked":["Finisher","Sucker Punch"],"picked":"hubris:SlightOfHand","floor":6},{"not_picked":["Flying Knee","Sucker Punch"],"picked":"Draining Mist","floor":8}],"player_experience":884832,"relics_obtained":[{"floor":6,"key":"Pen Nib"},{"floor":8,"key":"ReplayTheSpireMod:Shallot"}],"event_choices":[],"is_beta":false,"boss_relics":[],"items_purged_floors":[],"is_endless":false,"potions_floor_spawned":[1,8],"killed_by":"Gremlin Nob","ascension_level":17}}