{"host":"7c48c022du196gjj","time":1612938129,"event":{"mods":["BaseMod","Better Third Choice","Colored Map","Hubris","Minty Spire (QoL Compilation)","Monster B Gone","Quick Restart","Reliquary","Replay The Spire","Say the Spire","Smile Girya","Spicy Shops","StSLib"],"gold_per_floor":[115,125,125,50,50,91,91,127,127],"floor_reached":8,"language":"ENG","playtime":169,"items_purged":[],"score":156,"play_id":"33eae080-f15d-4660-962c-321bfe947996","local_time":"20210210002209","is_ascension_mode":true,"campfire_choices":[{"data":"Beam Cell","floor":7,"key":"SMITH"}],"circlet_count":0,"master_deck":["AscendersBane","Strike_R","Strike_R","Strike_R+1","Strike_R","Defend_R","Defend_R+1","Defend_R","Defend_R","Bash","Battle Trance","Fire Breathing","Self Repair+1","Beam Cell+1"],"relics":["NeowsBlessing","Golden Idol","Iron Core","hubris:SphereOfDissonance","Simple Rune"],"acts_visited":["Exordium"],"potions_floor_usage":[],"damage_taken":[{"damage":0,"enemies":"Cultist","floor":1,"turns":1},{"damage":0,"enemies":"Jaw Worm","floor":2,"turns":1},{"damage":0,"enemies":"Lagavulin","floor":6,"turns":1},{"damage":48,"enemies":"Gremlin Nob","floor":8,"turns":5}],"seed_played":"2308733805564750400","potions_obtained":[{"floor":1,"key":"SmokeBomb"},{"floor":8,"key":"SmokeBomb"}],"is_trial":false,"path_per_floor":["M","M","?","?","?","E","R","E"],"character_chosen":"IRONCLAD","items_purchased":[],"campfire_rested":0,"item_purchase_floors":[],"current_hp_per_floor":[74,75,49,49,49,49,49,11,11],"gold":127,"neow_bonus":"THREE_ENEMY_KILL","is_daily":false,"chose_seed":false,"campfire_upgraded":1,"win_rate":0.0,"timestamp":1612938129,"path_taken":["M","M","?","?","?","E","R","E"],"items_purchased_type":[],"build_version":"2020-12-22","purchased_purges":0,"victory":false,"max_hp_per_floor":[75,75,75,75,75,75,75,75,75],"card_choices":[{"not_picked":["Dual Wield","Carnage"],"picked":"Battle Trance","floor":1},{"not_picked":["True Grit","Warcry"],"picked":"Fire Breathing","floor":2},{"not_picked":["Defy Death","Infernal Blade"],"picked":"Beam Cell","floor":6}],"player_experience":877533,"relics_obtained":[{"floor":6,"key":"hubris:SphereOfDissonance"},{"floor":8,"key":"Simple Rune"}],"event_choices":[{"damage_healed":0,"gold_gain":0,"player_choice":"Take Damage","damage_taken":26,"relics_obtained":["Golden Idol"],"max_hp_gain":0,"max_hp_loss":0,"event_name":"Golden Idol","floor":3,"gold_loss":0},{"cards_removed":["Strike_R"],"damage_healed":0,"gold_gain":0,"player_choice":"Card Removal","damage_taken":0,"max_hp_gain":0,"max_hp_loss":0,"event_name":"The Cleric","floor":4,"gold_loss":75}],"is_beta":false,"boss_relics":[],"items_purged_floors":[],"is_endless":false,"potions_floor_spawned":[1,8],"killed_by":"Gremlin Nob","ascension_level":15}}