{"host":"zsnmfqgcm92hlreo","time":1612918547,"event":{"mods":["AchievementEnabler","BaseMod","Bestiary","Block Reminder","Colored Map","Colored Powertips","Minty Spire (QoL Compilation)","Permanent Neow","Quick Restart","Relic Stats","StSLib","Weighted Paths"],"gold_per_floor":[111,128,128,139,139,171,183,230,242,289,321,345,357,357],"floor_reached":13,"language":"ENG","playtime":440,"items_purged":[],"score":210,"play_id":"d3ad4bc2-9b36-4cc0-8a8e-e188487fdcd7","local_time":"20210209185547","is_ascension_mode":true,"campfire_choices":[{"floor":7,"key":"REST"}],"circlet_count":0,"master_deck":["AscendersBane","Strike_R","Strike_R","Strike_R","Strike_R","Strike_R","Defend_R","Defend_R","Defend_R","Defend_R","Bash+1","Flame Barrier","Clothesline","Spot Weakness","Second Wind","Hemokinesis","Battle Trance","Clothesline","Clothesline"],"relics":["Velvet Choker","MawBank","Pear","Oddly Smooth Stone","Bag of Marbles"],"acts_visited":["Exordium"],"potions_floor_usage":[13,13],"damage_taken":[{"damage":8.0,"enemies":"2 Louse","floor":1.0,"turns":3.0},{"damage":9.0,"enemies":"Small Slimes","floor":2.0,"turns":4.0},{"damage":0.0,"enemies":"Jaw Worm","floor":4.0,"turns":2.0},{"damage":27,"enemies":"3 Sentries","floor":6,"turns":7},{"damage":23,"enemies":"Lagavulin","floor":8,"turns":8},{"damage":28,"enemies":"3 Sentries","floor":10,"turns":8},{"damage":0,"enemies":"2 Fungi Beasts","floor":11,"turns":3},{"damage":2,"enemies":"Blue Slaver","floor":12,"turns":2},{"damage":3,"enemies":"Lagavulin","floor":13,"turns":3}],"seed_played":"-8810107404793357082","potions_obtained":[{"floor":6,"key":"Strength Potion"},{"floor":8,"key":"GamblersBrew"}],"is_trial":false,"path_per_floor":["M","M","?","M","?","E","R","E","T","E","M","M","E"],"character_chosen":"IRONCLAD","items_purchased":[],"campfire_rested":1,"item_purchase_floors":[],"current_hp_per_floor":[60,51,51,51,51,24,46,33,33,5,5,3,0,0],"gold":357,"neow_bonus":"BOSS_RELIC","is_daily":false,"chose_seed":false,"campfire_upgraded":0,"win_rate":0.0,"timestamp":1612918547,"path_taken":["M","M","?","M","?","E","R","E","T","E","M","M","E"],"items_purchased_type":[],"build_version":"2020-12-22","purchased_purges":0,"victory":false,"max_hp_per_floor":[75,75,75,75,75,75,75,85,85,85,85,85,85,85],"relic_stats":{"counters":[9,40],"MawBank":84,"obtain_stats":[{"Pear":8,"Velvet Choker":0,"Oddly Smooth Stone":9,"Bag of Marbles":10,"MawBank":6,"Burning Blood":0},{"Pear":5,"Velvet Choker":0,"Oddly Smooth Stone":5,"Bag of Marbles":6,"MawBank":4,"Burning Blood":0},{"Pear":24,"Velvet Choker":0,"Oddly Smooth Stone":24,"Bag of Marbles":32,"MawBank":16,"Burning Blood":0}]},"card_choices":[{"not_picked":["Shrug It Off","Warcry"],"picked":"Flame Barrier","floor":1.0},{"not_picked":["Wild Strike","Sword Boomerang"],"picked":"Clothesline","floor":2.0},{"not_picked":["Sword Boomerang","Twin Strike"],"picked":"Spot Weakness","floor":4.0},{"not_picked":["Carnage","Body Slam"],"picked":"Second Wind","floor":6},{"not_picked":["Entrench","Sword Boomerang"],"picked":"Hemokinesis","floor":8},{"not_picked":["Warcry","Burning Pact"],"picked":"Battle Trance","floor":10},{"not_picked":["Sword Boomerang","Pommel Strike"],"picked":"Clothesline","floor":11},{"not_picked":["Rage","Wild Strike"],"picked":"Clothesline","floor":12}],"player_experience":1065209,"relics_obtained":[{"floor":6,"key":"MawBank"},{"floor":8,"key":"Pear"},{"floor":9,"key":"Oddly Smooth Stone"},{"floor":10,"key":"Bag of Marbles"}],"event_choices":[{"damage_healed":0.0,"max_hp_gain":0.0,"max_hp_loss":0.0,"gold_gain":0.0,"event_name":"Shining Light","player_choice":"Ignored","floor":3.0,"gold_loss":0.0,"damage_taken":0.0},{"damage_healed":0,"gold_gain":0,"player_choice":"Grow","damage_taken":0,"max_hp_gain":0,"max_hp_loss":0,"event_name":"Living Wall","floor":5,"gold_loss":0,"cards_upgraded":["Bash"]}],"is_beta":false,"boss_relics":[],"items_purged_floors":[],"is_endless":false,"potions_floor_spawned":[6,8,11,12],"killed_by":"Lagavulin","ascension_level":20}}