{"host":"x5w9zppki4gdwvc7","time":1612915393,"event":{"mods":["AchievementEnabler","BaseMod","Colored Powertips","DeckTracker","Minty Spire (QoL Compilation)","SuperFastMode"],"gold_per_floor":[366,385,365,52,66,66,91,111,134,160,170,203,203,220,220,322,322,335,335,355,374,389,389,418,418,499,524,524,524,524,539,539,539,539],"floor_reached":33,"language":"ENG","playtime":1223,"items_purged":["Normality"],"score":439,"play_id":"dc18fb31-b423-467d-880c-0b0628ae616e","local_time":"20210210010313","is_ascension_mode":true,"campfire_choices":[{"data":"True Grit","floor":6,"key":"SMITH"},{"data":"Sentinel","floor":13,"key":"SMITH"},{"data":"Pommel Strike","floor":15,"key":"SMITH"},{"floor":23,"key":"REST"},{"data":"Shrug It Off","floor":25,"key":"SMITH"},{"floor":29,"key":"REST"},{"floor":32,"key":"REST"}],"circlet_count":0,"master_deck":["Strike_R","Strike_R","Strike_R","Strike_R","Strike_R","Defend_R","Defend_R+1","Defend_R","Defend_R+1","Bash","Pommel Strike+1","True Grit+1","Carnage+1","Sentinel+1","Searing Blow+1","Twin Strike+1","Thunderclap+1","Immolate+1","Shrug It Off+1","Sentinel","Sever Soul+1","Flame Barrier+1","Body Slam+1","Shrug It Off+1"],"relics":["Burning Blood","Molten Egg 2","Strawberry","War Paint","Boot","Shuriken","SlaversCollar","Bag of Preparation","Pear","Bird Faced Urn","StrikeDummy"],"acts_visited":["Exordium","TheCity"],"potions_floor_usage":[7,10,16,22,22,27,27,27,33,33],"damage_taken":[{"damage":5,"enemies":"Small Slimes","floor":1,"turns":3},{"damage":1,"enemies":"Cultist","floor":2,"turns":4},{"damage":2,"enemies":"2 Louse","floor":5,"turns":3},{"damage":20,"enemies":"Lagavulin","floor":7,"turns":4},{"damage":6,"enemies":"Looter","floor":8,"turns":3},{"damage":24,"enemies":"3 Sentries","floor":10,"turns":8},{"damage":13,"enemies":"Lots of Slimes","floor":11,"turns":6},{"damage":18,"enemies":"Gremlin Nob","floor":12,"turns":4},{"damage":0,"enemies":"2 Fungi Beasts","floor":14,"turns":3},{"damage":24,"enemies":"Slime Boss","floor":16,"turns":7},{"damage":24,"enemies":"3 Byrds","floor":18,"turns":4},{"damage":22,"enemies":"Spheric Guardian","floor":20,"turns":4},{"damage":8,"enemies":"Snecko","floor":21,"turns":3},{"damage":21,"enemies":"Centurion and Healer","floor":22,"turns":5},{"damage":27,"enemies":"Gremlin Leader","floor":24,"turns":5},{"damage":18,"enemies":"Slavers","floor":27,"turns":3},{"damage":30,"enemies":"Shelled Parasite and Fungi","floor":31,"turns":6},{"damage":70,"enemies":"Champ","floor":33,"turns":8}],"seed_played":"2303657699936008774","potions_obtained":[{"floor":1,"key":"ColorlessPotion"},{"floor":2,"key":"Regen Potion"},{"floor":3,"key":"EntropicBrew"},{"floor":10,"key":"GamblersBrew"},{"floor":14,"key":"Regen Potion"},{"floor":16,"key":"PowerPotion"},{"floor":22,"key":"FearPotion"},{"floor":31,"key":"Energy Potion"}],"is_trial":false,"path_per_floor":["M","M","?","$","M","R","E","M","T","E","M","E","R","M","R","B",null,"M","?","M","M","M","R","E","R","T","E","?","R","?","M","R","B"],"character_chosen":"IRONCLAD","items_purchased":["Molten Egg 2"],"campfire_rested":3,"item_purchase_floors":[4],"current_hp_per_floor":[73,78,78,78,80,80,73,73,73,70,63,51,51,57,57,48,77,59,42,26,24,9,36,15,15,25,13,13,43,43,19,49,0,0],"gold":539,"neow_bonus":"TWO_FIFTY_GOLD","is_daily":false,"chose_seed":false,"campfire_upgraded":4,"win_rate":0.0,"timestamp":1612915393,"path_taken":["M","M","?","$","M","R","E","?","T","E","M","E","R","M","R","BOSS","M","?","M","M","M","R","E","R","T","E","?","R","?","M","R","BOSS"],"items_purchased_type":["Relic"],"build_version":"2020-12-22","purchased_purges":1,"victory":false,"max_hp_per_floor":[80,80,80,80,80,80,87,87,87,87,87,87,87,87,87,87,87,87,92,92,92,92,92,92,92,102,102,102,102,102,102,102,102,102],"card_choices":[{"not_picked":["Reckless Charge","Thunderclap"],"picked":"Pommel Strike","floor":1},{"not_picked":["Pommel Strike","Anger"],"picked":"True Grit","floor":2},{"not_picked":["Flex","Clash+1"],"picked":"Carnage+1","floor":5},{"not_picked":["Brutality","Feel No Pain"],"picked":"Sentinel","floor":7},{"not_picked":["Flame Barrier","Feel No Pain","Warcry"],"picked":"SKIP","floor":8},{"not_picked":["Havoc","Cleave+1"],"picked":"Searing Blow+1","floor":10},{"not_picked":["Armaments","Clash+1","Headbutt+1"],"picked":"SKIP","floor":11},{"not_picked":["Brutality","Sword Boomerang+1"],"picked":"Twin Strike+1","floor":12},{"not_picked":["Clothesline+1","Pommel Strike+1"],"picked":"Thunderclap+1","floor":14},{"not_picked":["Fiend Fire+1","Limit Break"],"picked":"Immolate+1","floor":16},{"not_picked":["Anger+1","Searing Blow+1"],"picked":"Shrug It Off","floor":18},{"not_picked":["Reckless Charge+1","Perfected Strike+1"],"picked":"Sentinel","floor":20},{"not_picked":["Wild Strike+1","Twin Strike+1"],"picked":"Sever Soul+1","floor":21},{"not_picked":["Flex","Cleave+1"],"picked":"Flame Barrier+1","floor":22},{"not_picked":["Rupture+1","Pummel+1"],"picked":"Body Slam+1","floor":24},{"not_picked":["Bludgeon+1","Anger+1","Offering"],"picked":"SKIP","floor":27},{"not_picked":["Anger+1","Havoc"],"picked":"Shrug It Off+1","floor":31}],"player_experience":584787,"relics_obtained":[{"floor":7,"key":"Strawberry"},{"floor":9,"key":"War Paint"},{"floor":10,"key":"Boot"},{"floor":12,"key":"Shuriken"},{"floor":24,"key":"Bag of Preparation"},{"floor":26,"key":"Pear"},{"floor":27,"key":"Bird Faced Urn"}],"event_choices":[{"damage_healed":0,"gold_gain":0,"player_choice":"Bought 1 Potion","damage_taken":0,"max_hp_gain":0,"max_hp_loss":0,"event_name":"The Woman in Blue","floor":3,"gold_loss":0},{"damage_healed":0,"gold_gain":0,"player_choice":"Shed Blood","damage_taken":22,"max_hp_gain":5,"max_hp_loss":0,"event_name":"Forgotten Altar","floor":19,"gold_loss":0},{"damage_healed":0,"gold_gain":0,"player_choice":"Opened","damage_taken":0,"relics_obtained":["StrikeDummy"],"max_hp_gain":0,"max_hp_loss":0,"event_name":"The Mausoleum","floor":28,"gold_loss":0,"cards_obtained":["Writhe"]},{"cards_removed":["Writhe"],"damage_healed":0,"gold_gain":0,"player_choice":"Removed Curses","damage_taken":0,"max_hp_gain":0,"max_hp_loss":0,"event_name":"Fountain of Cleansing","floor":30,"gold_loss":0}],"is_beta":false,"boss_relics":[{"not_picked":["Ectoplasm","Busted Crown"],"picked":"SlaversCollar"}],"items_purged_floors":[4],"is_endless":false,"potions_floor_spawned":[1,2,10,14,16,20,22,31],"killed_by":"Champ","ascension_level":7}}