{"host":"a3wpq7kyokchzawk","time":1612995068,"event":{"mods":["BaseMod","Colored Map","Highlight Path","Minty Spire (QoL Compilation)","Permanent Neow","Potion Indicator Mod","Relic Stats","Weighted Paths"],"gold_per_floor":[364,14,26,26,40,70,70,85,85,85,116,133,133,208,208,280,280,295,315,29,41,41,41,60,91,91,108,133,133,153,153,153],"floor_reached":31,"language":"ENG","playtime":3897,"items_purged":["Strike_R","Defend_R"],"score":599,"play_id":"b3ab0051-fca0-4769-bff6-fff07e4721da","local_time":"20210210201108","is_ascension_mode":true,"campfire_choices":[{"floor":7.0,"key":"REST"},{"data":"Strike_R","floor":10.0,"key":"PURGE"},{"floor":13.0,"key":"REST"},{"data":"True Grit","floor":15.0,"key":"SMITH"},{"floor":23.0,"key":"REST"},{"floor":29.0,"key":"REST"}],"circlet_count":0,"master_deck":["AscendersBane","Strike_R","Strike_R","Strike_R","Defend_R","Defend_R","Defend_R","Bash","Pommel Strike","Shrug It Off","Carnage","Bloodletting","Feel No Pain","True Grit+1","Armaments+1","Shrug It Off","Shrug It Off","Pommel Strike","Spot Weakness","Immolate","Fire Breathing","Impervious","True Grit","Intimidate","Shrug It Off","Headbutt","Offering","Shrug It Off","Armaments+1"],"relics":["Burning Blood","Orrery","Peace Pipe","Pear","The Courier","Busted Crown","HandDrill","Orichalcum","Bag of Preparation","MealTicket"],"acts_visited":["Exordium","TheCity"],"potions_floor_usage":[31],"damage_taken":[{"damage":12.0,"enemies":"Jaw Worm","floor":1.0,"turns":2.0},{"damage":4.0,"enemies":"Cultist","floor":3.0,"turns":3.0},{"damage":0.0,"enemies":"2 Louse","floor":5.0,"turns":2.0},{"damage":11.0,"enemies":"3 Sentries","floor":6.0,"turns":14.0},{"damage":10.0,"enemies":"Gremlin Gang","floor":8.0,"turns":5.0},{"damage":43.0,"enemies":"Lagavulin","floor":11.0,"turns":6.0},{"damage":14.0,"enemies":"Exordium Thugs","floor":12.0,"turns":5.0},{"damage":26.0,"enemies":"Hexaghost","floor":16.0,"turns":9.0},{"damage":6.0,"enemies":"Shell Parasite","floor":18.0,"turns":10.0},{"damage":6.0,"enemies":"Chosen","floor":19.0,"turns":4.0},{"damage":21.0,"enemies":"Snecko","floor":21.0,"turns":6.0},{"damage":13.0,"enemies":"Snake Plant","floor":24.0,"turns":6.0},{"damage":44.0,"enemies":"Book of Stabbing","floor":25.0,"turns":5.0},{"damage":20.0,"enemies":"Chosen and Byrds","floor":27.0,"turns":4.0},{"damage":16.0,"enemies":"Slavers","floor":28.0,"turns":5.0},{"damage":14.0,"enemies":"Snecko","floor":30.0,"turns":12.0},{"damage":29,"enemies":"Book of Stabbing","floor":31,"turns":5}],"seed_played":"-9115900855735408300","potions_obtained":[{"floor":1.0,"key":"ColorlessPotion"},{"floor":6.0,"key":"LiquidBronze"},{"floor":12.0,"key":"ColorlessPotion"},{"floor":16.0,"key":"PowerPotion"},{"floor":25.0,"key":"FearPotion"}],"is_trial":false,"path_per_floor":["M","$","M","?","M","E","R","M","T","R","E","M","R","?","R","B",null,"M","M","$","M","?","R","M","E","T","M","E","R","M","E"],"character_chosen":"IRONCLAD","items_purchased":["Orrery","Armaments","Shrug It Off","HandDrill","Intimidate"],"campfire_rested":4,"item_purchase_floors":[2,2,2,20,20],"current_hp_per_floor":[44,44,46,46,52,47,69,65,75,75,38,30,55,44,44,24,70,70,70,70,55,55,80,73,35,35,21,11,36,28,0,0],"gold":153,"neow_bonus":"TWO_FIFTY_GOLD","is_daily":false,"chose_seed":false,"campfire_upgraded":1,"win_rate":0.0,"timestamp":1612995068,"path_taken":["M","$","M","?","M","E","R","M","T","R","E","?","R","?","R","BOSS","M","M","$","M","?","R","M","E","T","?","E","R","M","E"],"items_purchased_type":["Relic","Card","Card","Relic","Card"],"build_version":"2020-12-22","purchased_purges":2,"victory":false,"max_hp_per_floor":[75,75,75,75,75,75,75,75,85,85,85,85,85,85,85,85,85,85,85,85,85,85,85,85,85,85,85,85,85,85,85,85],"relic_stats":{"Peace Pipe":1,"Busted Crown":16,"counters":[17,103],"MealTicket":0,"HandDrill":[6],"Bag of Preparation":[8],"Orichalcum":[6],"obtain_stats":[{"Peace Pipe":6,"Pear":9,"Busted Crown":17,"Orrery":2,"MealTicket":28,"The Courier":11,"HandDrill":20,"Bag of Preparation":26,"Orichalcum":25,"Burning Blood":0},{"Peace Pipe":4,"Pear":5,"Busted Crown":8,"Orrery":1,"MealTicket":15,"The Courier":6,"HandDrill":10,"Bag of Preparation":13,"Orichalcum":13,"Burning Blood":0},{"Peace Pipe":21,"Pear":26,"Busted Crown":46,"Orrery":2,"MealTicket":86,"The Courier":32,"HandDrill":60,"Bag of Preparation":77,"Orichalcum":77,"Burning Blood":0}],"Burning Blood":96},"card_choices":[{"not_picked":["Disarm","Havoc"],"picked":"Pommel Strike","floor":1.0},{"not_picked":["Clash","Iron Wave"],"picked":"Shrug It Off","floor":2.0},{"not_picked":["Bloodletting","Body Slam"],"picked":"Carnage","floor":2.0},{"not_picked":["Infernal Blade","Perfected Strike"],"picked":"Bloodletting","floor":2.0},{"not_picked":["Evolve","Bloodletting"],"picked":"Feel No Pain","floor":2.0},{"not_picked":["Double Tap","Havoc"],"picked":"True Grit","floor":2.0},{"not_picked":["Limit Break","Heavy Blade"],"picked":"Shrug It Off","floor":3.0},{"not_picked":["Dropkick","Wild Strike","Fire Breathing"],"picked":"SKIP","floor":5.0},{"not_picked":["Bludgeon","Reckless Charge"],"picked":"Pommel Strike","floor":6.0},{"not_picked":["Flex","Warcry"],"picked":"Spot Weakness","floor":8.0},{"not_picked":["Flex","Anger"],"picked":"Immolate","floor":11.0},{"not_picked":["Reckless Charge","Anger"],"picked":"Fire Breathing","floor":12.0},{"not_picked":["Limit Break","Fiend Fire"],"picked":"Impervious","floor":16.0},{"not_picked":["Blood for Blood"],"picked":"SKIP","floor":18.0},{"not_picked":[],"picked":"True Grit","floor":19.0},{"not_picked":[],"picked":"Shrug It Off","floor":21.0},{"not_picked":["Carnage"],"picked":"SKIP","floor":24.0},{"not_picked":[],"picked":"Shrug It Off","floor":25.0},{"not_picked":["True Grit"],"picked":"SKIP","floor":27.0},{"not_picked":[],"picked":"Armaments+1","floor":28.0},{"not_picked":["True Grit"],"picked":"SKIP","floor":30.0}],"player_experience":2678136,"relics_obtained":[{"floor":6.0,"key":"Peace Pipe"},{"floor":9.0,"key":"Pear"},{"floor":11.0,"key":"The Courier"},{"floor":25.0,"key":"Orichalcum"},{"floor":26.0,"key":"Bag of Preparation"},{"floor":28.0,"key":"MealTicket"}],"event_choices":[{"damage_healed":0.0,"max_hp_gain":0.0,"max_hp_loss":0.0,"gold_gain":0.0,"event_name":"Upgrade Shrine","player_choice":"Upgraded","floor":4.0,"gold_loss":0.0,"damage_taken":0.0,"cards_upgraded":["Armaments"]},{"damage_healed":0.0,"max_hp_gain":0.0,"max_hp_loss":0.0,"gold_gain":75.0,"event_name":"World of Goop","player_choice":"Gather Gold","floor":14.0,"gold_loss":0.0,"damage_taken":11.0},{"damage_healed":0.0,"max_hp_gain":0.0,"max_hp_loss":0.0,"gold_gain":0.0,"event_name":"Match and Keep!","player_choice":"2 cards matched","floor":22.0,"gold_loss":0.0,"damage_taken":0.0,"cards_obtained":["Headbutt","Offering"]}],"is_beta":false,"boss_relics":[{"not_picked":["Empty Cage","Runic Pyramid"],"picked":"Busted Crown"}],"items_purged_floors":[2,20],"is_endless":false,"potions_floor_spawned":[1,6,12,16,19,25],"killed_by":"Book of Stabbing","ascension_level":20}}