{"host":"cj3w8v5z0njuqga9","time":1612946680,"event":{"mods":["BaseMod","BetterRewards","Card Forge","Colored Powertips","Custom Start","Minty Spire (QoL Compilation)","Permanent Neow","Relic Stats","Shop Mod","StSLib","Treasure Hunter"],"gold_per_floor":[632,647,663,663,412,412,446,446,446,481,500,176,219,239,239,335,335,356,375,375,82,153,154,154],"floor_reached":23,"language":"ENG","playtime":978,"items_purged":[],"score":455,"play_id":"9b9cfe87-6e7d-4e5f-ac9d-4195c4490c11","local_time":"20210210024440","is_ascension_mode":true,"campfire_choices":[{"floor":6,"key":"REST"},{"floor":8,"key":"REST"},{"floor":15,"key":"REST"}],"circlet_count":0,"master_deck":["AscendersBane","Strike_B+1","Strike_B+1","Strike_B+1","Strike_B+1","Defend_B+1","Defend_B+1","Defend_B+1","Defend_B+1","Zap","Dualcast","Sweeping Beam","Coolheaded","Ball Lightning+1","Capacitor+1","TH:DeckOfManyThings","Chaos+1","White Noise+1","Loop+1","TH:TreasureMap","Electrodynamics","CurseOfTheBell","TH:Mimic","TH:TreasureMap","TH:CopperCoins","TH:CursedSword","TH:DeckOfManyThings","TH:ElvenBoots","TH:EnergyPotion","TH:TreasureMap","TH:Mimic","TH:ElvenBoots","TH:CopperCoins","TH:CursedSword","TH:DeckOfManyThings","TH:EnergyPotion","TH:PixieDust","TH:Mimic","TH:TreasureMap","TH:Mimic","TH:TreasureMap","TH:PixieDust","TH:EnergyPotion","TH:DeckOfManyThings","TH:ElvenBoots","TH:CursedSword","TH:CopperCoins","Chrysalis"],"relics":["Cracked Core","Hammer of Thor","Seething Fire","Anvil of the Gods","Golden Idol","White Beast Statue","StoneCalendar","Emotion Chip","Mummified Hand","HornCleat","Meat on the Bone","WingedGreaves","PreservedInsect","MerchantsRug"],"acts_visited":["Exordium","TheCity"],"potions_floor_usage":[7,20],"damage_taken":[{"damage":1,"enemies":"Small Slimes","floor":1,"turns":3},{"damage":4,"enemies":"Jaw Worm","floor":2,"turns":5},{"damage":4,"enemies":"Cultist","floor":3,"turns":5},{"damage":22,"enemies":"Lagavulin","floor":7,"turns":4},{"damage":23,"enemies":"Gremlin Nob","floor":10,"turns":4},{"damage":16,"enemies":"Lots of Slimes","floor":11,"turns":3},{"damage":11,"enemies":"Lagavulin","floor":13,"turns":4},{"damage":3,"enemies":"Looter","floor":14,"turns":4},{"damage":11,"enemies":"Hexaghost","floor":16,"turns":10},{"damage":21,"enemies":"Shell Parasite","floor":18,"turns":6},{"damage":14,"enemies":"Chosen","floor":19,"turns":4},{"damage":44,"enemies":"Gremlin Leader","floor":23,"turns":2}],"seed_played":"-4261931299769780053","potions_obtained":[{"floor":1,"key":"SpeedPotion"},{"floor":2,"key":"FocusPotion"},{"floor":7,"key":"SkillPotion"},{"floor":11,"key":"Fire Potion"},{"floor":20,"key":"Fruit Juice"},{"floor":20,"key":"DuplicationPotion"}],"is_trial":false,"path_per_floor":["M","M","M","?","$","R","E","R","T","E","M","$","E","M","R","B",null,"M","M","?","$","$","E"],"character_chosen":"DEFECT","items_purchased":["White Beast Statue","Mummified Hand","Loop","PreservedInsect","MerchantsRug"],"campfire_rested":3,"item_purchase_floors":[5,12,12,21,21],"current_hp_per_floor":[63,59,55,55,55,71,49,70,70,47,31,31,20,17,38,27,60,39,37,42,42,42,0,0],"gold":154,"neow_bonus":"HUNDRED_GOLD","is_daily":false,"chose_seed":false,"campfire_upgraded":0,"win_rate":0.0,"timestamp":1612946680,"path_taken":["M","M","M","?","$","R","E","R","T","E","M","$","E","M","R","BOSS","M","M","?","?","$","E"],"items_purchased_type":["Relic","Relic","Card","Relic","Relic"],"build_version":"2020-12-22","purchased_purges":0,"victory":false,"max_hp_per_floor":[71,71,71,71,71,71,71,71,71,71,71,71,71,71,71,71,71,71,71,76,76,76,76,76],"relic_stats":{"Emotion Chip":[39,25,6,4,4],"counters":[12,54],"Golden Idol":58,"Mummified Hand":[16],"StoneCalendar":[50],"PreservedInsect":50,"obtain_stats":[{"MerchantsRug":21,"Golden Idol":4,"StoneCalendar":7,"Hammer of Thor":0,"PreservedInsect":21,"Seething Fire":0,"White Beast Statue":5,"Calling Bell":17,"Emotion Chip":10,"Dream Catcher":17,"HornCleat":13,"Anvil of the Gods":0,"Mummified Hand":12,"WingedGreaves":17,"Cracked Core":0,"Meat on the Bone":17},{"MerchantsRug":11,"Golden Idol":3,"StoneCalendar":4,"Hammer of Thor":0,"PreservedInsect":11,"Seething Fire":0,"White Beast Statue":3,"Calling Bell":9,"Emotion Chip":5,"Dream Catcher":9,"HornCleat":7,"Anvil of the Gods":0,"Mummified Hand":6,"WingedGreaves":9,"Cracked Core":0,"Meat on the Bone":9},{"MerchantsRug":52,"Golden Idol":13,"StoneCalendar":17,"Hammer of Thor":0,"PreservedInsect":52,"Seething Fire":0,"White Beast Statue":13,"Calling Bell":42,"Emotion Chip":21,"Dream Catcher":42,"HornCleat":28,"Anvil of the Gods":0,"Mummified Hand":24,"WingedGreaves":42,"Cracked Core":0,"Meat on the Bone":42}],"Meat on the Bone":12},"card_choices":[{"not_picked":["Static Discharge","Blizzard"],"picked":"Sweeping Beam","floor":1},{"not_picked":["Sweeping Beam","Redo"],"picked":"Coolheaded","floor":2},{"not_picked":["FTL","Reprogram"],"picked":"Ball Lightning","floor":3},{"not_picked":["Steam","Steam Power"],"picked":"Capacitor","floor":7},{"not_picked":["TH:CursedSword","TH:Mimic"],"picked":"SKIP","floor":7},{"not_picked":["TH:BikiniMail","TH:EnergyPotion"],"picked":"SKIP","floor":9},{"not_picked":["TH:CursedSword"],"picked":"TH:DeckOfManyThings","floor":10},{"not_picked":["Skim","Beam Cell"],"picked":"Chaos","floor":10},{"not_picked":["Conserve Battery","Coolheaded"],"picked":"White Noise","floor":11},{"not_picked":["TH:PixieDust"],"picked":"TH:TreasureMap","floor":13},{"not_picked":["Gash","Coolheaded","Beam Cell"],"picked":"SKIP","floor":13},{"not_picked":["Lockon","Capacitor","Streamline"],"picked":"SKIP","floor":14},{"not_picked":["Amplify","Buffer"],"picked":"Electrodynamics","floor":16},{"not_picked":["Redo","Skim","Scrape"],"picked":"SKIP","floor":18},{"not_picked":["Rip and Tear","Blizzard+1","Rebound"],"picked":"SKIP","floor":19}],"player_experience":384341,"relics_obtained":[{"floor":7,"key":"StoneCalendar"},{"floor":10,"key":"Emotion Chip"},{"floor":13,"key":"HornCleat"},{"floor":17,"key":"Dream Catcher"},{"floor":17,"key":"Meat on the Bone"},{"floor":17,"key":"WingedGreaves"}],"event_choices":[{"damage_healed":0,"gold_gain":0,"player_choice":"Take Wound","damage_taken":0,"relics_obtained":["Golden Idol"],"max_hp_gain":0,"max_hp_loss":0,"event_name":"Golden Idol","floor":4,"gold_loss":0,"cards_obtained":["Injury"]},{"damage_healed":0,"gold_gain":0,"player_choice":"Got Potions","damage_taken":0,"max_hp_gain":0,"max_hp_loss":0,"event_name":"Lab","floor":20,"gold_loss":0}],"is_beta":false,"boss_relics":[{"not_picked":["Sozu","Coffee Dripper"],"picked":"Calling Bell"}],"items_purged_floors":[],"is_endless":false,"potions_floor_spawned":[1,2,7,10,11,13,14,16,18,19],"killed_by":"Gremlin Leader","ascension_level":14}}