{"host":"bx8ylsmj2ob6hd5u","time":1612976952,"event":{"mods":["AchievementEnabler","Act Like it!","Aspiration","BaseMod","Colored Map","Downfall","Duelist Mod","Friendly Minions","Gensokyo","GifTheSpireLib","Hallownest","Hermit","HololiveMod","Hubris","Infinite Spire","Jorbs\u0027s Wanderer Trilogy","KinomotoSakuraMod(????)","Kiyohime????","Koishi","KomeijiMod","Lobotomy","LobotomyExtend","Marisa????????","Minty Spire (QoL Compilation)","Prisma Mod","Rare Cards Sparkle","Reimu??????","Remilia??????","Replay The Spire","StSLib","Td1madao Mod","The Administrix","The Animator","The Bug Knight","The Construct","The Cursed","The Disciple","The Hierophant","The Necromancer","The Poker Player","The Runesmith","The Senshi","The Servant 0.9.4","WarShipGirlsR/????R mod"],"gold_per_floor":[112,26,26,26,44,44,356,356,430,430,648,648,648,707,707,809,809,870,870,915,915],"floor_reached":20,"language":"ENG","playtime":2150,"items_purged":["CommonCold"],"score":162,"play_id":"d16b3f5e-6367-4c8a-ba92-4832e32a8df8","local_time":"20210210190912","is_ascension_mode":false,"campfire_choices":[{"data":"AdministrixMod:RebukeDesires","floor":6,"key":"SMITH"},{"data":"AdministrixMod:NoblePath","floor":8,"key":"SMITH"},{"data":"AdministrixMod:HopeInTheDark","floor":12,"key":"SMITH"},{"floor":15,"key":"REST"}],"circlet_count":0,"master_deck":["AdministrixMod:Strike_Administrix","AdministrixMod:Strike_Administrix","AdministrixMod:Strike_Administrix","AdministrixMod:Strike_Administrix","AdministrixMod:RedCloak","AdministrixMod:Defend_Administrix","AdministrixMod:Defend_Administrix","AdministrixMod:Defend_Administrix","AdministrixMod:Defend_Administrix","AdministrixMod:BlueCloak","Clumsy","AdministrixMod:ImmortalGrace","Injury","AdministrixMod:TouchOfCinnabar+1","AdministrixMod:RebukeDesires+1","AdministrixMod:NoblePath+1","AdministrixMod:HopeInTheDark+1","AdministrixMod:ExtolVirtue","AdministrixMod:DeathByGlamour","AdministrixMod:TrickOfTheLight"],"relics":["AdministrixMod:ConductorRitualBaton","Gensokyo:NagashiBinaDoll","LetterFromLob","infinitespire:PuzzleCube","infinitespire:Broken Mirror","ReplayTheSpireMod:Ring of Collecting","ReplayTheSpireMod:Ring of Challenge","hubris:ScarierMask","Du-Vu Doll"],"acts_visited":["Exordium","Gensokyo:Gensokyo"],"potions_floor_usage":[16,16],"damage_taken":[{"damage":3,"enemies":"Gensokyo:Gryphon","floor":1,"turns":3},{"damage":14,"enemies":"Gensokyo:2_Kodama","floor":5,"turns":6},{"damage":1,"enemies":"Gensokyo:Python","floor":7,"turns":4},{"damage":5,"enemies":"Gensokyo:5_Fairies","floor":11,"turns":5},{"damage":9,"enemies":"Gensokyo:Python_and_Kodama","floor":14,"turns":5},{"damage":32,"enemies":"Gensokyo:Kokoro","floor":16,"turns":10},{"damage":30,"enemies":"Gensokyo:3_Dogs","floor":18,"turns":8},{"damage":51,"enemies":"Gensokyo:CosmicMonolith","floor":20,"turns":6}],"seed_played":"7836257220615053493","potions_obtained":[{"floor":1,"key":"AdministrixMod:AttunementTonic"},{"floor":7,"key":"bronze:BurnAndBuffPotion"},{"floor":16,"key":"FearPotion"}],"is_trial":false,"path_per_floor":["M","COS","?","?","M","R","M","R","T","M","M","R","?","M","R","B",null,"M","AVR","M"],"character_chosen":"TheAdministrix","items_purchased":[],"campfire_rested":1,"item_purchase_floors":[],"current_hp_per_floor":[62,62,62,65,51,51,50,50,50,50,45,45,45,36,55,23,65,35,35,0,0],"gold":915,"neow_bonus":"RANDOM_EVENT","is_daily":false,"chose_seed":false,"campfire_upgraded":3,"win_rate":0.0,"timestamp":1612976952,"path_taken":["M","COS","?","?","M","R","M","R","T","M","?","R","?","M","R","BOSS","M","AVR","M"],"items_purchased_type":[],"build_version":"2020-12-22","purchased_purges":1,"victory":false,"max_hp_per_floor":[65,65,65,65,65,65,65,65,65,65,65,65,65,65,65,65,65,65,65,65,65],"card_choices":[{"not_picked":["AdministrixMod:PassageOfAges","AdministrixMod:Transcension"],"picked":"AdministrixMod:ImmortalGrace","floor":1},{"not_picked":["AdministrixMod:RisingSunPrince+1","AdministrixMod:SeventeenArticleLaser+1"],"picked":"AdministrixMod:TouchOfCinnabar+1","floor":5},{"not_picked":["AdministrixMod:RegentEdict","AdministrixMod:NoblePath"],"picked":"AdministrixMod:RebukeDesires","floor":5},{"not_picked":["AdministrixMod:TouchOfCinnabar","AdministrixMod:PlateOfAntiquity"],"picked":"AdministrixMod:NoblePath","floor":7},{"not_picked":["AdministrixMod:LightOfYourLife","AdministrixMod:RebukeDesires"],"picked":"AdministrixMod:HopeInTheDark","floor":11},{"not_picked":["AdministrixMod:CrackingPangu","AdministrixMod:FeastOfDew"],"picked":"AdministrixMod:ExtolVirtue","floor":14},{"not_picked":["AdministrixMod:LifeforceNet","AdministrixMod:FalseDeath"],"picked":"AdministrixMod:DeathByGlamour","floor":16},{"not_picked":["AdministrixMod:CenturiesAscent","AdministrixMod:Transition"],"picked":"AdministrixMod:TrickOfTheLight","floor":18}],"player_experience":1572596,"relics_obtained":[{"floor":1,"key":"LetterFromLob"},{"floor":9,"key":"infinitespire:Broken Mirror"},{"floor":13,"key":"ReplayTheSpireMod:Ring of Collecting"},{"floor":13,"key":"ReplayTheSpireMod:Ring of Challenge"}],"event_choices":[],"is_beta":false,"boss_relics":[{"not_picked":["Replay:Bronze Core","Runesmith:UraniumAnvil"],"picked":"hubris:ScarierMask"}],"items_purged_floors":[19],"is_endless":false,"potions_floor_spawned":[1,7,16],"killed_by":"Gensokyo:CosmicMonolith","ascension_level":0}}