{"host":"fxrgx7wt2cpkbhka","time":1612953590,"event":{"mods":["AchievementEnabler","BaseMod","Colored Powertips","Dark Map","Minty Spire (QoL Compilation)","Permanent Neow","Quick Restart","Slay-I","StSLib","Waifu the Spire"],"gold_per_floor":[114,42,42,62,72,72,87,103,103,103,136,136],"floor_reached":11,"language":"ENG","playtime":193,"items_purged":[],"score":116,"play_id":"551022bf-3e74-4f95-9fba-d2349fafa33f","local_time":"20210210023950","is_ascension_mode":true,"campfire_choices":[{"data":"Die Die Die","floor":6,"key":"SMITH"},{"data":"Backstab","floor":10,"key":"SMITH"}],"circlet_count":0,"master_deck":["AscendersBane","Strike_G","Strike_G","Strike_G","Strike_G","Strike_G","Defend_G","Defend_G","Defend_G","Defend_G","Defend_G","Survivor","Neutralize","Poisoned Stab","Caltrops","Backstab+1","Neutralize","Die Die Die+1"],"relics":["Ring of the Snake","NeowsBlessing","StrikeDummy","Bottled Flame"],"acts_visited":["Exordium"],"potions_floor_usage":[],"damage_taken":[{"damage":0,"enemies":"2 Louse","floor":1,"turns":1},{"damage":0,"enemies":"Cultist","floor":4,"turns":1},{"damage":0,"enemies":"Jaw Worm","floor":5,"turns":1},{"damage":0,"enemies":"Exordium Wildlife","floor":7,"turns":2},{"damage":9,"enemies":"Red Slaver","floor":8,"turns":2},{"damage":29,"enemies":"Lagavulin","floor":11,"turns":7}],"seed_played":"6338645983726660677","potions_obtained":[{"floor":1,"key":"FearPotion"},{"floor":7,"key":"Dexterity Potion"}],"is_trial":false,"path_per_floor":["M","$","?","M","M","R","M","M","T","R","E"],"character_chosen":"THE_SILENT","items_purchased":["Caltrops"],"campfire_rested":0,"item_purchase_floors":[2],"current_hp_per_floor":[63,63,63,63,63,63,63,54,54,54,25,25],"gold":136,"neow_bonus":"THREE_ENEMY_KILL","is_daily":false,"chose_seed":false,"campfire_upgraded":2,"win_rate":0.0,"timestamp":1612953590,"path_taken":["M","$","?","?","?","R","M","M","T","R","E"],"items_purchased_type":["Card"],"build_version":"2020-12-22","purchased_purges":0,"victory":false,"max_hp_per_floor":[70,70,70,70,70,70,70,70,70,70,70,70],"card_choices":[{"not_picked":["Eviscerate","Flying Knee"],"picked":"Poisoned Stab","floor":1},{"not_picked":["Catalyst","Deadly Poison","Acrobatics"],"picked":"SKIP","floor":4},{"not_picked":["Bane","Calculated Gamble","Endless Agony"],"picked":"SKIP","floor":5},{"not_picked":["Backflip","Catalyst","Flechettes"],"picked":"SKIP","floor":7},{"not_picked":["Catalyst","Blade Dance","Backflip"],"picked":"SKIP","floor":8}],"player_experience":760272,"relics_obtained":[{"floor":9,"key":"StrikeDummy"},{"floor":11,"key":"Bottled Flame"}],"event_choices":[{"damage_healed":0,"gold_gain":0,"player_choice":"3 cards matched","damage_taken":0,"max_hp_gain":0,"max_hp_loss":0,"event_name":"Match and Keep!","floor":3,"gold_loss":0,"cards_obtained":["Backstab","Neutralize","Die Die Die"]}],"is_beta":false,"boss_relics":[],"items_purged_floors":[],"is_endless":false,"potions_floor_spawned":[1,7,8],"killed_by":"Lagavulin","ascension_level":11}}