{"host":"z609fbm6pkeriks8","time":1612917358,"event":{"mods":["AchievementEnabler","BaseMod","Colored Map","Colored Powertips","Highlight Path","Minty Spire (QoL Compilation)","StSLib"],"gold_per_floor":[112,112,126,139,214,214,239,239,315,315,315,328,362,206,206,303,303,320,419,469,486,502,535,535,566,566,134,134,9,36,53,53,53,53],"floor_reached":33,"language":"ZHS","playtime":1229,"items_purged":["Defend_R","Defend_R","Defend_R"],"score":373,"play_id":"302b05d0-3453-4fe4-80cf-d3666fd46f8d","local_time":"20210210083558","is_ascension_mode":true,"campfire_choices":[{"data":"Armaments","floor":6,"key":"SMITH"},{"data":"Body Slam","floor":8,"key":"SMITH"},{"data":"Shrug It Off","floor":11,"key":"SMITH"},{"floor":15,"key":"REST"},{"data":"Perfected Strike","floor":24,"key":"SMITH"},{"data":"Juggernaut","floor":28,"key":"SMITH"},{"floor":32,"key":"REST"}],"circlet_count":0,"master_deck":["Strike_R","Strike_R","Strike_R","Strike_R","Strike_R","Defend_R","Bash+1","Clash+1","Shrug It Off+1","Armaments+1","Body Slam+1","Flex","Perfected Strike+1","Pummel","Juggernaut+1","Whirlwind","Shrug It Off+1","Second Wind+1","Inflame"],"relics":["Burning Blood","Unceasing Top","Anchor","Bottled Lightning","Pen Nib","Velvet Choker","Sundial","Tiny Chest","Kunai","Bottled Tornado","Prayer Wheel"],"acts_visited":["Exordium","TheCity"],"potions_floor_usage":[16,16,16,23,33,33],"damage_taken":[{"damage":24,"enemies":"Jaw Worm","floor":1,"turns":5},{"damage":0,"enemies":"Small Slimes","floor":3,"turns":3},{"damage":0,"enemies":"2 Louse","floor":4,"turns":2},{"damage":31,"enemies":"Gremlin Nob","floor":7,"turns":5},{"damage":0,"enemies":"Red Slaver","floor":12,"turns":4},{"damage":35,"enemies":"3 Sentries","floor":13,"turns":12},{"damage":37,"enemies":"The Guardian","floor":16,"turns":10},{"damage":0,"enemies":"Shell Parasite","floor":18,"turns":2},{"damage":5,"enemies":"3 Byrds","floor":21,"turns":4},{"damage":13,"enemies":"Shelled Parasite and Fungi","floor":22,"turns":4},{"damage":13,"enemies":"Book of Stabbing","floor":23,"turns":4},{"damage":5,"enemies":"Gremlin Leader","floor":25,"turns":8},{"damage":35,"enemies":"Slavers","floor":30,"turns":4},{"damage":29,"enemies":"Snecko","floor":31,"turns":5},{"damage":32,"enemies":"Collector","floor":33,"turns":8}],"seed_played":"2552977074555078897","potions_obtained":[{"floor":7,"key":"DuplicationPotion"},{"floor":12,"key":"SpeedPotion"},{"floor":13,"key":"SteroidPotion"},{"floor":18,"key":"SkillPotion"},{"floor":23,"key":"Explosive Potion"},{"floor":31,"key":"Block Potion"}],"is_trial":false,"path_per_floor":["M","?","M","M","?","R","E","R","T","?","R","M","E","$","R","B",null,"M","?","?","M","M","E","R","E","T","$","R","$","E","M","R","B"],"character_chosen":"IRONCLAD","items_purchased":["Pummel","Bottled Tornado","Inflame"],"campfire_rested":2,"item_purchase_floors":[14,27,27],"current_hp_per_floor":[54,40,46,52,41,41,16,16,16,40,40,46,17,17,38,7,72,72,72,72,72,65,58,58,59,59,59,59,59,30,7,28,0,0],"gold":53,"neow_bonus":"ONE_RARE_RELIC","is_daily":false,"chose_seed":false,"campfire_upgraded":5,"win_rate":0.0,"timestamp":1612917358,"path_taken":["M","?","M","M","?","R","E","R","T","?","R","M","E","$","R","BOSS","M","?","?","M","?","E","R","E","T","$","R","$","E","M","R","BOSS"],"items_purchased_type":["Card","Relic","Card"],"build_version":"2020-12-22","purchased_purges":3,"victory":false,"max_hp_per_floor":[72,72,72,72,72,72,72,72,72,72,72,72,72,72,72,72,72,72,72,72,72,72,72,72,72,72,72,72,72,72,72,72,72,72],"card_choices":[{"not_picked":["Cleave","Iron Wave"],"picked":"Clash","floor":1},{"not_picked":["Thunderclap","Headbutt"],"picked":"Shrug It Off","floor":3},{"not_picked":["Immolate","Wild Strike"],"picked":"Armaments","floor":4},{"not_picked":["Anger","Sever Soul"],"picked":"Body Slam","floor":7},{"not_picked":["Shrug It Off","Anger"],"picked":"Flex","floor":12},{"not_picked":["Havoc","Thunderclap"],"picked":"Perfected Strike","floor":13},{"not_picked":["Double Tap","Corruption"],"picked":"Juggernaut","floor":16},{"not_picked":["Flex","Cleave"],"picked":"Whirlwind","floor":18},{"not_picked":["Whirlwind","Reckless Charge","Clothesline"],"picked":"SKIP","floor":21},{"not_picked":["Carnage","Sword Boomerang+1","Clothesline"],"picked":"SKIP","floor":22},{"not_picked":["Cleave+1","Perfected Strike"],"picked":"Shrug It Off+1","floor":23},{"not_picked":["Reckless Charge","Fiend Fire"],"picked":"Second Wind+1","floor":25},{"not_picked":["Searing Blow","Burning Pact","Warcry"],"picked":"SKIP","floor":30},{"not_picked":["Shrug It Off","Body Slam","Carnage+1"],"picked":"SKIP","floor":31},{"not_picked":["Cleave","Warcry","Pommel Strike"],"picked":"SKIP","floor":31}],"player_experience":49379,"relics_obtained":[{"floor":7,"key":"Anchor"},{"floor":9,"key":"Bottled Lightning"},{"floor":13,"key":"Pen Nib"},{"floor":23,"key":"Sundial"},{"floor":25,"key":"Tiny Chest"},{"floor":26,"key":"Kunai"},{"floor":30,"key":"Prayer Wheel"}],"event_choices":[{"damage_healed":0,"gold_gain":0,"player_choice":"Entered Light","damage_taken":14,"max_hp_gain":0,"max_hp_loss":0,"event_name":"Shining Light","floor":2,"gold_loss":0,"cards_upgraded":["Clash","Bash"]},{"damage_healed":0,"gold_gain":75,"player_choice":"Gather Gold","damage_taken":11,"max_hp_gain":0,"max_hp_loss":0,"event_name":"World of Goop","floor":5,"gold_loss":0},{"damage_healed":24,"gold_gain":0,"player_choice":"Banana","damage_taken":0,"max_hp_gain":0,"max_hp_loss":0,"event_name":"Big Fish","floor":10,"gold_loss":0},{"damage_healed":0,"gold_gain":99,"player_choice":"Stole From Cult","damage_taken":0,"max_hp_gain":0,"max_hp_loss":0,"event_name":"Nest","floor":19,"gold_loss":0},{"damage_healed":0,"gold_gain":100,"player_choice":"Bet on Murderer","damage_taken":0,"max_hp_gain":0,"max_hp_loss":0,"event_name":"The Joust","floor":20,"gold_loss":50}],"is_beta":false,"boss_relics":[{"not_picked":["Black Star","Black Blood"],"picked":"Velvet Choker"}],"items_purged_floors":[14,27,29],"is_endless":false,"potions_floor_spawned":[7,12,13,18,23,31],"killed_by":"Collector","ascension_level":4}}