{"host":"3po7ngt2j61s4rmj","time":1612999379,"event":{"mods":["Act Like it!","BaseMod","Elementarium","Minty Spire (QoL Compilation)","Relic Stats","Shade Mod","StSLib","The Cursed"],"gold_per_floor":[111,130,146,146,164,198,198,219,243,243,318,361,361,384,384,512,512,526,550,19,33,33,33,53,53],"floor_reached":24,"language":"ENG","playtime":1967,"items_purged":[],"score":312,"play_id":"d48a7bdf-3207-4501-be25-32c9f4f1da63","local_time":"20210210162259","is_ascension_mode":true,"campfire_choices":[{"data":"TheCursedMod:CircleOfBlood","floor":7,"key":"SMITH"},{"floor":10,"key":"REST"},{"data":"TheCursedMod:SpitefulPlan","floor":13,"key":"SMITH"},{"floor":15,"key":"REST"},{"data":"TheCursedMod:ParallelWorld","floor":23,"key":"SMITH"}],"circlet_count":0,"master_deck":["AscendersBane","TheCursedMod:Strike_TheCursed","TheCursedMod:Strike_TheCursed","TheCursedMod:Strike_TheCursed","TheCursedMod:Strike_TheCursed","TheCursedMod:Defend_TheCursed","TheCursedMod:Defend_TheCursed","TheCursedMod:Defend_TheCursed","TheCursedMod:Defend_TheCursed","TheCursedMod:CursedWand","TheCursedMod:CleanUpWorkshop","TheCursedMod:Dregs","TheCursedMod:CircleOfBlood+1","TheCursedMod:AbyssShockwave","TheCursedMod:CursedSpellbook","Injury","TheCursedMod:CircleOfFlame","TheCursedMod:CircleOfCorruption","TheCursedMod:ParallelWorld+1","TheCursedMod:SpitefulPlan+1","TheCursedMod:BloodBarrier","TheCursedMod:DarkBarrier","Elementarium:StickyTar","TheCursedMod:FuryStrike","TheCursedMod:EmpowerCircles","TheCursedMod:BloodBarrier+1","Elementarium:GildedForm"],"relics":["TheCursedMod:BlackMagic101","Golden Idol","Juzu Bracelet","Happy Flower","Smiling Mask","Coffee Dripper","Lee\u0027s Waffle","Singing Bowl","Vajra"],"acts_visited":["Exordium","Exordium"],"potions_floor_usage":[6,8,12,14,16],"damage_taken":[{"damage":13,"enemies":"Jaw Worm","floor":1,"turns":5},{"damage":0,"enemies":"Small Slimes","floor":2,"turns":6},{"damage":3,"enemies":"2 Louse","floor":3,"turns":2},{"damage":8,"enemies":"Blue Slaver","floor":5,"turns":3},{"damage":44,"enemies":"Lagavulin","floor":6,"turns":7},{"damage":13,"enemies":"Large Slime","floor":8,"turns":4},{"damage":30,"enemies":"Gremlin Nob","floor":12,"turns":4},{"damage":10,"enemies":"Gremlin Gang","floor":14,"turns":2},{"damage":26,"enemies":"The Guardian","floor":16,"turns":15},{"damage":18,"enemies":"Elementarium:MUD_AND_TAR_GOLEMS","floor":18,"turns":5},{"damage":25,"enemies":"Elementarium:Cyclone","floor":19,"turns":6},{"damage":41,"enemies":"Elementarium:Hydrostalker","floor":21,"turns":8},{"damage":63,"enemies":"Elementarium:FIRE_NOBILITY","floor":24,"turns":6}],"seed_played":"-8253536069324013091","potions_obtained":[{"floor":1,"key":"AttackPotion"},{"floor":2,"key":"Explosive Potion"},{"floor":6,"key":"BlessingOfTheForge"},{"floor":8,"key":"Strength Potion"},{"floor":14,"key":"FearPotion"},{"floor":21,"key":"FearPotion"}],"is_trial":false,"path_per_floor":["M","M","M","?","M","E","R","M","T","R","?","E","R","M","R","B",null,"M","M","$","M","?","R","E"],"character_chosen":"THE_CURSED","items_purchased":["Lee\u0027s Waffle","Singing Bowl","Vajra"],"campfire_rested":2,"item_purchase_floors":[20,20,20],"current_hp_per_floor":[62,66,69,69,63,25,25,24,24,48,37,15,15,9,33,7,63,57,48,89,52,52,52,0,0],"gold":53,"neow_bonus":"TEN_PERCENT_HP_BONUS","is_daily":false,"chose_seed":false,"campfire_upgraded":3,"win_rate":0.0,"timestamp":1612999379,"path_taken":["M","M","M","?","M","E","R","M","T","R","?","E","R","M","R","BOSS","M","M","$","M","?","R","E"],"items_purchased_type":["Relic","Relic","Relic"],"build_version":"2020-12-22","purchased_purges":0,"victory":false,"max_hp_per_floor":[82,82,82,82,82,82,82,82,82,82,82,82,82,82,82,82,82,82,82,89,89,79,79,79,79],"relic_stats":{"Lee\u0027s Waffle":41,"Happy Flower":[15],"Singing Bowl":0,"counters":[13,73],"Golden Idol":66,"Juzu Bracelet":0,"Smiling Mask":0,"obtain_stats":[{"TheCursedMod:BlackMagic101":0,"Lee\u0027s Waffle":20,"Happy Flower":9,"Singing Bowl":20,"Golden Idol":4,"Vajra":20,"Juzu Bracelet":6,"Coffee Dripper":17,"Smiling Mask":12},{"TheCursedMod:BlackMagic101":0,"Lee\u0027s Waffle":11,"Happy Flower":6,"Singing Bowl":11,"Golden Idol":3,"Vajra":11,"Juzu Bracelet":5,"Coffee Dripper":9,"Smiling Mask":7},{"TheCursedMod:BlackMagic101":0,"Lee\u0027s Waffle":59,"Happy Flower":27,"Singing Bowl":59,"Golden Idol":13,"Vajra":59,"Juzu Bracelet":23,"Coffee Dripper":48,"Smiling Mask":31}]},"card_choices":[{"not_picked":["TheCursedMod:Wield","TheCursedMod:SurpriseAttack"],"picked":"TheCursedMod:CircleOfBlood","floor":1},{"not_picked":["TheCursedMod:SurpriseAttack","TheCursedMod:SoulCrush"],"picked":"TheCursedMod:AbyssShockwave","floor":2},{"not_picked":["TheCursedMod:CircleOfWindfury","TheCursedMod:Torture"],"picked":"TheCursedMod:CursedSpellbook","floor":3},{"not_picked":["TheCursedMod:TroublousMinions","TheCursedMod:CursedBoomerang"],"picked":"TheCursedMod:CircleOfFlame","floor":5},{"not_picked":["TheCursedMod:CursedBlade","TheCursedMod:Stigma"],"picked":"TheCursedMod:CircleOfCorruption","floor":6},{"not_picked":["TheCursedMod:VitalStrike","TheCursedMod:CursedShiv"],"picked":"TheCursedMod:ParallelWorld","floor":8},{"not_picked":["TheCursedMod:AntiAging","TheCursedMod:Torture"],"picked":"TheCursedMod:SpitefulPlan","floor":12},{"not_picked":["TheCursedMod:CursedBlade","TheCursedMod:ReleasedKnowledge"],"picked":"TheCursedMod:BloodBarrier","floor":14},{"not_picked":["TheCursedMod:ForbiddenAlchemy","TheCursedMod:NeowsMight"],"picked":"TheCursedMod:DarkBarrier","floor":16},{"not_picked":["TheCursedMod:CursedMace","TheCursedMod:CursedAmulet"],"picked":"TheCursedMod:FuryStrike","floor":18},{"not_picked":["TheCursedMod:SurpriseAttack+1","TheCursedMod:FleshFromBone"],"picked":"TheCursedMod:EmpowerCircles","floor":19},{"not_picked":["TheCursedMod:SpreadPlague+1","TheCursedMod:Obscuration+1"],"picked":"TheCursedMod:BloodBarrier+1","floor":21}],"player_experience":1109271,"relics_obtained":[{"floor":6,"key":"Juzu Bracelet"},{"floor":9,"key":"Happy Flower"},{"floor":12,"key":"Smiling Mask"}],"event_choices":[{"damage_healed":0,"gold_gain":0,"player_choice":"Take Wound","damage_taken":0,"relics_obtained":["Golden Idol"],"max_hp_gain":0,"max_hp_loss":0,"event_name":"Golden Idol","floor":4,"gold_loss":0,"cards_obtained":["Injury"]},{"damage_healed":0,"gold_gain":75,"player_choice":"Gather Gold","damage_taken":11,"max_hp_gain":0,"max_hp_loss":0,"event_name":"World of Goop","floor":11,"gold_loss":0},{"damage_healed":0,"gold_gain":0,"player_choice":"Dive in","damage_taken":0,"max_hp_gain":0,"max_hp_loss":10,"event_name":"Elementarium:FountainOfGold","floor":22,"gold_loss":0,"cards_obtained":["Elementarium:GildedForm"]}],"is_beta":false,"boss_relics":[{"not_picked":["Philosopher\u0027s Stone","Velvet Choker"],"picked":"Coffee Dripper"}],"items_purged_floors":[],"is_endless":false,"potions_floor_spawned":[1,2,6,8,14,21],"killed_by":"Elementarium:FIRE_NOBILITY","ascension_level":10}}