{"host":"y6zg4wwu39otf01a","time":1612918604,"event":{"mods":["Act Like it!","Aspiration","BaseMod","Better Altar","Better Match","Better Note","Better Sensory Stone","Better Skull","Better Third Choice","Challenge The Spire","Colored Map","Colored Powertips","Conspire","GifTheSpireLib","Glutton Mod","Halation","Hermit","Highlight Path","Hubris","Infinite Spire","Mimic Mod","Minty Spire (QoL Compilation)","Quick Restart","Random Character Button","Rare Cards Sparkle","Replay The Spire","Retaliation","Spicy Shops","Spire Arcade","StSLib","Stuff the Spire","The Blue Laboratory","The Jungle"],"gold_per_floor":[118,40,40,40,54,98,169,169,169],"floor_reached":8,"language":"ENG","playtime":589,"items_purged":[],"score":87,"play_id":"0563fb35-6d06-4eda-869d-c9ff36e7e8fc","local_time":"20210209185644","is_ascension_mode":true,"campfire_choices":[],"circlet_count":0,"master_deck":["Strike_G","Strike_G","Strike_G","Strike_G","Strike_G","Defend_G","Defend_G","Defend_G","Defend_G","Defend_G","Survivor","Neutralize","Caltrops","Injury","Backstab","hubris:TrickCloak"],"relics":["Ring of the Snake","NeowsBlessing","Happy Flower","Golden Idol","hubris:AstralHammer","halation:SelfBoilingWater"],"acts_visited":["Exordium"],"potions_floor_usage":[7,7],"damage_taken":[{"damage":0,"enemies":"Jaw Worm","floor":1,"turns":1},{"damage":0,"enemies":"Small Slimes","floor":5,"turns":1},{"damage":0,"enemies":"Lagavulin","floor":6,"turns":1},{"damage":42,"enemies":"3 Sentries","floor":7,"turns":28},{"damage":0,"enemies":"3 Sentries","floor":8,"turns":1}],"seed_played":"-3547201739596026100","potions_obtained":[{"floor":1,"key":"Languid Potion"},{"floor":5,"key":"SkillPotion"},{"floor":6,"key":"blueLaboratory:Moonshine"}],"is_trial":false,"path_per_floor":["M","$","?","?","M","E","?","E"],"character_chosen":"THE_SILENT","items_purchased":["Happy Flower"],"campfire_rested":0,"item_purchase_floors":[2],"current_hp_per_floor":[70,70,70,70,70,70,28,28,28],"gold":169,"neow_bonus":"THREE_ENEMY_KILL","is_daily":false,"chose_seed":false,"campfire_upgraded":0,"win_rate":0.0,"timestamp":1612918604,"path_taken":["M","$","?","?","M","E","?","E"],"items_purchased_type":["Relic"],"build_version":"2020-12-22","purchased_purges":0,"victory":false,"max_hp_per_floor":[70,70,70,70,70,70,70,70,70],"card_choices":[{"not_picked":["Acrobatics","StuffTheSpire:BumpUp"],"picked":"Caltrops","floor":1},{"not_picked":["Well Laid Plans","Accuracy"],"picked":"Backstab","floor":5},{"not_picked":["Sucker Punch","Caltrops"],"picked":"hubris:TrickCloak","floor":6}],"player_experience":772460,"relics_obtained":[{"floor":6,"key":"hubris:AstralHammer"},{"floor":7,"key":"halation:SelfBoilingWater"}],"event_choices":[{"damage_healed":0,"gold_gain":0,"player_choice":"Ignored","damage_taken":0,"max_hp_gain":0,"max_hp_loss":0,"event_name":"Golden Wing","floor":3,"gold_loss":0},{"damage_healed":0,"gold_gain":0,"player_choice":"Take Wound","damage_taken":0,"relics_obtained":["Golden Idol"],"max_hp_gain":0,"max_hp_loss":0,"event_name":"Golden Idol","floor":4,"gold_loss":0,"cards_obtained":["Injury"]},{"damage_healed":0,"gold_gain":30,"player_choice":"Searched \u00272\u0027 times","damage_taken":0,"max_hp_gain":0,"max_hp_loss":0,"event_name":"Dead Adventurer","floor":7,"gold_loss":0}],"is_beta":false,"boss_relics":[],"items_purged_floors":[],"is_endless":false,"potions_floor_spawned":[1,5,6],"killed_by":"3 Sentries","ascension_level":2}}