{"host":"kt2jzujlwvzydtbu","time":1612970554,"event":{"mods":["BaseMod","Bestiary","Minty Spire (QoL Compilation)","SacredBarkPlus","StSLib"],"gold_per_floor":[111,86,104,120,140,169,169,181,235,235,235,235,245,257,257,357,357,377,393,443,454,473,473,260,260,260],"floor_reached":25,"language":"ENG","playtime":979,"items_purged":["Strike_G"],"score":300,"play_id":"5af6388b-276d-4679-acab-a96af9a066f1","local_time":"20210210232234","is_ascension_mode":true,"campfire_choices":[{"floor":10,"key":"REST"},{"floor":12,"key":"REST"},{"data":"Catalyst","floor":15,"key":"SMITH"},{"floor":23,"key":"REST"}],"circlet_count":0,"master_deck":["Strike_G","Strike_G","Strike_G","Strike_G","Defend_G+1","Defend_G","Defend_G","Defend_G","Defend_G","Survivor","Neutralize","Poisoned Stab","Poisoned Stab","Catalyst+1","Sucker Punch+1","Cloak And Dagger","Backstab","Deadly Poison","Catalyst","Night Terror","CurseOfTheBell","Deadly Poison+1","Dodge and Roll","Poisoned Stab+1","Wraith Form v2"],"relics":["Ring of the Snake","The Specimen","PreservedInsect","Tiny Chest","Calling Bell","Smiling Mask","HornCleat","StoneCalendar"],"acts_visited":["Exordium","TheCity"],"potions_floor_usage":[6,25,25],"damage_taken":[{"damage":2,"enemies":"Cultist","floor":1,"turns":5},{"damage":0,"enemies":"2 Louse","floor":3,"turns":3},{"damage":7,"enemies":"Small Slimes","floor":4,"turns":3},{"damage":13,"enemies":"Blue Slaver","floor":5,"turns":4},{"damage":18,"enemies":"3 Sentries","floor":6,"turns":9},{"damage":0,"enemies":"2 Fungi Beasts","floor":8,"turns":3},{"damage":0,"enemies":"Red Slaver","floor":13,"turns":4},{"damage":11,"enemies":"Looter","floor":14,"turns":2},{"damage":20,"enemies":"The Guardian","floor":16,"turns":10},{"damage":15,"enemies":"3 Byrds","floor":18,"turns":5},{"damage":14,"enemies":"Shell Parasite","floor":19,"turns":2},{"damage":3,"enemies":"3 Cultists","floor":21,"turns":4},{"damage":16,"enemies":"Centurion and Healer","floor":22,"turns":5},{"damage":21,"enemies":"Shelled Parasite and Fungi","floor":25,"turns":3}],"seed_played":"-2666848361087778181","potions_obtained":[{"floor":5,"key":"SkillPotion"},{"floor":8,"key":"EssenceOfSteel"},{"floor":13,"key":"DistilledChaos"},{"floor":21,"key":"LiquidBronze"}],"is_trial":false,"path_per_floor":["M","$","M","M","M","E","T","M","T","R","?","R","M","M","R","B",null,"M","M","?","M","M","R","$","M"],"character_chosen":"THE_SILENT","items_purchased":["Poisoned Stab","Wraith Form v2"],"campfire_rested":3,"item_purchase_floors":[2,24],"current_hp_per_floor":[61,61,61,54,41,23,23,23,23,41,28,46,46,35,35,15,51,36,22,22,19,3,21,21,0,0],"gold":260,"neow_bonus":"ONE_RARE_RELIC","is_daily":false,"chose_seed":false,"campfire_upgraded":1,"win_rate":0.0,"timestamp":1612970554,"path_taken":["M","$","M","M","M","E","?","M","T","R","?","R","M","M","R","BOSS","M","M","?","?","M","R","$","M"],"items_purchased_type":["Card","Card"],"build_version":"2020-12-22","purchased_purges":1,"victory":false,"max_hp_per_floor":[63,63,63,63,63,63,63,63,63,63,63,63,63,63,63,63,63,63,63,63,63,63,63,63,63,63],"card_choices":[{"not_picked":["Underhanded Strike","Prepared"],"picked":"Poisoned Stab","floor":1},{"not_picked":["Slice","Outmaneuver"],"picked":"Catalyst","floor":3},{"not_picked":["Slice","Outmaneuver"],"picked":"Sucker Punch","floor":4},{"not_picked":["Slice","Quick Slash"],"picked":"Cloak And Dagger","floor":5},{"not_picked":["Endless Agony","Bane"],"picked":"Backstab","floor":6},{"not_picked":["Bane","Escape Plan"],"picked":"Deadly Poison","floor":8},{"not_picked":["Outmaneuver","Accuracy","Choke"],"picked":"SKIP","floor":13},{"not_picked":["Tactician","Expertise"],"picked":"Catalyst","floor":14},{"not_picked":["Phantasmal Killer","Glass Knife"],"picked":"Night Terror","floor":16},{"not_picked":["Slice","Quick Slash"],"picked":"Deadly Poison+1","floor":18},{"not_picked":["Masterful Stab","Underhanded Strike"],"picked":"Dodge and Roll","floor":19},{"not_picked":["Flying Knee","Slice+1"],"picked":"Poisoned Stab+1","floor":21},{"not_picked":["Outmaneuver","Choke","Distraction+1"],"picked":"SKIP","floor":22}],"player_experience":513418,"relics_obtained":[{"floor":6,"key":"PreservedInsect"},{"floor":9,"key":"Tiny Chest"},{"floor":17,"key":"Smiling Mask"},{"floor":17,"key":"HornCleat"},{"floor":17,"key":"StoneCalendar"}],"event_choices":[{"damage_healed":0,"gold_gain":0,"player_choice":"Entered Light","damage_taken":13,"max_hp_gain":0,"max_hp_loss":0,"event_name":"Shining Light","floor":11,"gold_loss":0,"cards_upgraded":["Sucker Punch","Defend_G"]},{"damage_healed":0,"gold_gain":100,"player_choice":"Bet on Murderer","damage_taken":0,"max_hp_gain":0,"max_hp_loss":0,"event_name":"The Joust","floor":20,"gold_loss":50}],"is_beta":false,"boss_relics":[{"not_picked":["Snecko Eye","Cursed Key"],"picked":"Calling Bell"}],"items_purged_floors":[24],"is_endless":false,"potions_floor_spawned":[5,8,13,21,22],"killed_by":"Shelled Parasite and Fungi","ascension_level":9}}