{"host":"00f1p9ihhzi7hxfk","time":1612954970,"event":{"mods":["AchievementEnabler","BaseMod","Colored Map","Colored Powertips","Minty Spire (QoL Compilation)","Rare Cards Sparkle","Relic Stats"],"gold_per_floor":[116,129,146,166,17,17,17,17,41,52,64,64,76,76,76,76,76],"floor_reached":16,"language":"ENG","playtime":809,"items_purged":[],"score":94,"play_id":"5cf74d83-b1f9-41b9-9bfc-d7c8d499ffa5","local_time":"20210210120250","is_ascension_mode":false,"campfire_choices":[{"floor":6.0,"key":"REST"},{"data":"Dagger Spray","floor":8.0,"key":"SMITH"},{"floor":15,"key":"REST"}],"circlet_count":0,"master_deck":["Strike_B","Strike_B","Strike_B","Strike_B","Defend_B","Defend_B","Defend_B","Defend_B","Zap","Dualcast","Self Repair","Gash","Sweeping Beam+1","Dagger Spray+1","Rebound","Undo","Genetic Algorithm"],"relics":["Cracked Core","Tiny Chest","Strawberry","Dream Catcher"],"acts_visited":["Exordium"],"potions_floor_usage":[],"damage_taken":[{"damage":0.0,"enemies":"2 Louse","floor":1.0,"turns":3.0},{"damage":7.0,"enemies":"Cultist","floor":2.0,"turns":5.0},{"damage":12.0,"enemies":"Small Slimes","floor":3.0,"turns":4.0},{"damage":12.0,"enemies":"2 Fungi Beasts","floor":4.0,"turns":3.0},{"damage":10.0,"enemies":"Exordium Wildlife","floor":10.0,"turns":2.0},{"damage":8,"enemies":"Exordium Thugs","floor":11,"turns":4},{"damage":9,"enemies":"2 Fungi Beasts","floor":13,"turns":3},{"damage":92,"enemies":"Hexaghost","floor":16,"turns":12}],"seed_played":"-3168920362976836172","potions_obtained":[{"floor":2.0,"key":"BlessingOfTheForge"},{"floor":3.0,"key":"SkillPotion"},{"floor":11,"key":"FocusPotion"}],"is_trial":false,"path_per_floor":["M","M","M","M","$","R","?","R","T","M","M","?","M","T","R","B"],"character_chosen":"DEFECT","items_purchased":["Tiny Chest"],"campfire_rested":2,"item_purchase_floors":[5],"current_hp_per_floor":[82,82,77,72,72,82,82,82,89,79,78,78,76,76,89,0,0],"gold":76,"neow_bonus":"TEN_PERCENT_HP_BONUS","is_daily":false,"chose_seed":false,"campfire_upgraded":1,"win_rate":0.0,"timestamp":1612954970,"path_taken":["M","M","M","M","$","R","?","R","T","M","?","?","M","?","R","BOSS"],"items_purchased_type":["Relic"],"build_version":"2020-12-22","purchased_purges":0,"victory":false,"max_hp_per_floor":[82,82,82,82,82,82,82,82,89,89,89,89,89,89,89,89,89],"relic_stats":{"Dream Catcher":1,"counters":[8,36],"Tiny Chest":1,"obtain_stats":[{"Dream Catcher":14,"Strawberry":9,"Tiny Chest":5,"Cracked Core":0},{"Dream Catcher":7,"Strawberry":4,"Tiny Chest":4,"Cracked Core":0},{"Dream Catcher":24,"Strawberry":15,"Tiny Chest":15,"Cracked Core":0}]},"card_choices":[{"not_picked":["Stack","Force Field"],"picked":"Self Repair","floor":1.0},{"not_picked":["Coolheaded","Force Field"],"picked":"Gash","floor":2.0},{"not_picked":["Steam","Compile Driver"],"picked":"Sweeping Beam","floor":3.0},{"not_picked":["Gash","Meteor Strike"],"picked":"Aggregate","floor":4.0},{"not_picked":["Cold Snap","Coolheaded"],"picked":"Rebound","floor":10},{"not_picked":["Fusion","Streamline"],"picked":"Undo","floor":11},{"not_picked":["Stack","Rebound","Heatsinks"],"picked":"SKIP","floor":13},{"not_picked":["Gash","Ball Lightning"],"picked":"Genetic Algorithm","floor":15}],"player_experience":97365,"relics_obtained":[{"floor":9.0,"key":"Strawberry"},{"floor":14,"key":"Dream Catcher"}],"event_choices":[{"cards_removed":["Aggregate"],"damage_healed":0.0,"max_hp_gain":0.0,"max_hp_loss":0.0,"gold_gain":0.0,"event_name":"NoteForYourself","player_choice":"Took Card","floor":7.0,"gold_loss":0.0,"damage_taken":0.0,"cards_obtained":["Dagger Spray"]},{"damage_healed":0,"gold_gain":0,"player_choice":"Grow","damage_taken":0,"max_hp_gain":0,"max_hp_loss":0,"event_name":"Living Wall","floor":12,"gold_loss":0,"cards_upgraded":["Sweeping Beam"]}],"is_beta":false,"boss_relics":[],"items_purged_floors":[],"is_endless":false,"potions_floor_spawned":[2,3,11,13],"killed_by":"Hexaghost","ascension_level":0}}