{"host":"f5gffvlv6a66yqkd","time":1612935244,"event":{"mods":["2.2 Compatiblity","BaseMod","Colored Map","Custom Start","DeckTracker","Keyboard Shortcuts","Minty Spire (QoL Compilation)","Permanent Neow","Quick Restart","Relic Stats","StSLib","SuperFastMode"],"gold_per_floor":[15,28,48,68,83,83,115,115,141,141,141,91,145,42,42,42,42],"floor_reached":16,"language":"KOR","playtime":304,"items_purged":["Strike_P","Strike_P"],"score":200,"play_id":"f0b22815-aa8e-49c9-92c0-93fa8a2532d5","local_time":"20210210143404","is_ascension_mode":true,"campfire_choices":[{"data":"Eruption","floor":6.0,"key":"SMITH"},{"floor":8.0,"key":"REST"},{"data":"CrushJoints","floor":11.0,"key":"SMITH"},{"floor":15.0,"key":"DIG"}],"circlet_count":0,"master_deck":["AscendersBane","Defend_P","Defend_P","Defend_P","Eruption+1","Vigilance","FollowUp","Halt","EmptyFist","CrushJoints+1","Adaptation"],"relics":["PureWater","Shovel","Smiling Mask","Toy Ornithopter","Regal Pillow"],"acts_visited":["Exordium"],"potions_floor_usage":[16,16],"damage_taken":[{"damage":0.0,"enemies":"Cultist","floor":1.0,"turns":3.0},{"damage":1.0,"enemies":"Small Slimes","floor":2.0,"turns":3.0},{"damage":0.0,"enemies":"Jaw Worm","floor":3.0,"turns":2.0},{"damage":14.0,"enemies":"Large Slime","floor":4.0,"turns":6.0},{"damage":16.0,"enemies":"3 Louse","floor":5.0,"turns":3.0},{"damage":22.0,"enemies":"Lagavulin","floor":7.0,"turns":4.0},{"damage":46,"enemies":"Hexaghost","floor":16,"turns":10}],"seed_played":"3647638876862191681","potions_obtained":[{"floor":2.0,"key":"Fruit Juice"},{"floor":7.0,"key":"Explosive Potion"}],"is_trial":false,"path_per_floor":["M","M","M","M","M","R","E","R","T","?","R","$","T","$","R","B"],"character_chosen":"WATCHER","items_purchased":["PowerPotion"],"campfire_rested":1,"item_purchase_floors":[14],"current_hp_per_floor":[61,60,60,46,30,30,13,34,34,34,34,34,34,34,34,0,0],"gold":42,"neow_bonus":"REMOVE_TWO","is_daily":false,"chose_seed":false,"campfire_upgraded":2,"win_rate":0.0,"timestamp":1612935244,"path_taken":["M","M","?","M","M","R","E","R","T","?","R","$","?","$","R","BOSS"],"items_purchased_type":["Potion"],"build_version":"2020-12-22","purchased_purges":2,"victory":false,"max_hp_per_floor":[68,68,68,68,68,68,73,73,73,73,73,73,73,73,73,73,73],"relic_stats":{"Regal Pillow":0,"Shovel":1,"counters":[7,31],"Smiling Mask":75,"obtain_stats":[{"Regal Pillow":15,"Shovel":7,"PureWater":0,"Smiling Mask":9,"Toy Ornithopter":13},{"Regal Pillow":6,"Shovel":6,"PureWater":0,"Smiling Mask":6,"Toy Ornithopter":6},{"Regal Pillow":21,"Shovel":21,"PureWater":0,"Smiling Mask":21,"Toy Ornithopter":21}],"Toy Ornithopter":10},"card_choices":[{"not_picked":["PathToVictory","Evaluate"],"picked":"FollowUp","floor":1.0},{"not_picked":["FlyingSleeves","ThirdEye"],"picked":"Halt","floor":2.0},{"not_picked":["BowlingBash","Pray"],"picked":"EmptyFist","floor":3.0},{"not_picked":["BowlingBash","Halt","FollowUp"],"picked":"SKIP","floor":4.0},{"not_picked":["Prostrate","JustLucky"],"picked":"CrushJoints","floor":5.0},{"not_picked":["Weave","FlurryOfBlows"],"picked":"Adaptation","floor":7.0}],"player_experience":1721043,"relics_obtained":[{"floor":7.0,"key":"Shovel"},{"floor":9.0,"key":"Smiling Mask"},{"floor":13.0,"key":"Toy Ornithopter"},{"floor":15.0,"key":"Regal Pillow"}],"event_choices":[{"cards_removed":["Strike_P"],"damage_healed":0.0,"max_hp_gain":0.0,"max_hp_loss":0.0,"gold_gain":0.0,"event_name":"Bonfire Elementals","player_choice":"Offered Basic","floor":10.0,"gold_loss":0.0,"damage_taken":0.0}],"is_beta":false,"boss_relics":[],"items_purged_floors":[12,14],"is_endless":false,"potions_floor_spawned":[2,7],"killed_by":"Hexaghost","ascension_level":20}}