{"host":"j4nfyhit1dl35m08","time":1612941114,"event":{"mods":["BaseMod","Downfall","Highlight Path","Minty Spire (QoL Compilation)","StSLib"],"gold_per_floor":[99,113,133,148,158,158,158,187,187,204,104,438,338,86,106,178,178,178,192,10,21,21,38,38,38,52,72,90,122,122,155,168,246,246,246,266,276,276,290,290,290,290,318,218,117,132,157,191,219,231,243,283,61,61,61,61],"floor_reached":57,"language":"ENG","playtime":6781,"items_purged":["bronze:Strike"],"score":2399,"play_id":"bd98aa10-3944-4692-b0b3-89bc94b31ac8","local_time":"20210210011154","is_ascension_mode":true,"campfire_choices":[{"floor":1,"key":"RECALL"},{"data":"bronze:DigitalCarnage","floor":11,"key":"SMITH"},{"data":"bronze:FineTuning","floor":13,"key":"SMITH"},{"data":"bronze:Flail","floor":18,"key":"SMITH"},{"data":"bronze:Deprecate","floor":25,"key":"SMITH"},{"data":"bronze:Flail","floor":30,"key":"SMITH"},{"data":"bronze:Frontload","floor":35,"key":"SMITH"},{"data":"bronze:Invalidate","floor":40,"key":"SMITH"},{"data":"bronze:TinkerersToolbox","floor":44,"key":"SMITH"},{"data":"bronze:TinkerersToolbox","floor":54,"key":"SMITH"}],"circlet_count":0,"master_deck":["AscendersBane","bronze:Defend","bronze:Defend","bronze:Defend","bronze:Replicate+1","bronze:Goto","CurseOfTheBell","bronze:Fortify+1","bronze:FineTuning+1","bronze:ChosenStrike+1","bronze:Flail+1","bronze:Deprecate+1","bronze:DigitalCarnage+1","bronze:Iterate+1","bronze:ItsAFeature+1","bronze:Repulsor+1","bronze:Optimize+1","bronze:Library+1","bronze:Invalidate+1","bronze:ChildClass","bronze:Flail+1","bronze:CloningBeam+1","bronze:ClassDefault+1","bronze:Frontload+1","bronze:Repair+1","bronze:Frontload+1","bronze:Optimize+1","bronze:ForceShield+1","bronze:Terminator+1","bronze:Repair","bronze:BuggyMess+1","bronze:TinkerersToolbox+1","expansioncontent:AwakenDeath+1","bronze:FineTuning+1","bronze:ChildClass","bronze:TinkerersToolbox+1","bronze:Terminator","bronze:Repulsor+1"],"relics":["Calling Bell","Nunchaku","Meat on the Bone","Turnip","Thread and Needle","Frozen Egg 2","downfall:HeartBlessingRed","Old Coin","downfall:HeartBlessingGreen","Toolbox","SlaversCollar","Bag of Preparation","Mummified Hand","Pear","Mercury Hourglass","Astrolabe","bronze:BronzeIdol","downfall:HeartBlessingBlue","Lantern","Potion Belt","Incense Burner","MawBank","Bottled Lightning"],"acts_visited":["Exordium","TheCity","TheBeyond","TheEnding"],"potions_floor_usage":[8,16,29,31,56],"damage_taken":[{"damage":0,"enemies":"Small Slimes","floor":2,"turns":4},{"damage":2,"enemies":"Jaw Worm","floor":3,"turns":5},{"damage":11,"enemies":"Cultist","floor":4,"turns":4},{"damage":7,"enemies":"Exordium Wildlife","floor":5,"turns":3},{"damage":41,"enemies":"Lagavulin","floor":8,"turns":7},{"damage":3,"enemies":"Large Slime","floor":10,"turns":5},{"damage":10,"enemies":"Gremlin Nob","floor":12,"turns":4},{"damage":6,"enemies":"downfall:FleeingMerchant","floor":14,"turns":4},{"damage":7,"enemies":"Exordium Thugs","floor":15,"turns":2},{"damage":32,"enemies":"DF_ARCHETYPE_STREAMLINE","floor":16,"turns":10},{"damage":8,"enemies":"Chosen","floor":19,"turns":3},{"damage":16,"enemies":"downfall:FleeingMerchant","floor":20,"turns":4},{"damage":0,"enemies":"3 Byrds","floor":21,"turns":3},{"damage":0,"enemies":"Shelled Parasite and Fungi","floor":23,"turns":4},{"damage":8,"enemies":"Centurion and Healer","floor":26,"turns":4},{"damage":0,"enemies":"3 Cultists","floor":27,"turns":1},{"damage":14,"enemies":"Snake Plant","floor":28,"turns":4},{"damage":6,"enemies":"Book of Stabbing","floor":29,"turns":2},{"damage":11,"enemies":"Gremlin Leader","floor":31,"turns":3},{"damage":0,"enemies":"Sentry and Sphere","floor":32,"turns":2},{"damage":0,"enemies":"WA_ARCHETYPE_CALM","floor":33,"turns":7},{"damage":0,"enemies":"3 Shapes","floor":36,"turns":2},{"damage":0,"enemies":"Orb Walker","floor":37,"turns":1},{"damage":1,"enemies":"3 Darklings","floor":39,"turns":6},{"damage":0,"enemies":"Giant Head","floor":43,"turns":6},{"damage":8,"enemies":"downfall:FleeingMerchant","floor":45,"turns":4},{"damage":0,"enemies":"Maw","floor":46,"turns":5},{"damage":0,"enemies":"Maw","floor":47,"turns":4},{"damage":31,"enemies":"Nemesis","floor":48,"turns":7},{"damage":10,"enemies":"Transient","floor":49,"turns":5},{"damage":0,"enemies":"IC_BLOCK_ARCHETYPE","floor":50,"turns":6},{"damage":28,"enemies":"downfall:CharBossMerchant","floor":52,"turns":9},{"damage":0,"enemies":"downfall:NeowBoss","floor":55,"turns":16},{"damage":0,"enemies":"downfall:NeowBossFinal","floor":56,"turns":8}],"seed_played":"945975009379236970","potions_obtained":[{"floor":4,"key":"sneckomod:MuddlingPotion"},{"floor":10,"key":"DuplicationPotion"},{"floor":15,"key":"PowerPotion"},{"floor":16,"key":"Weak Potion"},{"floor":29,"key":"Strength Potion"},{"floor":33,"key":"DistilledChaos"},{"floor":43,"key":"bronze:CleanCodePotion"},{"floor":48,"key":"bronze:BuildAFunctionPotion"}],"is_trial":false,"path_per_floor":["R","M","M","M","M","?","T","E","?","M","R","E","R","$","M","B",null,"R","M","$","M","?","M","T","R","M","M","M","E","R","E","M","B",null,"R","M","M","?","M","R","T","?","E","R","$","M","?","E","M","B",null,"E","$","R","B","B",null],"character_chosen":"THE_AUTOMATON","items_purchased":["Toolbox","Bag of Preparation","Lantern","Potion Belt","expansioncontent:AwakenDeath","bronze:Terminator","bronze:Repulsor+1","FairyPotion"],"campfire_rested":0,"item_purchase_floors":[14,20,45,45,45,53,53,53],"current_hp_per_floor":[57,57,55,44,37,58,58,29,29,38,38,40,40,34,39,19,52,52,44,40,40,40,40,40,40,32,32,30,46,46,47,57,57,69,69,73,73,73,73,73,73,73,73,83,83,83,83,71,71,81,83,77,77,77,83,83],"gold":61,"neow_bonus":"BOSS_RELIC","is_daily":false,"chose_seed":false,"campfire_upgraded":9,"win_rate":0.0,"timestamp":1612941114,"path_taken":["R","M","M","M","M","?","T","E","?","M","R","E","R","$","M","BOSS","R","M","$","M","?","?","T","R","M","M","M","E","R","E","M","BOSS","R","M","M","?","M","R","T","?","E","R","$","?","?","E","M","BOSS","E","$","R","BOSS","BOSS"],"items_purchased_type":["Relic","Relic","Relic","Relic","Card","Card","Card","Potion"],"build_version":"2020-12-22","purchased_purges":1,"victory":true,"max_hp_per_floor":[63,63,63,63,63,63,63,63,63,63,63,63,63,63,63,63,63,63,63,63,63,63,63,63,63,63,63,63,73,73,73,73,73,73,73,73,73,73,73,73,73,73,73,83,83,83,83,83,83,83,83,83,83,83,83,83],"card_choices":[{"not_picked":["bronze:Deprecate","bronze:Shield"],"picked":"bronze:Fortify","floor":2},{"not_picked":["bronze:BugBarrage","bronze:GetLatest"],"picked":"bronze:FineTuning","floor":3},{"not_picked":["bronze:Format","bronze:Branch"],"picked":"bronze:ChosenStrike","floor":4},{"not_picked":["bronze:ChildClass","bronze:BronzeOrb"],"picked":"bronze:Flail","floor":5},{"not_picked":["bronze:WildBeam","bronze:NullPointer"],"picked":"bronze:Deprecate","floor":8},{"not_picked":["bronze:Turbo","bronze:FineTuning"],"picked":"bronze:Iterate","floor":10},{"not_picked":["bronze:Shield","bronze:Constructor"],"picked":"bronze:ItsAFeature+1","floor":12},{"not_picked":["bronze:Invalidate","bronze:DelayedSlice"],"picked":"bronze:Repulsor+1","floor":14},{"not_picked":["bronze:Terminator","bronze:GetLatest"],"picked":"bronze:Optimize+1","floor":15},{"not_picked":["bronze:Hardcode+1","bronze:Mutator+1"],"picked":"bronze:Library+1","floor":16},{"not_picked":["bronze:BugBarrage","bronze:BronzeOrb"],"picked":"bronze:Invalidate","floor":19},{"not_picked":["bronze:Constructor","bronze:BuggyMess"],"picked":"bronze:ChildClass","floor":20},{"not_picked":["bronze:Overload","bronze:ForLoop"],"picked":"bronze:Flail","floor":21},{"not_picked":["bronze:Separator+1","bronze:Deprecate+1"],"picked":"bronze:CloningBeam+1","floor":23},{"not_picked":["bronze:FineTuning","bronze:Shield"],"picked":"bronze:ClassDefault+1","floor":26},{"not_picked":["bronze:BugBarrage+1","bronze:Deprecate"],"picked":"bronze:Frontload+1","floor":27},{"not_picked":["bronze:ChosenStrike","bronze:Format","bronze:Shield"],"picked":"SKIP","floor":28},{"not_picked":["bronze:BitShift","bronze:DelayedGuard","bronze:FineTuning"],"picked":"SKIP","floor":29},{"not_picked":["bronze:Overheat","bronze:DelayedGuard"],"picked":"bronze:Repair+1","floor":31},{"not_picked":["bronze:BugBarrage","bronze:Iterate"],"picked":"bronze:Frontload","floor":32},{"not_picked":["bronze:DelayedGuard","bronze:Constructor","bronze:ItsAFeature+1"],"picked":"SKIP","floor":36},{"not_picked":["bronze:Philosophize","bronze:NullPointer"],"picked":"bronze:Repair","floor":37},{"not_picked":["bronze:WhirlingStrike","bronze:Overheat"],"picked":"bronze:BuggyMess+1","floor":39},{"not_picked":["bronze:Frontload","bronze:DarkDash"],"picked":"bronze:TinkerersToolbox","floor":43},{"not_picked":["bronze:ItsAFeature+1","bronze:Turbo","bronze:WhirlingStrike"],"picked":"SKIP","floor":45},{"not_picked":["bronze:BitShift","bronze:Shield"],"picked":"bronze:FineTuning+1","floor":46},{"not_picked":["bronze:Turbo","bronze:FineTuning"],"picked":"bronze:ChildClass","floor":47},{"not_picked":["bronze:Mutator+1","bronze:ChildClass"],"picked":"bronze:TinkerersToolbox","floor":48},{"not_picked":["bronze:BugBarrage","bronze:Invalidate","bronze:CutThrough+1"],"picked":"SKIP","floor":49},{"not_picked":["bronze:CutThrough","bronze:OilSpill","bronze:DelayedSlice"],"picked":"SKIP","floor":52}],"player_experience":509984,"relics_obtained":[{"floor":0,"key":"Nunchaku"},{"floor":0,"key":"Meat on the Bone"},{"floor":0,"key":"Turnip"},{"floor":7,"key":"Thread and Needle"},{"floor":8,"key":"Frozen Egg 2"},{"floor":12,"key":"Old Coin"},{"floor":24,"key":"Mummified Hand"},{"floor":29,"key":"Pear"},{"floor":31,"key":"Mercury Hourglass"},{"floor":43,"key":"bronze:BronzeIdol"},{"floor":47,"key":"Incense Burner"},{"floor":48,"key":"MawBank"},{"floor":52,"key":"Bottled Lightning"}],"event_choices":[{"damage_healed":21,"gold_gain":0,"player_choice":"Banana","damage_taken":0,"max_hp_gain":0,"max_hp_loss":0,"event_name":"Big Fish","floor":6,"gold_loss":0}],"is_beta":false,"boss_relics":[{"not_picked":["Tiny House","Velvet Choker"],"picked":"SlaversCollar"},{"not_picked":["Sozu","Black Star"],"picked":"Astrolabe"}],"items_purged_floors":[14],"is_endless":false,"potions_floor_spawned":[4,10,15,16,19,21,23,29,33,37,39,43,48],"ascension_level":16}}