{"host":"51f0ad793vly1w6u","time":1612939894,"event":{"mods":["BaseMod","Colored Map","DeckTracker","Minty Spire (QoL Compilation)","Replay The Spire","StSLib","SuperFastMode"],"gold_per_floor":[118,43,43,57,57,57,69,69,124,155,155,173,508,528,528,633,633,648,397,415,415,133,133,150,188,188,188,204,232,232,242,242,339,339,355,369,388,400,24,56,56,73,149,149,162,162,0,53,53,53],"floor_reached":51,"language":"KOR","playtime":1216,"items_purged":["Strike_B","Strike_B","Strike_B","Strike_B"],"score":1024,"play_id":"1f1c8f90-72dc-4855-a429-ed84e07f69b0","local_time":"20210210155134","is_ascension_mode":true,"campfire_choices":[{"data":"Zap","floor":6,"key":"SMITH"},{"data":"Dualcast","floor":8,"key":"SMITH"},{"data":"Conserve Battery","floor":11,"key":"SMITH"},{"data":"Coolheaded","floor":15,"key":"SMITH"},{"data":"Hologram","floor":23,"key":"SMITH"},{"data":"1","floor":27,"key":"LIFT"},{"data":"ReplayTheSpireMod:Omega Cannon","floor":30,"key":"SMITH"},{"data":"Buffer","floor":32,"key":"SMITH"},{"data":"Defragment","floor":41,"key":"SMITH"},{"data":"2","floor":44,"key":"LIFT"},{"data":"Aggregate","floor":46,"key":"SMITH"},{"data":"3","floor":49,"key":"LIFT"}],"circlet_count":0,"master_deck":["Defend_B","Defend_B","Defend_B","Zap+1","Dualcast+1","Ball Lightning","Ball Lightning","Panic Button","Conserve Battery+1","Hologram+1","Seek","Coolheaded+1","Buffer+1","CurseOfTheBell","ReplayTheSpireMod:Omega Cannon+1","Coolheaded","Aggregate+1","Seek","Panic Button+1","Barrage+1","Defragment+1","Amplify","Turbo","Electrodynamics"],"relics":["Cracked Core","TungstenRod","DataDisk","White Beast Statue","Old Coin","Calling Bell","Orichalcum","Carrot","Counterbalance","Replay:Baseball","Runic Capacitor","Girya","Replay:Accelerometer","SacredBark","Medical Kit","Prayer Wheel","Red Mask","Replay:Multitool"],"acts_visited":["Exordium","TheCity","TheBeyond"],"potions_floor_usage":[14,16,16,16,25,33,33,33,40,45,45,50,50,50],"damage_taken":[{"damage":0,"enemies":"Small Slimes","floor":1,"turns":3},{"damage":0,"enemies":"Cultist","floor":4,"turns":2},{"damage":6,"enemies":"Jaw Worm","floor":7,"turns":2},{"damage":8,"enemies":"3 Sentries","floor":10,"turns":5},{"damage":0,"enemies":"Looter","floor":12,"turns":2},{"damage":4,"enemies":"Lagavulin","floor":13,"turns":5},{"damage":0,"enemies":"Exordium Thugs","floor":14,"turns":3},{"damage":0,"enemies":"Slime Boss","floor":16,"turns":3},{"damage":0,"enemies":"Shell Parasite","floor":18,"turns":5},{"damage":0,"enemies":"3 Byrds","floor":20,"turns":3},{"damage":7,"enemies":"Snake Plant","floor":24,"turns":3},{"damage":6,"enemies":"Centurion and Healer","floor":25,"turns":5},{"damage":5,"enemies":"Cultist and Chosen","floor":28,"turns":2},{"damage":0,"enemies":"Gremlin Leader","floor":29,"turns":4},{"damage":0,"enemies":"Snake Plant","floor":31,"turns":2},{"damage":4,"enemies":"Pondfish","floor":33,"turns":11},{"damage":0,"enemies":"3 Darklings","floor":35,"turns":2},{"damage":4,"enemies":"Orb Walker","floor":36,"turns":2},{"damage":0,"enemies":"Transient","floor":37,"turns":5},{"damage":7,"enemies":"Sphere and 2 Shapes","floor":38,"turns":6},{"damage":0,"enemies":"R_Hoarder","floor":40,"turns":7},{"damage":0,"enemies":"Jaw Worm Horde","floor":42,"turns":1},{"damage":5,"enemies":"Writhing Mass","floor":45,"turns":4},{"damage":10,"enemies":"2 Orb Walkers","floor":48,"turns":2},{"damage":13,"enemies":"Replay:Hell Engine","floor":50,"turns":12}],"seed_played":"5024017132373009359","potions_obtained":[{"floor":10,"key":"GamblersBrew"},{"floor":12,"key":"Cursed Concoction"},{"floor":13,"key":"Adrenaline Potion"},{"floor":14,"key":"DistilledChaos"},{"floor":16,"key":"SpeedPotion"},{"floor":18,"key":"ColorlessPotion"},{"floor":20,"key":"Adrenaline Potion"},{"floor":25,"key":"Adrenaline Potion"},{"floor":29,"key":"Regen Potion"},{"floor":31,"key":"FocusPotion"},{"floor":33,"key":"Strength Potion"},{"floor":35,"key":"FocusPotion"},{"floor":36,"key":"Fire Potion"},{"floor":37,"key":"Flashbang"},{"floor":38,"key":"EssenceOfDarkness"},{"floor":42,"key":"Adrenaline Potion"},{"floor":45,"key":"AttackPotion"},{"floor":48,"key":"SneckoOil"}],"is_trial":false,"path_per_floor":["M","$","?","M","?","R","M","R","T","E","R","M","E","M","R","B",null,"M","$","M","?","$","R","M","M","T","R","M","E","R","M","R","B",null,"M","M","M","M","$","E","R","M","T","R","M","R","?","?","R","B",null],"character_chosen":"DEFECT","items_purchased":["Replay:Baseball","Runic Capacitor","Medical Kit","Defragment"],"campfire_rested":0,"item_purchase_floors":[19,22,39,39],"current_hp_per_floor":[54,54,54,54,59,59,53,53,53,45,45,45,41,41,41,41,70,70,70,70,63,63,63,56,50,50,50,45,45,45,45,45,56,74,74,70,70,63,63,63,63,63,63,63,58,58,58,48,48,35],"gold":53,"neow_bonus":"ONE_RARE_RELIC","is_daily":false,"chose_seed":false,"campfire_upgraded":9,"win_rate":0.0,"timestamp":1612939894,"path_taken":["M","$","?","?","?","R","M","R","T","E","R","M","E","M","R","BOSS","M","$","M","?","?","R","M","M","T","R","M","E","R","M","R","BOSS","M","M","M","M","$","E","R","M","T","R","M","R","?","?","R","BOSS"],"items_purchased_type":["Relic","Relic","Relic","Card"],"build_version":"2020-12-22","purchased_purges":4,"victory":true,"max_hp_per_floor":[75,75,75,75,80,80,80,80,80,80,80,80,80,80,80,80,80,80,80,80,80,80,80,80,80,80,80,80,80,80,80,80,80,80,80,80,80,80,80,80,80,80,80,80,80,80,80,80,80,80],"card_choices":[{"not_picked":["Conserve Battery","Recycle"],"picked":"Ball Lightning","floor":1},{"not_picked":["Streamline","Hologram"],"picked":"Ball Lightning","floor":4},{"not_picked":["Streamline","BasicCrystalCard"],"picked":"Panic Button","floor":7},{"not_picked":["Streamline","Machine Learning"],"picked":"Conserve Battery","floor":10},{"not_picked":["Go for the Eyes","ReplayTheSpireMod:Repulse"],"picked":"Hologram","floor":12},{"not_picked":["Coolheaded","Compile Driver"],"picked":"Seek","floor":13},{"not_picked":["Lockon","Beam Cell"],"picked":"Coolheaded","floor":14},{"not_picked":["Fission","ReplayTheSpireMod:Omega Cannon"],"picked":"Buffer","floor":16},{"not_picked":["Turbo","Go for the Eyes"],"picked":"ReplayTheSpireMod:Omega Cannon","floor":18},{"not_picked":["Leap","Blizzard+1","Streamline"],"picked":"SKIP","floor":20},{"not_picked":["Heatsinks","Hello World","Compile Driver"],"picked":"SKIP","floor":24},{"not_picked":["Beam Cell","ReplayTheSpireMod:GoodbyeWorld","Redo"],"picked":"SKIP","floor":25},{"not_picked":["Ball Lightning","ReplayTheSpireMod:Repulse"],"picked":"Coolheaded","floor":28},{"not_picked":["Time Bomb","Steam","BasicCrystalCard"],"picked":"SKIP","floor":29},{"not_picked":["BootSequence","White Noise"],"picked":"Aggregate","floor":31},{"not_picked":["Mirror Shield","Meteor Strike"],"picked":"Seek","floor":33},{"not_picked":["Darkness","Beam Cell"],"picked":"Panic Button+1","floor":35},{"not_picked":["Leap","Rebound","Hologram"],"picked":"SKIP","floor":36},{"not_picked":["BootSequence+1","Rebound","White Noise"],"picked":"SKIP","floor":37},{"not_picked":["Stack","Hologram"],"picked":"Barrage+1","floor":38},{"not_picked":["Cold Snap","Beam Cell"],"picked":"Amplify","floor":40},{"not_picked":["Rebound","Redo"],"picked":"Turbo","floor":42},{"not_picked":["BasicCrystalCard","Beam Cell"],"picked":"Electrodynamics","floor":42},{"not_picked":["Darkness+1","Steam","BasicCrystalCard+1"],"picked":"SKIP","floor":45},{"not_picked":["Conserve Battery","BasicCrystalCard","Heatsinks+1"],"picked":"SKIP","floor":45}],"player_experience":1455465,"relics_obtained":[{"floor":9,"key":"DataDisk"},{"floor":10,"key":"White Beast Statue"},{"floor":13,"key":"Old Coin"},{"floor":17,"key":"Orichalcum"},{"floor":17,"key":"Carrot"},{"floor":17,"key":"Counterbalance"},{"floor":26,"key":"Girya"},{"floor":29,"key":"Replay:Accelerometer"},{"floor":48,"key":"Replay:Multitool"}],"event_choices":[{"cards_removed":["Defend_B"],"damage_healed":0,"gold_gain":0,"player_choice":"Purged","damage_taken":0,"max_hp_gain":0,"max_hp_loss":0,"event_name":"Purifier","floor":3,"gold_loss":0},{"damage_healed":0,"gold_gain":0,"player_choice":"Donut","damage_taken":0,"max_hp_gain":5,"max_hp_loss":0,"event_name":"Big Fish","floor":5,"gold_loss":0},{"damage_healed":0,"gold_gain":0,"player_choice":"Damaged","damage_taken":8,"max_hp_gain":0,"max_hp_loss":0,"event_name":"Wheel of Change","floor":21,"gold_loss":0},{"damage_healed":0,"gold_gain":0,"player_choice":"Paid","damage_taken":0,"relics_obtained":["Red Mask"],"max_hp_gain":0,"max_hp_loss":0,"event_name":"Tomb of Lord Red Mask","floor":47,"gold_loss":162},{"damage_healed":0,"gold_gain":0,"player_choice":"Fight","damage_taken":0,"max_hp_gain":0,"max_hp_loss":0,"event_name":"Mysterious Sphere","floor":48,"gold_loss":0}],"is_beta":false,"boss_relics":[{"not_picked":["Honey Jar","Painkiller Herb"],"picked":"Calling Bell"},{"not_picked":["Astrolabe","Replay:Ancient Bell"],"picked":"SacredBark"}],"items_purged_floors":[2,19,22,39],"is_endless":false,"potions_floor_spawned":[10,12,13,14,16,18,20,24,25,28,29,31,33,35,36,37,38,40,42,45,48],"ascension_level":5}}