{"host":"9slw7l0ws16384qq","time":1612978721,"event":{"mods":["A Penny For Your Troubles","BaseMod","Colored Map","Downfall","Evolution","Hubris","Minty Spire (QoL Compilation)","Replay The Spire","StS++","StSLib"],"gold_per_floor":[99,99,99,99,24,55,55,55,71,71,81,81,81,81,96,96,96,96],"floor_reached":16,"language":"FRA","playtime":500,"items_purged":["Guardian:CurlUp"],"score":158,"play_id":"18b6eacd-7918-4434-86ec-c4c2c0119a70","local_time":"20210210183841","is_ascension_mode":true,"campfire_choices":[{"data":"Guardian:PrimingBeam","floor":1.0,"key":"SMITH"},{"data":"Guardian:TwinSlam","floor":8.0,"key":"SMITH"},{"floor":12,"key":"REST"}],"circlet_count":0,"master_deck":["AscendersBane","Guardian:PrimingBeam+1","Guardian:Strike_Guardian","Guardian:Strike_Guardian","Guardian:Strike_Guardian","Guardian:Defend_Guardian","Guardian:Defend_Guardian","Guardian:Defend_Guardian","Guardian:Defend_Guardian","Guardian:TwinSlam+1","Guardian:Gem_Fragmented","Guardian:Gem_Lightblue","Guardian:Gem_Blue","Guardian:Gem_Synthetic","Guardian:PrimingBeam+1","Guardian:Gem_Fragmented"],"relics":["EVO:Axolotl","downfall:HeartsMalice","Bronze Scales","Guardian:SackOfGems","hubris:TinFlute","Ring of Peace","m_GuardianBlood"],"acts_visited":["Exordium"],"potions_floor_usage":[15,16],"damage_taken":[{"damage":0.0,"enemies":"Small Slimes","floor":2.0,"turns":1.0},{"damage":0.0,"enemies":"2 Louse","floor":4.0,"turns":1.0},{"damage":0.0,"enemies":"downfall:FleeingMerchant","floor":5.0,"turns":1.0},{"damage":30.0,"enemies":"3 Sentries","floor":6.0,"turns":10.0},{"damage":1.0,"enemies":"Cultist","floor":9.0,"turns":3.0},{"damage":2,"enemies":"Exordium Thugs","floor":11,"turns":6},{"damage":8,"enemies":"3 Louse","floor":15,"turns":3},{"damage":53,"enemies":"IC_STATUS_ARCHETYPE","floor":16,"turns":10}],"seed_played":"-1835599598535809460","potions_obtained":[{"floor":9.0,"key":"hexamod:SoulburnPotion"},{"floor":11,"key":"Adrenaline Potion"}],"is_trial":false,"path_per_floor":["R","M","?","M","$","E","T","R","M","?","M","R","?","?","M","B"],"character_chosen":"GUARDIAN","items_purchased":[],"campfire_rested":1,"item_purchase_floors":[],"current_hp_per_floor":[72,72,60,60,60,30,30,30,29,29,27,51,51,51,49,0,0,0],"gold":96,"neow_bonus":"THREE_ENEMY_KILL","is_daily":false,"chose_seed":false,"campfire_upgraded":2,"win_rate":0.0,"timestamp":1612978721,"path_taken":["R","M","?","M","$","E","T","R","M","?","M","R","?","?","M","BOSS"],"items_purchased_type":[],"build_version":"2020-12-22","purchased_purges":1,"victory":false,"max_hp_per_floor":[80,80,80,80,80,80,80,80,80,80,80,80,80,80,80,80,80,80],"card_choices":[{"not_picked":["Guardian:Gem_Green","Guardian:Suspension","Guardian:GuardianWhirl"],"picked":"SKIP","floor":2.0},{"not_picked":["Guardian:CrystalBeam","Guardian:VentSteam"],"picked":"Guardian:Gem_Fragmented","floor":4.0},{"not_picked":["Guardian:RollAttack","Guardian:PiercingHide","Guardian:Gem_Yellow"],"picked":"SKIP","floor":5.0},{"not_picked":["Guardian:PrismaticBeam","Guardian:Planning","Guardian:SpikerProtocol"],"picked":"SKIP","floor":6.0},{"not_picked":["Guardian:PiercingHide","Guardian:ShieldCharger","Guardian:CrystalBeam"],"picked":"SKIP","floor":9.0},{"not_picked":["Guardian:RollAttack","Guardian:Planning","Guardian:ShieldCharger"],"picked":"SKIP","floor":11},{"not_picked":["Guardian:Gem_Red","Guardian:DecasProtection"],"picked":"Guardian:Gem_Fragmented","floor":15}],"player_experience":1685528,"relics_obtained":[{"floor":6.0,"key":"Guardian:SackOfGems"},{"floor":7.0,"key":"hubris:TinFlute"},{"floor":10,"key":"Ring of Peace"}],"event_choices":[{"damage_healed":0.0,"max_hp_gain":0.0,"max_hp_loss":0.0,"gold_gain":0.0,"event_name":"Scrap Ooze","player_choice":"Success","floor":3.0,"gold_loss":0.0,"damage_taken":12.0,"relics_obtained":["Bronze Scales"]}],"is_beta":false,"boss_relics":[],"items_purged_floors":[5],"is_endless":false,"potions_floor_spawned":[9,11],"killed_by":"IC_STATUS_ARCHETYPE","ascension_level":13}}