{"host":"q79g46kymu2me2oi","time":1612945510,"event":{"mods":["BaseMod","BetterRewards","Lobotomy","Marisa????????","Minty Spire (QoL Compilation)","StSLib","The Animator","The Servant 0.9.4","The Wild Card"],"gold_per_floor":[117,117,117,130,26,61,61,78,78,0,0,17,49,76,76,182,182,204,294,311,311,311,311],"floor_reached":22,"language":"ENG","playtime":1128,"items_purged":[],"score":294,"play_id":"218a3ff6-f31f-4c0e-ac80-917af530c581","local_time":"20210210102510","is_ascension_mode":false,"campfire_choices":[{"floor":7,"key":"RECALL"},{"floor":15,"key":"REST"}],"circlet_count":0,"master_deck":["Strike_MRS","Strike_MRS","Strike_MRS","Defend_MRS","Defend_MRS","Defend_MRS","Defend_MRS","MasterSpark","UpSweep","NonDirectionalLaser","GrandCross+1","PowerUp","AsteroidBelt","GalacticHalo","theWildCard:PaleRider","MilkyWay","LuminesStrike","GravityBeat","SprinkleStarSeal","LuminesStrike","MysteriousBeam","LuminesStrike","SporeBomb","Robbery","StarlightTyphoon","EscapeVelocity","WitchLeyline+1","GalacticHalo+1"],"relics":["MiniHakkero","Darkstone Periapt","Peace Pipe","SlaversCollar","Toy Ornithopter"],"acts_visited":["Exordium","TheCity"],"potions_floor_usage":[6,14,16,20],"damage_taken":[{"damage":1,"enemies":"Jaw Worm","floor":1,"turns":4},{"damage":0,"enemies":"2 Louse","floor":4,"turns":2},{"damage":17,"enemies":"Gremlin Nob","floor":6,"turns":4},{"damage":4,"enemies":"Cultist","floor":8,"turns":4},{"damage":0,"enemies":"Red Slaver","floor":12,"turns":2},{"damage":21,"enemies":"Lagavulin","floor":13,"turns":5},{"damage":4,"enemies":"Exordium Thugs","floor":14,"turns":3},{"damage":8,"enemies":"Hexaghost","floor":16,"turns":8},{"damage":48,"enemies":"2 Thieves","floor":18,"turns":4},{"damage":8,"enemies":"Chosen","floor":20,"turns":2},{"damage":8,"enemies":"3 Cultists","floor":22,"turns":2}],"seed_played":"5189736937545896693","potions_obtained":[{"floor":4,"key":"Weak Potion"},{"floor":6,"key":"Swift Potion"},{"floor":8,"key":"Energy Potion"}],"is_trial":false,"path_per_floor":["M","?","?","M","$","E","R","M","T","$","?","M","E","M","R","B",null,"M","?","M","T","M"],"character_chosen":"MARISA","items_purchased":["NonDirectionalLaser","GrandCross","PowerUp","AsteroidBelt","LuminesStrike","GravityBeat","MysteriousBeam","LuminesStrike"],"campfire_rested":1,"item_purchase_floors":[0,0,0,0,5,5,10,10],"current_hp_per_floor":[74,74,74,74,74,57,57,53,53,53,53,53,32,28,50,42,75,27,9,6,6,0,0],"gold":311,"neow_bonus":"","is_daily":false,"chose_seed":false,"campfire_upgraded":0,"win_rate":0.0,"timestamp":1612945510,"path_taken":["M","?","?","M","?","E","R","M","T","$","?","M","E","M","R","BOSS","M","?","?","?","M"],"items_purchased_type":["Card","Card","Card","Card","Card","Card","Card","Card"],"build_version":"2020-12-22","purchased_purges":0,"victory":false,"max_hp_per_floor":[75,75,75,75,75,75,75,75,75,75,75,75,75,75,75,75,75,75,75,75,75,75,75],"card_choices":[{"not_picked":["GravityBeat","EventHorizon"],"picked":"GalacticHalo","floor":1},{"not_picked":["GasGiant","ShootingEcho"],"picked":"MilkyWay","floor":4},{"not_picked":["IllusionStar","Singularity"],"picked":"SprinkleStarSeal","floor":6},{"not_picked":["ManaConvection","GrandCross"],"picked":"LuminesStrike","floor":8},{"not_picked":["NonDirectionalLaser","WitchLeyline"],"picked":"SporeBomb","floor":12},{"not_picked":["UnstableBomb","ShootingEcho"],"picked":"Robbery","floor":13},{"not_picked":["Robbery","CollectingQuirk"],"picked":"StarlightTyphoon","floor":14},{"not_picked":["ManaRampage","FinalSpark"],"picked":"EscapeVelocity","floor":16},{"not_picked":["MysteriousBeam","GasGiant"],"picked":"WitchLeyline+1","floor":18},{"not_picked":["DoubleSpark","MachineGunSpark"],"picked":"GalacticHalo+1","floor":20}],"player_experience":89639,"relics_obtained":[{"floor":6,"key":"Darkstone Periapt"},{"floor":13,"key":"Peace Pipe"},{"floor":21,"key":"Toy Ornithopter"}],"event_choices":[{"damage_healed":0,"gold_gain":0,"player_choice":"Grow","damage_taken":0,"max_hp_gain":0,"max_hp_loss":0,"event_name":"Living Wall","floor":3,"gold_loss":0,"cards_upgraded":["GrandCross"]},{"cards_removed":["Strike_MRS"],"damage_healed":0,"gold_gain":0,"player_choice":"Purged","damage_taken":0,"max_hp_gain":0,"max_hp_loss":0,"event_name":"Purifier","floor":11,"gold_loss":0},{"damage_healed":0,"gold_gain":90,"player_choice":"POTION GOLD ","damage_taken":18,"max_hp_gain":0,"max_hp_loss":0,"event_name":"Knowing Skull","floor":19,"potions_obtained":["Regen Potion"],"gold_loss":0,"cards_obtained":[]}],"is_beta":false,"boss_relics":[{"not_picked":["Runic Pyramid","Snecko Eye"],"picked":"SlaversCollar"}],"items_purged_floors":[],"is_endless":false,"potions_floor_spawned":[4,6,8],"killed_by":"3 Cultists","ascension_level":0}}