{"host":"0mk07bycsqo1qk03","time":1612942765,"event":{"mods":["BaseMod","Downfall","Hermit","Hubris","Minty Spire (QoL Compilation)","Reliquary","Replay The Spire","StSLib","The Cursed"],"gold_per_floor":[118,268,287,64,74,74,102,102,102,102,102],"floor_reached":10,"language":"ENG","playtime":261,"items_purged":["Doubt"],"score":116,"play_id":"050343e9-59d6-42eb-98f6-b2b7f5811453","local_time":"20210210083925","is_ascension_mode":true,"campfire_choices":[{"data":"Bouncing Flask","floor":6,"key":"SMITH"}],"circlet_count":0,"master_deck":["AscendersBane","Noxious Fumes+1","Strike_G","Strike_G","Strike_G","Strike_G","Defend_G","Defend_G","Defend_G","Defend_G","Defend_G","Survivor","Neutralize","downfall:Malfunctioning","Bouncing Flask","Bouncing Flask+1","bronze:Repulsor"],"relics":["Ring of the Snake","PrismaticShard","Shovel","hubris:Reverence"],"acts_visited":["Exordium"],"potions_floor_usage":[10,10],"damage_taken":[{"damage":6,"enemies":"Jaw Worm","floor":1,"turns":6},{"damage":4,"enemies":"Small Slimes","floor":3,"turns":4},{"damage":5,"enemies":"Cultist","floor":5,"turns":4},{"damage":29,"enemies":"Gremlin Nob","floor":7,"turns":4},{"damage":28,"enemies":"Lagavulin","floor":10,"turns":5}],"seed_played":"-336948806452326831","potions_obtained":[{"floor":5,"key":"Dexterity Potion"},{"floor":7,"key":"Toxic Potion"}],"is_trial":false,"path_per_floor":["M","?","M","$","M","R","E","?","T","E"],"character_chosen":"THE_SILENT","items_purchased":["PrismaticShard"],"campfire_rested":0,"item_purchase_floors":[4],"current_hp_per_floor":[65,65,61,61,56,56,27,27,27,0,0],"gold":102,"neow_bonus":"TWENTY_PERCENT_HP_BONUS","is_daily":false,"chose_seed":false,"campfire_upgraded":1,"win_rate":0.0,"timestamp":1612942765,"path_taken":["M","?","M","$","M","R","E","?","T","E"],"items_purchased_type":["Relic"],"build_version":"2020-12-22","purchased_purges":1,"victory":false,"max_hp_per_floor":[78,78,78,78,78,78,78,78,78,78,78],"card_choices":[{"not_picked":["hubris:SlightOfHand","Deflect"],"picked":"Bouncing Flask","floor":1},{"not_picked":["All Out Attack","Outmaneuver"],"picked":"Bouncing Flask","floor":3},{"not_picked":["champ:FlashCut","TheCursedMod:CursedBoomerang","bronze:Repair"],"picked":"SKIP","floor":5},{"not_picked":["Guardian:ArmoredProtocol","Slimebound:DouseInSlime"],"picked":"bronze:Repulsor","floor":7}],"player_experience":1036073,"relics_obtained":[{"floor":7,"key":"Shovel"},{"floor":9,"key":"hubris:Reverence"}],"event_choices":[{"damage_healed":0,"gold_gain":150,"player_choice":"AGREE","damage_taken":0,"max_hp_gain":0,"max_hp_loss":0,"event_name":"Liars Game","floor":2,"gold_loss":0,"cards_obtained":["Doubt"]},{"cards_removed":["Strike_G"],"damage_healed":0,"gold_gain":0,"player_choice":"Offered Basic","damage_taken":0,"max_hp_gain":0,"max_hp_loss":0,"event_name":"Bonfire Elementals","floor":8,"gold_loss":0}],"is_beta":false,"boss_relics":[],"items_purged_floors":[4],"is_endless":false,"potions_floor_spawned":[5,7],"killed_by":"Lagavulin","ascension_level":15}}