{"host":"8rqsnaeml9gxb0kp","time":1612943578,"event":{"mods":["AchievementEnabler","BaseMod","Dark Map","Minty Spire (QoL Compilation)","Relic Stats","StSLib","slay the spire mod where everything is the same but ironclad has a cowboy hat"],"gold_per_floor":[113,129,146,156,172,172,205,205,205,240,254,254,254,254,254,254,254],"floor_reached":16,"language":"ENG","playtime":798,"items_purged":[],"score":218,"play_id":"e2d68cba-7a89-404e-a5d6-dc0401d77373","local_time":"20210209235258","is_ascension_mode":true,"campfire_choices":[{"data":"Fire Breathing","floor":6,"key":"SMITH"},{"floor":8,"key":"REST"},{"floor":12,"key":"REST"},{"data":"Wild Strike","floor":15,"key":"SMITH"}],"circlet_count":0,"master_deck":["AscendersBane","Strike_R","Strike_R","Strike_R","Strike_R","Strike_R","Defend_R","Defend_R","Defend_R+1","Defend_R","Bash","Pummel","Impervious","Fire Breathing+1","Cleave","Wild Strike+1","Shrug It Off","Double Tap+1"],"relics":["Burning Blood","Orichalcum","Paper Frog","Strawberry"],"acts_visited":["Exordium"],"potions_floor_usage":[10,16],"damage_taken":[{"damage":7,"enemies":"Cultist","floor":1,"turns":4},{"damage":2,"enemies":"2 Louse","floor":2,"turns":3},{"damage":19,"enemies":"Small Slimes","floor":3,"turns":4},{"damage":12,"enemies":"2 Fungi Beasts","floor":4,"turns":4},{"damage":25,"enemies":"Large Slime","floor":5,"turns":6},{"damage":20,"enemies":"3 Sentries","floor":7,"turns":4},{"damage":20,"enemies":"Gremlin Nob","floor":10,"turns":4},{"damage":6,"enemies":"Looter","floor":11,"turns":3},{"damage":51,"enemies":"Hexaghost","floor":16,"turns":9}],"seed_played":"-7116835366034203178","potions_obtained":[{"floor":2,"key":"FearPotion"},{"floor":4,"key":"Weak Potion"},{"floor":7,"key":"DuplicationPotion"}],"is_trial":false,"path_per_floor":["M","M","M","M","M","R","E","R","T","E","M","R","?","?","R","B"],"character_chosen":"IRONCLAD","items_purchased":[],"campfire_rested":2,"item_purchase_floors":[],"current_hp_per_floor":[74,78,65,59,40,40,26,50,50,43,43,69,74,46,46,0,0],"gold":254,"neow_bonus":"TEN_PERCENT_HP_BONUS","is_daily":false,"chose_seed":false,"campfire_upgraded":2,"win_rate":0.0,"timestamp":1612943578,"path_taken":["M","M","M","M","M","R","E","R","T","E","?","R","?","?","R","BOSS"],"items_purchased_type":[],"build_version":"2020-12-22","purchased_purges":0,"victory":false,"max_hp_per_floor":[82,82,82,82,82,82,82,82,82,89,89,89,94,94,94,94,94],"relic_stats":{"counters":[9,41],"Orichalcum":[30],"obtain_stats":[{"Strawberry":10,"Orichalcum":7,"Burning Blood":0,"Paper Frog":9},{"Strawberry":7,"Orichalcum":6,"Burning Blood":0,"Paper Frog":6},{"Strawberry":29,"Orichalcum":25,"Burning Blood":0,"Paper Frog":25}],"Burning Blood":48},"card_choices":[{"not_picked":["True Grit","Bloodletting","Armaments"],"picked":"SKIP","floor":1},{"not_picked":["Intimidate","Iron Wave"],"picked":"Pummel","floor":2},{"not_picked":["Anger","Dropkick"],"picked":"Impervious","floor":3},{"not_picked":["Shrug It Off","Wild Strike"],"picked":"Fire Breathing","floor":4},{"not_picked":["Fire Breathing","Flex"],"picked":"Cleave","floor":5},{"not_picked":["Metallicize","Twin Strike"],"picked":"Wild Strike","floor":7},{"not_picked":["Seeing Red","Iron Wave"],"picked":"Shrug It Off","floor":10},{"not_picked":["Cleave","Blood for Blood"],"picked":"Double Tap","floor":11}],"player_experience":189766,"relics_obtained":[{"floor":7,"key":"Orichalcum"},{"floor":9,"key":"Paper Frog"},{"floor":10,"key":"Strawberry"}],"event_choices":[{"damage_healed":0,"gold_gain":0,"player_choice":"Donut","damage_taken":0,"max_hp_gain":5,"max_hp_loss":0,"event_name":"Big Fish","floor":13,"gold_loss":0},{"damage_healed":0,"gold_gain":0,"player_choice":"Entered Light","damage_taken":28,"max_hp_gain":0,"max_hp_loss":0,"event_name":"Shining Light","floor":14,"gold_loss":0,"cards_upgraded":["Defend_R","Double Tap"]}],"is_beta":false,"boss_relics":[],"items_purged_floors":[],"is_endless":false,"potions_floor_spawned":[2,4,5,7],"killed_by":"Hexaghost","ascension_level":19}}