{"host":"i0avyit1s6jb1siw","time":1612948131,"event":{"mods":["BaseMod","DeckTracker","Dota2Spire","Highlight Path","Minty Spire (QoL Compilation)","Quick Restart","StSLib","SuperFastMode"],"gold_per_floor":[119,42,54,54,24,24,51,51,51,76,76,90,123,100,117,117,191,191,191,191],"floor_reached":19,"language":"ENG","playtime":346,"items_purged":[],"score":400,"play_id":"16417ebf-86f5-408d-8361-35efe72e123e","local_time":"20210210100851","is_ascension_mode":true,"campfire_choices":[{"data":"Bash","floor":6.0,"key":"SMITH"},{"data":"Fire Breathing","floor":8.0,"key":"SMITH"},{"data":"Evolve","floor":11.0,"key":"SMITH"},{"data":"Burning Pact","floor":16.0,"key":"SMITH"}],"circlet_count":0,"master_deck":["AscendersBane","Strike_R","Strike_R","Strike_R","Strike_R","Defend_R","Defend_R","Defend_R","Defend_R","Bash+1","Sword Boomerang","Fire Breathing+1","Burning Pact+1","Evolve+1","Whirlwind","Wild Strike","Impervious"],"relics":["Burning Blood","NeowsBlessing","Anchor","Regal Pillow","Toy Ornithopter","Snecko Eye"],"acts_visited":["Exordium","TheCity"],"potions_floor_usage":[17],"damage_taken":[{"damage":0.0,"enemies":"Small Slimes","floor":1.0,"turns":1.0},{"damage":0.0,"enemies":"Cultist","floor":3.0,"turns":1.0},{"damage":0.0,"enemies":"Lagavulin","floor":7.0,"turns":1.0},{"damage":16.0,"enemies":"Jaw Worm","floor":12.0,"turns":6.0},{"damage":15.0,"enemies":"3 Sentries","floor":13.0,"turns":4.0},{"damage":12.0,"enemies":"Exordium Thugs","floor":14.0,"turns":4.0},{"damage":7.0,"enemies":"3 Louse","floor":15.0,"turns":4.0},{"damage":48,"enemies":"Hexaghost","floor":17,"turns":9},{"damage":63,"enemies":"3 Byrds","floor":19,"turns":7}],"seed_played":"7682338466581267241","potions_obtained":[{"floor":3.0,"key":"FearPotion"},{"floor":5.0,"key":"Dota2Spire:HealingSalve"},{"floor":13.0,"key":"AttackPotion"},{"floor":14.0,"key":"CultistPotion"}],"is_trial":false,"path_per_floor":["M","$","M","?","?","R","E","R","T","T","R","M","E","M","M","R","B",null,"M"],"character_chosen":"IRONCLAD","items_purchased":["Fire Breathing"],"campfire_rested":0,"item_purchase_floors":[2],"current_hp_per_floor":[74,74,75,68,68,68,74,74,74,74,74,64,64,58,57,57,20,61,0,0],"gold":191,"neow_bonus":"THREE_ENEMY_KILL","is_daily":false,"chose_seed":false,"campfire_upgraded":4,"win_rate":0.0,"timestamp":1612948131,"path_taken":["M","$","M","?","?","R","E","R","T","T","R","?","E","M","M","R","BOSS","M"],"items_purchased_type":["Card"],"build_version":"2020-12-22","purchased_purges":0,"victory":false,"max_hp_per_floor":[75,75,75,75,75,75,75,75,75,75,75,75,75,75,75,75,75,75,75,75],"card_choices":[{"not_picked":["Entrench","Anger"],"picked":"Sword Boomerang","floor":1.0},{"not_picked":["Thunderclap","Heavy Blade"],"picked":"Burning Pact","floor":3.0},{"not_picked":["Sword Boomerang","Intimidate"],"picked":"Evolve","floor":7.0},{"not_picked":["Seeing Red","Metallicize"],"picked":"Whirlwind","floor":12.0},{"not_picked":["Rage","Armaments","Flex"],"picked":"SKIP","floor":13.0},{"not_picked":["Iron Wave","Shrug It Off"],"picked":"Wild Strike","floor":14.0},{"not_picked":["Body Slam","Flex","Heavy Blade"],"picked":"SKIP","floor":15.0},{"not_picked":["Offering","Barricade"],"picked":"Impervious","floor":17}],"player_experience":2431754,"relics_obtained":[{"floor":7.0,"key":"Anchor"},{"floor":10.0,"key":"Regal Pillow"},{"floor":13.0,"key":"Toy Ornithopter"}],"event_choices":[{"cards_removed":["Strike_R"],"damage_healed":0.0,"max_hp_gain":0.0,"max_hp_loss":0.0,"gold_gain":0.0,"event_name":"Golden Wing","player_choice":"Card Removal","floor":4.0,"gold_loss":0.0,"damage_taken":7.0},{"damage_healed":0.0,"max_hp_gain":0.0,"max_hp_loss":0.0,"gold_gain":0.0,"event_name":"The Woman in Blue","player_choice":"Bought 2 Potions","floor":5.0,"gold_loss":0.0,"damage_taken":0.0}],"is_beta":false,"boss_relics":[{"not_picked":["Dota2Spire:Bloodstone","SacredBark"],"picked":"Snecko Eye"}],"items_purged_floors":[],"is_endless":false,"potions_floor_spawned":[3,12,13,14],"killed_by":"3 Byrds","ascension_level":20}}