{"host":"e5u7qs1emxzejr12","time":1612959862,"event":{"mods":["100% Spire Juice","2.2 Compatiblity","Act Like it!","Arknights","Ascension Unlocker","BaseMod","CapriCore","Card Forge","Colored Powertips","Custom Start","GifTheSpireLib","Highlight Path","KomeijiMod","Marisa£®ÏF”Í°°ƒß¿Ì…≥£©","Minty Spire (QoL Compilation)","Monster B Gone","MostiFishMod","Quick Restart","Relic Filter Mod","Reliquary","Replay The Spire","StSLib","SuperFastMode","The Blackbeard","WarShipGirlsR/’ΩΩ¢…Ÿ≈ÆR mod","Youmu£®ªÍ∆«—˝√Œ£©","ÛÙª÷∏ƒœ"],"gold_per_floor":[202,477,516,516,516,610,714,631,631,729,810,901,992,1096,925,1162,1162,1217,1217,1217,1328,1364,808,889,990,1045,623,623,734,822,429,429,683,683,745,745,781,349,398,505,547,628,654,654,745,856,683,777,462,462,462,462,462,29,127,127],"floor_reached":57,"language":"ZHS","playtime":2405,"items_purged":[],"score":3763,"play_id":"b9122136-7497-4663-9088-02d415a86082","local_time":"20210210202422","daily_mods":["Heirloom","Flight","DeadlyEvents","Elite Swarm","Midas"],"is_ascension_mode":true,"campfire_choices":[{"floor":28.0,"key":"RECALL"},{"floor":32.0,"key":"DIG"}],"circlet_count":0,"master_deck":["Coercion+1","QueenOfMidnight+1","MillenniumVampire+1","BloodCoagulation+1","HeartBreak_Remiria+1","QueenOfMidnight+1","QueenOfMidnight+1","PartStrengthen+1","SeparateFleshBlood+1","TrickFate+1","AllTheWorldInNightmare+1","MiserableFate_Remiria+1","QueenOfMidnight+1","HeartBreak_Remiria+1"],"relics":["ThirstyCrossSpe","Hammer of Thor","Seething Fire","Anvil of the Gods","DaveBox","OriginationStaff","RhineCircuit","SynthV:TestCard","Pondfish Scales","Golden Idol","reliquary:RosewoodLute","Vajra","Ginger","PreservedInsect","Gremlin Horn","Shuriken","reliquary:Buckler","Ancient Tea Set","Sozu","MutagenicStrength","WarpedTongs","Onion Ring","ReplayTheSpireMod:Lightbulb","Dodecahedron","Lantern","Tiny Chest","reliquary:WeakTea","Centennial Puzzle","Snack Pack","ClockworkSouvenir","ImprovedEquipment","reliquary:SharkskinSheath","Ornamental Fan","Bag of Marbles","GuanYuAspect","reliquary:PrincelyHelmet","reliquary:RoseTintedGlasses","HoshigumaDish","Nunchaku","Replay:PocketPolymizer","Smiling Mask","Art of War","Orichalcum","Frozen Eye","Ice Cream","Turnip","Mummified Hand","TheAbacus","Blue Doll"],"acts_visited":["Exordium","TheCity","TheBeyond","TheEnding"],"potions_floor_usage":[],"damage_taken":[{"damage":0.0,"enemies":"Cultist","floor":1.0,"turns":2.0},{"damage":0.0,"enemies":"2 Louse","floor":3.0,"turns":2.0},{"damage":6.0,"enemies":"3 Sentries","floor":6.0,"turns":7.0},{"damage":8.0,"enemies":"Replay:BlueRogue","floor":7.0,"turns":4.0},{"damage":16.0,"enemies":"3 Sentries","floor":10.0,"turns":6.0},{"damage":0.0,"enemies":"Gremlin Nob","floor":11.0,"turns":2.0},{"damage":8.0,"enemies":"3 Sentries","floor":12.0,"turns":6.0},{"damage":2.0,"enemies":"Lagavulin","floor":13.0,"turns":4.0},{"damage":0.0,"enemies":"Gremlin Nob","floor":14.0,"turns":2.0},{"damage":3.0,"enemies":"Hexaghost","floor":16.0,"turns":6.0},{"damage":0.0,"enemies":"Chosen","floor":18.0,"turns":3.0},{"damage":0.0,"enemies":"Slavers","floor":21.0,"turns":2.0},{"damage":0.0,"enemies":"Shell Parasite","floor":22.0,"turns":2.0},{"damage":0.0,"enemies":"Book of Stabbing","floor":24.0,"turns":2.0},{"damage":5.0,"enemies":"Replay:Snechameleon","floor":25.0,"turns":2.0},{"damage":0.0,"enemies":"Book of Stabbing","floor":29.0,"turns":1.0},{"damage":0.0,"enemies":"Replay:Snechameleon","floor":30.0,"turns":2.0},{"damage":1.0,"enemies":"Automaton","floor":33.0,"turns":3.0},{"damage":0.0,"enemies":"3 Shapes","floor":35.0,"turns":2.0},{"damage":3.0,"enemies":"3 Shapes","floor":36.0,"turns":5.0},{"damage":3.0,"enemies":"3 Darklings","floor":37.0,"turns":4.0},{"damage":0.0,"enemies":"R_Hoarder","floor":40.0,"turns":2.0},{"damage":0.0,"enemies":"Jaw Worm Horde","floor":41.0,"turns":2.0},{"damage":6.0,"enemies":"Nemesis","floor":42.0,"turns":4.0},{"damage":0.0,"enemies":"Reptomancer","floor":45.0,"turns":3.0},{"damage":1.0,"enemies":"Nemesis","floor":46.0,"turns":3.0},{"damage":0.0,"enemies":"R_Hoarder","floor":48.0,"turns":3.0},{"damage":1,"enemies":"Replay:Hell Engine","floor":50,"turns":3},{"damage":2,"enemies":"Awakened One","floor":51,"turns":4},{"damage":0,"enemies":"Shield and Spear","floor":55,"turns":3},{"damage":0,"enemies":"The Heart","floor":56,"turns":3}],"seed_played":"4055158397876929396","potions_obtained":[{"floor":3.0,"key":"DistilledChaos"},{"floor":7.0,"key":"AttackPotion"}],"is_trial":true,"path_per_floor":["M","?","M","?","?","E","E","R","T","E","E","E","E","E","R","B",null,"M","?","?","E","M","R","E","E","T","$","R","E","E","$","R","B",null,"M","?","M","$","T","E","M","E","T","T","E","E","$","E","R","B","B",null,"R","$","E","B",null],"character_chosen":"RemiriaScarlet","items_purchased":["FateEnsemble","Ancient Tea Set","ReplayTheSpireMod:Lightbulb","Dodecahedron","Lantern","Snack Pack","ClockworkSouvenir","Ornamental Fan","PartStrengthen","SeparateFleshBlood","reliquary:PrincelyHelmet","reliquary:RoseTintedGlasses","Frozen Eye","Turnip","Mummified Hand","TheAbacus"],"campfire_rested":0,"item_purchase_floors":[8,15,23,23,23,27,27,31,31,31,38,38,47,49,54,54],"current_hp_per_floor":[90,90,90,64,64,58,50,50,50,34,34,30,32,36,36,41,78,86,86,86,86,90,90,90,90,90,90,90,90,90,90,90,90,45,45,45,45,45,45,45,45,45,45,45,45,45,45,45,45,45,45,45,45,45,45,45],"gold":127,"neow_bonus":"","is_daily":false,"chose_seed":false,"campfire_upgraded":0,"win_rate":0.0,"timestamp":1612959862,"path_taken":["M","?","?","?","?","E","E","R","T","E","E","E","E","E","R","BOSS","M","?","?","?","?","R","E","E","T","$","R","E","E","$","R","BOSS","M","?","?","$","?","E","M","E","T","?","?","E","$","E","R","BOSS","BOSS","R","$","E","BOSS"],"items_purchased_type":["Card","Relic","Relic","Relic","Relic","Relic","Relic","Relic","Card","Card","Relic","Relic","Relic","Relic","Relic","Relic"],"build_version":"2020-12-22","purchased_purges":0,"victory":true,"max_hp_per_floor":[100,100,100,100,90,90,90,90,90,90,90,90,90,90,90,90,90,90,90,90,90,90,90,90,90,90,90,90,90,90,90,90,90,45,45,45,45,45,45,45,45,45,45,45,45,45,45,45,45,45,45,45,45,45,45,45],"card_choices":[{"not_picked":["ServantFlier","FateEnsemble"],"picked":"StigmaNizer","floor":1.0},{"not_picked":["VampireKiss_Remiria","BloodCollect","FierceSweep","ChainGang"],"picked":"FateMeister","floor":3.0},{"not_picked":["BadLadyScramble","Septette","RedMagic","RedtheNightlessCastle"],"picked":"Coercion","floor":6.0},{"not_picked":["AllTheWorldInNightmare","MiserableFate_Remiria","RemiliaStalker","RedMagic"],"picked":"RedtheNightlessCastle","floor":7.0},{"not_picked":["RedtheNightlessCastle","MillenniumVampire","RedMagic","BadLadyScramble"],"picked":"QueenOfMidnight","floor":10.0},{"not_picked":["StarOfDavid","FitfulNightmare","BadLadyScramble","RemiliaStretch_Remiria"],"picked":"MillenniumVampire","floor":11.0},{"not_picked":["RedMagic","FitfulNightmare","ScarletDestiny","BadLadyScramble"],"picked":"BloodCoagulation","floor":12.0},{"not_picked":["Reaper_Remiria","MiserableFate_Remiria","BloodCoagulation","BadLadyScramble"],"picked":"HeartBreak_Remiria","floor":13.0},{"not_picked":["Septette","BadLadyScramble","RedtheNightlessCastle","MillenniumVampire"],"picked":"QueenOfMidnight","floor":14.0},{"not_picked":["BloodCoagulation","MiserableFate_Remiria","FitfulNightmare","AllTheWorldInNightmare"],"picked":"FateConcerto","floor":16.0},{"not_picked":["FierceSweep","DemonsDinnerFork_Remiria","CombatMeter","BodyStrengthen","Paradox+1"],"picked":"SKIP","floor":18.0},{"not_picked":["FateConcerto","Coercion","Septette","FitfulNightmare"],"picked":"FateSonata","floor":21.0},{"not_picked":["FierceSweep","BloodCollect","SealingFear","Feint+1","RocketKickup"],"picked":"SKIP","floor":22.0},{"not_picked":["RedMagic","MiserableFate_Remiria","BloodCoagulation","FateConcerto"],"picked":"BadLadyScramble","floor":24.0},{"not_picked":["FitfulNightmare","RemiliaStretch_Remiria","FateConcerto","MillenniumVampire"],"picked":"QueenOfMidnight","floor":25.0},{"not_picked":["MillenniumVampire","RemiliaStalker","HeartBreak_Remiria","MiserableFate_Remiria"],"picked":"StarOfDavid","floor":29.0},{"not_picked":["Reaper_Remiria","BombardNight","AllTheWorldInNightmare","Coercion","Septette"],"picked":"SKIP","floor":30.0},{"not_picked":["Reaper_Remiria","BombardNight","RemiliaStalker","BadLadyScramble"],"picked":"FateSonata","floor":33.0},{"not_picked":["RocketKickup+1","DoubleEdge","DemonLordWalk","Rewrite","BloodySuit"],"picked":"SKIP","floor":35.0},{"not_picked":["RocketKickup+1","BloodPact","TricksterDevil","StigmaNizer"],"picked":"TrickFate","floor":36.0},{"not_picked":["BloodSurge","FateEnsemble","CurseofVladTepes","BloodySuit","BloodCleaner"],"picked":"SKIP","floor":37.0},{"not_picked":["BombardNight","BadLadyScramble","Septette","BloodCoagulation"],"picked":"AllTheWorldInNightmare","floor":40.0},{"not_picked":["BloodCollect","BathedInBlood","BloodCleaner","BloodSurge","Tepes"],"picked":"SKIP","floor":41.0},{"not_picked":["RedtheNightlessCastle","FitfulNightmare","HeartBreak_Remiria","StarOfDavid"],"picked":"MiserableFate_Remiria","floor":42.0},{"not_picked":["ScarletDestiny","BadLadyScramble","RemiliaStalker","RemiliaStretch_Remiria","FitfulNightmare"],"picked":"SKIP","floor":45.0},{"not_picked":["BloodCoagulation","AllTheWorldInNightmare","FitfulNightmare","RedtheNightlessCastle"],"picked":"QueenOfMidnight","floor":46.0},{"not_picked":["FitfulNightmare","StarOfDavid","FateSonata","QueenOfMidnight"],"picked":"HeartBreak_Remiria","floor":48.0},{"not_picked":["BombardNight","RedMagic","Reaper_Remiria","StarOfDavid","RemiliaStretch_Remiria"],"picked":"SKIP","floor":55}],"player_experience":102923,"relics_obtained":[{"floor":1.0,"key":"SynthV:TestCard"},{"floor":6.0,"key":"reliquary:RosewoodLute"},{"floor":7.0,"key":"Vajra"},{"floor":10.0,"key":"Ginger"},{"floor":11.0,"key":"PreservedInsect"},{"floor":12.0,"key":"Gremlin Horn"},{"floor":13.0,"key":"Shuriken"},{"floor":14.0,"key":"reliquary:Buckler"},{"floor":21.0,"key":"Onion Ring"},{"floor":24.0,"key":"Tiny Chest"},{"floor":25.0,"key":"reliquary:WeakTea"},{"floor":26.0,"key":"Centennial Puzzle"},{"floor":29.0,"key":"ImprovedEquipment"},{"floor":30.0,"key":"reliquary:SharkskinSheath"},{"floor":32.0,"key":"Bag of Marbles"},{"floor":39.0,"key":"HoshigumaDish"},{"floor":40.0,"key":"Nunchaku"},{"floor":42.0,"key":"Replay:PocketPolymizer"},{"floor":43.0,"key":"Smiling Mask"},{"floor":44.0,"key":"Art of War"},{"floor":45.0,"key":"Orichalcum"},{"floor":48.0,"key":"Ice Cream"},{"floor":55,"key":"Blue Doll"}],"event_choices":[{"damage_healed":0.0,"max_hp_gain":0.0,"max_hp_loss":0.0,"gold_gain":275.0,"event_name":"Golden Shrine","player_choice":"Desecrate","floor":2.0,"gold_loss":0.0,"damage_taken":0.0,"cards_obtained":["Regret"]},{"damage_healed":0.0,"max_hp_gain":0.0,"max_hp_loss":0.0,"gold_gain":0.0,"event_name":"Scrap Ooze","player_choice":"Success","floor":4.0,"gold_loss":0.0,"damage_taken":26.0,"relics_obtained":["Pondfish Scales"]},{"damage_healed":0.0,"max_hp_gain":0.0,"max_hp_loss":10.0,"gold_gain":0.0,"event_name":"Golden Idol","player_choice":"Lose Max HP","floor":5.0,"gold_loss":0.0,"damage_taken":0.0,"relics_obtained":["Golden Idol"]},{"damage_healed":0.0,"max_hp_gain":0.0,"max_hp_loss":0.0,"gold_gain":0.0,"event_name":"Drug Dealer","player_choice":"Inject Mutagens","floor":19.0,"gold_loss":0.0,"damage_taken":0.0,"relics_obtained":["MutagenicStrength"]},{"damage_healed":0.0,"max_hp_gain":0.0,"max_hp_loss":0.0,"gold_gain":0.0,"event_name":"Accursed Blacksmith","player_choice":"Rummage","floor":20.0,"gold_loss":0.0,"damage_taken":0.0,"relics_obtained":["WarpedTongs"],"cards_obtained":["Pain"]}],"is_beta":false,"boss_relics":[{"not_picked":["Replay:Bronze Core","reliquary:Craggleroot"],"picked":"Sozu"},{"not_picked":["Ring of Chaos","Calling Bell"],"picked":"GuanYuAspect"}],"items_purged_floors":[],"is_endless":false,"potions_floor_spawned":[3,7,11,12,16,22,33,37,45,48],"ascension_level":20}}