{"host":"m0bekkrd201b63ug","time":1612986449,"event":{"mods":["AchievementEnabler","BaseMod","Colored Powertips","Minty Spire (QoL Compilation)","Rare Cards Sparkle","StSLib","SuperFastMode","everything is the same but u backflip on backflip","slay the spire mod where everything is the same but ironclad has a cowboy hat"],"gold_per_floor":[109,124,135,135,147,147,180,180,180,180,200,235,254,140,140,140,140],"floor_reached":16,"language":"ENG","playtime":511,"items_purged":["Strike_G"],"score":202,"play_id":"d6cc9520-52b2-4ab0-8e47-fed181e2645a","local_time":"20210210174729","is_ascension_mode":true,"campfire_choices":[{"data":"Dagger Spray","floor":6,"key":"SMITH"},{"floor":8,"key":"REST"},{"floor":15,"key":"REST"}],"circlet_count":0,"master_deck":["AscendersBane","Strike_G","Strike_G","Strike_G","Strike_G","Defend_G","Defend_G","Defend_G","Defend_G+1","Defend_G","Survivor","Neutralize","Dagger Spray+1","Quick Slash+1","PiercingWail+1","Dodge and Roll","Leg Sweep","Crippling Poison"],"relics":["Black Star","Letter Opener","StoneCalendar","FossilizedHelix","The Specimen","War Paint"],"acts_visited":["Exordium"],"potions_floor_usage":[7,12,12],"damage_taken":[{"damage":0,"enemies":"2 Louse","floor":1,"turns":4},{"damage":0,"enemies":"Small Slimes","floor":2,"turns":2},{"damage":1,"enemies":"Cultist","floor":3,"turns":4},{"damage":21,"enemies":"Exordium Thugs","floor":5,"turns":6},{"damage":49,"enemies":"Gremlin Nob","floor":7,"turns":6},{"damage":0,"enemies":"Red Slaver","floor":11,"turns":3},{"damage":6,"enemies":"Lagavulin","floor":12,"turns":6},{"damage":0,"enemies":"Looter","floor":13,"turns":3},{"damage":39,"enemies":"Hexaghost","floor":16,"turns":11}],"seed_played":"-5235480627884886427","potions_obtained":[{"floor":2,"key":"Regen Potion"},{"floor":7,"key":"CunningPotion"},{"floor":11,"key":"SkillPotion"}],"is_trial":false,"path_per_floor":["M","M","M","?","M","R","E","R","T","?","M","E","M","$","R","B"],"character_chosen":"THE_SILENT","items_purchased":["Crippling Poison"],"campfire_rested":2,"item_purchase_floors":[14],"current_hp_per_floor":[59,59,58,58,37,37,3,22,22,22,22,16,16,16,35,0,0],"gold":140,"neow_bonus":"BOSS_RELIC","is_daily":false,"chose_seed":false,"campfire_upgraded":1,"win_rate":0.0,"timestamp":1612986449,"path_taken":["M","M","M","?","M","R","E","R","T","?","M","E","M","$","R","BOSS"],"items_purchased_type":["Card"],"build_version":"2020-12-22","purchased_purges":1,"victory":false,"max_hp_per_floor":[66,66,66,66,66,66,66,66,66,66,66,66,66,66,66,66,66],"card_choices":[{"not_picked":["Dodge and Roll","Backflip"],"picked":"Dagger Spray","floor":1},{"not_picked":["Deflect","Choke"],"picked":"Quick Slash","floor":2},{"not_picked":["Quick Slash","Masterful Stab","Grand Finale"],"picked":"SKIP","floor":3},{"not_picked":["Quick Slash","Masterful Stab","Grand Finale"],"picked":"SKIP","floor":3},{"not_picked":["Dodge and Roll","Slice"],"picked":"PiercingWail","floor":5},{"not_picked":["Deflect","Prepared","Heel Hook"],"picked":"SKIP","floor":7},{"not_picked":["Flying Knee","Deflect"],"picked":"Dodge and Roll","floor":11},{"not_picked":["PiercingWail","Expertise"],"picked":"Leg Sweep","floor":12},{"not_picked":["Acrobatics","Prepared","Blade Dance"],"picked":"SKIP","floor":13}],"player_experience":233051,"relics_obtained":[{"floor":7,"key":"Letter Opener"},{"floor":7,"key":"StoneCalendar"},{"floor":9,"key":"FossilizedHelix"},{"floor":12,"key":"The Specimen"},{"floor":12,"key":"War Paint"}],"event_choices":[{"damage_healed":0,"gold_gain":0,"player_choice":"Ignored","damage_taken":0,"max_hp_gain":0,"max_hp_loss":0,"event_name":"Liars Game","floor":4,"gold_loss":0},{"damage_healed":0,"gold_gain":0,"player_choice":"Upgraded","damage_taken":0,"max_hp_gain":0,"max_hp_loss":0,"event_name":"Upgrade Shrine","floor":10,"gold_loss":0,"cards_upgraded":["Quick Slash"]}],"is_beta":false,"boss_relics":[],"items_purged_floors":[14],"is_endless":false,"potions_floor_spawned":[2,7,11],"killed_by":"Hexaghost","ascension_level":16}}