{"host":"x5w9zppki4gdwvc7","time":1612921899,"event":{"mods":["AchievementEnabler","BaseMod","Colored Powertips","DeckTracker","Minty Spire (QoL Compilation)","SuperFastMode"],"gold_per_floor":[119,134,154,172,189,218,218,244,244,273,273,273,285,125,125,228,228,245,245,15,15,27,59,59,59,59],"floor_reached":25,"language":"ENG","playtime":1795,"items_purged":["Strike_R"],"score":325,"play_id":"b1ff8b0e-bc2b-4b33-a907-aaea4efb4f0c","local_time":"20210210025139","is_ascension_mode":true,"campfire_choices":[{"data":"Uppercut","floor":7.0,"key":"SMITH"},{"floor":11.0,"key":"REST"},{"data":"Enlightenment","floor":15.0,"key":"SMITH"},{"floor":24.0,"key":"REST"}],"circlet_count":0,"master_deck":["Strike_R","Strike_R+1","Strike_R","Strike_R+1","Defend_R","Defend_R","Defend_R","Defend_R","Bash","Immolate","Dual Wield","Anger","Uppercut+1","Flame Barrier","Burning Pact","Enlightenment+1","Dark Embrace+1"],"relics":["Burning Blood","Bronze Scales","Orichalcum","Pocketwatch","Singing Bowl","Black Star","Nilry\u0027s Codex","Membership Card","Bag of Preparation","Ginger","Potion Belt"],"acts_visited":["Exordium","TheCity"],"potions_floor_usage":[25],"damage_taken":[{"damage":6.0,"enemies":"2 Louse","floor":1.0,"turns":3.0},{"damage":9.0,"enemies":"Jaw Worm","floor":2.0,"turns":5.0},{"damage":3.0,"enemies":"Small Slimes","floor":3.0,"turns":3.0},{"damage":9.0,"enemies":"Looter","floor":4.0,"turns":3.0},{"damage":20.0,"enemies":"Exordium Thugs","floor":5.0,"turns":4.0},{"damage":34.0,"enemies":"Gremlin Nob","floor":6.0,"turns":5.0},{"damage":6.0,"enemies":"Lagavulin","floor":8.0,"turns":6.0},{"damage":15.0,"enemies":"3 Sentries","floor":10.0,"turns":4.0},{"damage":19.0,"enemies":"Exordium Wildlife","floor":13.0,"turns":2.0},{"damage":14.0,"enemies":"Slime Boss","floor":16.0,"turns":7.0},{"damage":11.0,"enemies":"2 Thieves","floor":18.0,"turns":3.0},{"damage":9.0,"enemies":"Chosen","floor":22.0,"turns":4.0},{"damage":32.0,"enemies":"Book of Stabbing","floor":23.0,"turns":7.0},{"damage":39,"enemies":"Slavers","floor":25,"turns":3}],"seed_played":"8763880321598405151","potions_obtained":[{"floor":3.0,"key":"BlessingOfTheForge"},{"floor":4.0,"key":"ColorlessPotion"},{"floor":5.0,"key":"DuplicationPotion"},{"floor":10.0,"key":"FearPotion"},{"floor":18.0,"key":"ColorlessPotion"},{"floor":23.0,"key":"BlessingOfTheForge"}],"is_trial":false,"path_per_floor":["M","M","M","M","M","E","R","E","T","E","R","?","M","$","R","B",null,"M","?","$","?","M","E","R","E"],"character_chosen":"IRONCLAD","items_purchased":["Enlightenment","Membership Card","Bag of Preparation"],"campfire_rested":2,"item_purchase_floors":[14,20,20],"current_hp_per_floor":[72,69,72,69,55,27,27,27,27,20,42,27,16,16,16,10,61,56,40,40,40,39,15,39,0,0],"gold":59,"neow_bonus":"THREE_RARE_CARDS","is_daily":false,"chose_seed":false,"campfire_upgraded":2,"win_rate":0.0,"timestamp":1612921899,"path_taken":["M","M","M","M","M","E","R","E","T","E","R","?","M","$","R","BOSS","M","?","$","?","M","E","R","E"],"items_purchased_type":["Card","Relic","Relic"],"build_version":"2020-12-22","purchased_purges":1,"victory":false,"max_hp_per_floor":[72,72,72,72,72,72,72,72,72,74,74,74,76,76,76,78,78,78,78,78,78,80,82,82,82,82],"card_choices":[{"not_picked":["Impervious","Demon Form"],"picked":"Immolate","floor":0.0},{"not_picked":["Headbutt","Second Wind"],"picked":"Dual Wield","floor":1.0},{"not_picked":["Searing Blow","Warcry"],"picked":"Anger","floor":2.0},{"not_picked":["Thunderclap","True Grit"],"picked":"Uppercut","floor":3.0},{"not_picked":["Carnage","Cleave"],"picked":"Flame Barrier","floor":4.0},{"not_picked":["Perfected Strike","Blood for Blood","Warcry"],"picked":"SKIP","floor":5.0},{"not_picked":["Clothesline","Bludgeon","Pommel Strike"],"picked":"SKIP","floor":6.0},{"not_picked":["Warcry","Second Wind"],"picked":"Burning Pact","floor":8.0},{"not_picked":["Twin Strike","Sever Soul","Pommel Strike"],"picked":"Singing Bowl","floor":10.0},{"not_picked":["Anger","Blood for Blood","Pommel Strike"],"picked":"Singing Bowl","floor":13.0},{"not_picked":["Immolate","Limit Break","Corruption"],"picked":"Singing Bowl","floor":16.0},{"not_picked":["Body Slam","Sword Boomerang+1"],"picked":"Dark Embrace+1","floor":18.0},{"not_picked":["Perfected Strike+1","Infernal Blade","Twin Strike+1"],"picked":"Singing Bowl","floor":22.0},{"not_picked":["Carnage+1","Armaments","Perfected Strike"],"picked":"Singing Bowl","floor":23.0}],"player_experience":590380,"relics_obtained":[{"floor":6.0,"key":"Bronze Scales"},{"floor":8.0,"key":"Orichalcum"},{"floor":9.0,"key":"Pocketwatch"},{"floor":10.0,"key":"Singing Bowl"},{"floor":19.0,"key":"Nilry\u0027s Codex"},{"floor":23.0,"key":"Ginger"},{"floor":23.0,"key":"Potion Belt"}],"event_choices":[{"damage_healed":0.0,"max_hp_gain":0.0,"max_hp_loss":0.0,"gold_gain":0.0,"event_name":"Shining Light","player_choice":"Entered Light","floor":12.0,"gold_loss":0.0,"damage_taken":15.0,"cards_upgraded":["Strike_R","Strike_R"]},{"damage_healed":0.0,"max_hp_gain":0.0,"max_hp_loss":0.0,"gold_gain":0.0,"event_name":"Cursed Tome","player_choice":"Obtained Book","floor":19.0,"gold_loss":0.0,"damage_taken":16.0},{"damage_healed":0.0,"max_hp_gain":0.0,"max_hp_loss":0.0,"gold_gain":0.0,"event_name":"Ghosts","player_choice":"Ignored","floor":21.0,"gold_loss":0.0,"damage_taken":0.0}],"is_beta":false,"boss_relics":[{"not_picked":["Snecko Eye","Fusion Hammer"],"picked":"Black Star"}],"items_purged_floors":[14],"is_endless":false,"potions_floor_spawned":[3,4,5,10,18,23],"killed_by":"Slavers","ascension_level":7}}