{"host":"k1qq3tnzhl68zvao","time":1612967670,"event":{"mods":["ATMod(阿瑾Mod)","AchievementEnabler","BaseMod","Colored Powertips","Conspire","DeckTracker","Downfall","Energized Spire","GifTheSpireLib","Minty Spire (QoL Compilation)","Quick Restart","Relic Filter Mod","Replay The Spire","Spicy Shops","StSLib","【遗物卡牌】REMEMod"],"gold_per_floor":[114,114,114,129,0,34,34,94,121,242,256,382,401,432,432,536,536,550,550,570,635,685,685,719,719,744,794,813,155,166,216,216,317,317,328,378,480,108,158,183,183,198,269,269,279,312,66,77,77,77],"floor_reached":51,"language":"ZHS","playtime":5006,"items_purged":["Strike_B","Strike_B","Strike_B"],"score":993,"play_id":"174654ae-5d29-44b3-aed7-e68b6c73d93b","local_time":"20210210223430","is_ascension_mode":true,"campfire_choices":[{"data":"AT_RightCognition","floor":7.0,"key":"SMITH"},{"data":"Crystallizer","floor":15,"key":"SMITH"},{"data":"AT_RightCognition","floor":23,"key":"SMITH"},{"data":"Storm","floor":25,"key":"SMITH"},{"data":"Loop","floor":32,"key":"SMITH"},{"data":"Glacier","floor":41,"key":"SMITH"},{"data":"Reboot","floor":44,"key":"SMITH"},{"data":"Defragment","floor":49,"key":"SMITH"}],"circlet_count":0,"master_deck":["Defend_B","Defend_B","Zap","Dualcast","AT_RightCognition+1","hexamod:TimeOfNeed+1","Coolheaded+1","Blizzard","Cold Snap","Doom and Gloom","Crystallizer+1","Defragment+1","Storm+1","Loop+1","Glacier+1","Reboot+1","Turbo","Biased Cognition+1","BootSequence+1","FIFO Queue+1","REME_FirmDetermination+1","Impatience","Panic Button","Chill+1","AT_EMC2+1","Discovery+1","AT_ThunderBolt+1"],"relics":["Cracked Core","AT_ATBox","REME_ComplimentaryCards","SsserpentHead","Bag of Preparation","ReplayFunnel","AT_BladeRuinedKing","Replay:Accelerometer","War Paint","Replay:Bronze Core","AT_Manta","Strawberry","AT_GreenNoBalance","TheAbacus","Orrery","Frozen Egg 2","Inserter","Mango","Omamori","ReplayTheSpireMod:CursedCoin","REME_HandOfSuture","Replay:Rubber Ducky","Golden Egg"],"acts_visited":["Exordium","TheCity","TheBeyond"],"potions_floor_usage":[13,21,24,28],"damage_taken":[{"damage":0.0,"enemies":"Cultist","floor":1.0,"turns":4.0},{"damage":1.0,"enemies":"Small Slimes","floor":4.0,"turns":5.0},{"damage":4.0,"enemies":"Lagavulin","floor":6.0,"turns":6.0},{"damage":7.0,"enemies":"Jaw Worm","floor":8.0,"turns":6.0},{"damage":8.0,"enemies":"Blue Slaver","floor":11.0,"turns":4.0},{"damage":2,"enemies":"2 Fungi Beasts","floor":13,"turns":2},{"damage":16,"enemies":"3 Sentries","floor":14,"turns":6},{"damage":8,"enemies":"Hexaghost","floor":16,"turns":7},{"damage":15,"enemies":"Spheric Guardian","floor":18,"turns":5},{"damage":12,"enemies":"Chosen","floor":20,"turns":5},{"damage":14,"enemies":"Centurion and Healer","floor":21,"turns":6},{"damage":14,"enemies":"Gremlin Leader","floor":24,"turns":7},{"damage":9,"enemies":"Chosen and Byrds","floor":28,"turns":3},{"damage":8,"enemies":"Shelled Parasite and Fungi","floor":30,"turns":5},{"damage":7,"enemies":"Automaton","floor":33,"turns":8},{"damage":24,"enemies":"3 Darklings","floor":35,"turns":6},{"damage":22,"enemies":"2 Orb Walkers","floor":37,"turns":5},{"damage":0,"enemies":"R_Hoarder","floor":40,"turns":4},{"damage":0,"enemies":"Orb Walker","floor":42,"turns":2},{"damage":0,"enemies":"Sphere and 2 Shapes","floor":45,"turns":3},{"damage":0,"enemies":"Reptomancer","floor":46,"turns":7},{"damage":0,"enemies":"4 Shapes","floor":48,"turns":4},{"damage":4,"enemies":"Time Eater","floor":50,"turns":5}],"seed_played":"-4009410362267114574","potions_obtained":[{"floor":1.0,"key":"Milkshake"},{"floor":4.0,"key":"Fire Potion"},{"floor":10.0,"key":"FearPotion"},{"floor":10.0,"key":"FairyPotion"},{"floor":14,"key":"EssenceOfDarkness"},{"floor":16,"key":"Flashbang"},{"floor":20,"key":"Block Potion"},{"floor":24,"key":"LiquidBronze"},{"floor":35,"key":"BlessingOfTheForge"},{"floor":42,"key":"EntropicBrew"}],"is_trial":false,"path_per_floor":["M","?","?","M","$","E","R","M","T","?","M","T","M","E","R","B",null,"M","?","M","M","?","R","E","R","T","?","M","$","M","?","R","B",null,"M","?","?","$","?","E","R","M","T","R","M","E","$","M","R","B",null],"character_chosen":"DEFECT","items_purchased":["Cold Snap","AT_SilverBalance","TheAbacus","Orrery","Omamori","ReplayTheSpireMod:CursedCoin","REME_HandOfSuture","Block Potion","FIFO Queue+1","Discovery"],"campfire_rested":0,"item_purchase_floors":[5,29,29,29,38,38,38,38,38,47],"current_hp_per_floor":[54,54,54,53,53,49,49,42,42,12,4,4,2,16,16,8,75,60,60,48,34,34,34,20,20,27,11,2,2,35,35,35,36,87,19,19,35,35,25,50,50,50,50,50,50,50,50,50,50,46],"gold":77,"neow_bonus":"REMOVE_TWO","is_daily":false,"chose_seed":false,"campfire_upgraded":8,"win_rate":0.0,"timestamp":1612967670,"path_taken":["M","?","?","M","$","E","R","?","T","?","M","?","M","E","R","BOSS","M","?","M","?","?","R","E","R","T","?","M","$","M","?","R","BOSS","M","?","?","$","?","E","R","M","T","R","M","E","$","M","R","BOSS"],"items_purchased_type":["Card","Relic","Relic","Relic","Relic","Relic","Relic","Potion","Card","Card"],"build_version":"2020-12-22","purchased_purges":3,"victory":true,"max_hp_per_floor":[75,75,75,75,75,75,75,75,75,75,75,75,75,75,75,75,75,75,75,75,75,75,75,75,75,82,87,87,87,87,87,87,87,87,87,87,101,101,101,101,101,101,101,101,101,101,101,101,101,101],"card_choices":[{"not_picked":["Panic Button","Turbo"],"picked":"Coolheaded","floor":1.0},{"not_picked":["AT_WarpDrive","Undo"],"picked":"Blizzard","floor":4.0},{"not_picked":["Barrage","Conserve Battery","Fusion"],"picked":"SKIP","floor":6.0},{"not_picked":["Consume","ReplayTheSpireMod:Repulse"],"picked":"Doom and Gloom","floor":8.0},{"not_picked":["Ball Lightning","Tempest"],"picked":"Crystallizer","floor":10.0},{"not_picked":["Ball Lightning","Beam Cell"],"picked":"Defragment","floor":11.0},{"not_picked":["Rebound","Tempest","Go for the Eyes"],"picked":"SKIP","floor":13},{"not_picked":["Tempest","REME_SelfUpgrade"],"picked":"Storm","floor":14},{"not_picked":["ReplayTheSpireMod:Omega Cannon","Mirror Shield"],"picked":"AT_RightCognition","floor":16},{"not_picked":["Steam Power","Steam+1","Redo"],"picked":"SKIP","floor":18},{"not_picked":["Compile Driver","BasicCrystalCard","Steam+1"],"picked":"SKIP","floor":20},{"not_picked":["Sweeping Beam","Doom and Gloom+1","Hello World"],"picked":"SKIP","floor":21},{"not_picked":["Steam","ReplaySort"],"picked":"Loop","floor":24},{"not_picked":["Beam Cell+1","Coolheaded"],"picked":"Glacier","floor":28},{"not_picked":["Streamline","Steam"],"picked":"Reboot","floor":29},{"not_picked":["BasicCrystalCard","Hologram"],"picked":"Turbo","floor":30},{"not_picked":["Rainbow","AT_RightCognition+1"],"picked":"Biased Cognition+1","floor":33},{"not_picked":["ReplayTheSpireMod:System Scan","Leap+1"],"picked":"BootSequence+1","floor":35},{"not_picked":["AT_PowerWithin+1","Replay:Sssssssssstrike"],"picked":"REME_FirmDetermination+1","floor":39},{"not_picked":["REME_MagicPocketWatch","Bandage Up"],"picked":"Impatience","floor":39},{"not_picked":["Turbo","ReplayTheSpireMod:System Scan"],"picked":"Panic Button","floor":40},{"not_picked":["Genetic Algorithm","Steam+1"],"picked":"Chill+1","floor":42},{"not_picked":["Hologram","Stack"],"picked":"AT_EMC2+1","floor":45},{"not_picked":["Compile Driver+1","Beam Cell+1","Hyperbeam"],"picked":"SKIP","floor":46},{"not_picked":["Redo","Reprogram"],"picked":"AT_ThunderBolt+1","floor":48}],"player_experience":549263,"relics_obtained":[{"floor":6.0,"key":"Bag of Preparation"},{"floor":9.0,"key":"ReplayFunnel"},{"floor":10.0,"key":"AT_BladeRuinedKing"},{"floor":12.0,"key":"Replay:Accelerometer"},{"floor":14,"key":"War Paint"},{"floor":24,"key":"AT_Manta"},{"floor":26,"key":"Strawberry"},{"floor":37,"key":"Mango"},{"floor":40,"key":"Replay:Rubber Ducky"},{"floor":46,"key":"Golden Egg"}],"event_choices":[{"damage_healed":0.0,"max_hp_gain":0.0,"max_hp_loss":0.0,"gold_gain":0.0,"event_name":"FaceTrader","player_choice":"Trade","floor":3.0,"gold_loss":0.0,"damage_taken":0.0,"relics_obtained":["SsserpentHead"]},{"damage_healed":0,"gold_gain":0,"player_choice":"Bet on Murderer","damage_taken":0,"max_hp_gain":0,"max_hp_loss":0,"event_name":"The Joust","floor":19,"gold_loss":50},{"damage_healed":0,"gold_gain":0,"player_choice":"Leave","damage_taken":0,"max_hp_gain":0,"max_hp_loss":0,"event_name":"conspire:Investor","floor":22,"gold_loss":0},{"damage_healed":0,"gold_gain":0,"player_choice":"Shed Blood","damage_taken":21,"max_hp_gain":5,"max_hp_loss":0,"event_name":"Forgotten Altar","floor":27,"gold_loss":0},{"cards_removed":["AT_RightCognition"],"damage_healed":0,"gold_gain":0,"player_choice":"Removed Power","damage_taken":0,"max_hp_gain":0,"max_hp_loss":0,"event_name":"Falling","floor":36,"gold_loss":0},{"damage_healed":0,"gold_gain":0,"player_choice":"Fight","damage_taken":0,"max_hp_gain":0,"max_hp_loss":0,"event_name":"Mysterious Sphere","floor":37,"gold_loss":0},{"damage_healed":0,"gold_gain":0,"player_choice":"Memory 3","damage_taken":10,"max_hp_gain":0,"max_hp_loss":0,"event_name":"SensoryStone","floor":39,"gold_loss":0}],"is_beta":false,"boss_relics":[{"not_picked":["energizedSpire:DeadBattery","Nuclear Battery"],"picked":"Replay:Bronze Core"},{"not_picked":["REME_DuelDisc","conspire:SpecialSausage"],"picked":"Inserter"}],"items_purged_floors":[5,29,38],"is_endless":false,"potions_floor_spawned":[1,4,14,16,18,20,24,35,42,48],"ascension_level":3}}