{"host":"epc8efk9vrywpcsw","time":1612978267,"event":{"mods":["BaseMod","Minty Spire (QoL Compilation)","Relic Stats","StSLib"],"gold_per_floor":[114,114,89,59,77,105,105,124,204,204,204],"floor_reached":10,"language":"ENG","playtime":333,"items_purged":[],"score":168,"play_id":"d1291271-85f9-427d-b208-1bac1a6f0e5e","local_time":"20210210183107","is_ascension_mode":true,"campfire_choices":[{"data":"Chaos","floor":7,"key":"SMITH"}],"circlet_count":0,"master_deck":["AscendersBane","Strike_B","Strike_B","Strike_B","Strike_B","Defend_B","Defend_B","Defend_B","Defend_B","Zap","Dualcast","Melter","Leap","Glacier","Chaos+1","Capacitor"],"relics":["Cracked Core","NeowsBlessing","Oddly Smooth Stone","Happy Flower","Ornamental Fan"],"acts_visited":["Exordium"],"potions_floor_usage":[10],"damage_taken":[{"damage":0,"enemies":"2 Louse","floor":1,"turns":1},{"damage":0,"enemies":"Cultist","floor":5,"turns":1},{"damage":0,"enemies":"Lagavulin","floor":6,"turns":2},{"damage":12,"enemies":"Jaw Worm","floor":8,"turns":4},{"damage":43,"enemies":"Gremlin Nob","floor":10,"turns":5}],"seed_played":"6962425698009495085","potions_obtained":[{"floor":1,"key":"DistilledChaos"},{"floor":4,"key":"EssenceOfSteel"}],"is_trial":false,"path_per_floor":["M","?","$","?","M","E","R","M","T","E"],"character_chosen":"DEFECT","items_purchased":["Leap"],"campfire_rested":0,"item_purchase_floors":[3],"current_hp_per_floor":[64,53,53,53,53,53,53,41,41,0,0],"gold":204,"neow_bonus":"THREE_ENEMY_KILL","is_daily":false,"chose_seed":false,"campfire_upgraded":1,"win_rate":0.0,"timestamp":1612978267,"path_taken":["M","?","$","?","?","E","R","M","T","E"],"items_purchased_type":["Card"],"build_version":"2020-12-22","purchased_purges":0,"victory":false,"max_hp_per_floor":[71,71,71,71,71,71,71,71,71,71,71],"relic_stats":{"Happy Flower":[3],"counters":[5,13],"Ornamental Fan":[0],"obtain_stats":[{"NeowsBlessing":0,"Happy Flower":6,"Ornamental Fan":9,"Oddly Smooth Stone":2,"Cracked Core":0},{"NeowsBlessing":0,"Happy Flower":3,"Ornamental Fan":4,"Oddly Smooth Stone":1,"Cracked Core":0},{"NeowsBlessing":0,"Happy Flower":4,"Ornamental Fan":8,"Oddly Smooth Stone":1,"Cracked Core":0}]},"card_choices":[{"not_picked":["Aggregate","Go for the Eyes"],"picked":"Melter","floor":1},{"not_picked":["Streamline","Sweeping Beam"],"picked":"Glacier","floor":5},{"not_picked":["Hologram","Conserve Battery"],"picked":"Chaos","floor":6},{"not_picked":["Turbo","Sweeping Beam"],"picked":"Capacitor","floor":8}],"player_experience":517212,"relics_obtained":[{"floor":6,"key":"Happy Flower"},{"floor":9,"key":"Ornamental Fan"}],"event_choices":[{"damage_healed":0,"gold_gain":0,"player_choice":"Success","damage_taken":11,"relics_obtained":["Oddly Smooth Stone"],"max_hp_gain":0,"max_hp_loss":0,"event_name":"Scrap Ooze","floor":2,"gold_loss":0},{"damage_healed":0,"gold_gain":0,"player_choice":"Bought 2 Potions","damage_taken":0,"max_hp_gain":0,"max_hp_loss":0,"event_name":"The Woman in Blue","floor":4,"gold_loss":0}],"is_beta":false,"boss_relics":[],"items_purged_floors":[],"is_endless":false,"potions_floor_spawned":[1,8],"killed_by":"Gremlin Nob","ascension_level":17}}