{"host":"at5b10nm0iti0w4x","time":1612916479,"event":{"mods":["2.2 Compatiblity","AchievementEnabler","BaseMod","Bestiary","Block Reminder","Colored Map","Colored Powertips","Highlight Path","Keyboard Shortcuts","Minty Spire (QoL Compilation)","Relic Stats","Slay the Relics Exporter","StSLib","SuperFastMode","Unknown Chances"],"gold_per_floor":[99,99,99,99,99,99,69,69,69,69,69,69,69,69,69,69,69,9,9,0,0,0,0,0,0,0,0,0],"floor_reached":27,"language":"ENG","playtime":760,"items_purged":[],"score":207,"play_id":"31b8392d-01ae-4eb2-b9fd-40db4d478e87","local_time":"20210209192119","is_ascension_mode":false,"campfire_choices":[{"data":"Bash","floor":6,"key":"SMITH"},{"data":"Armaments","floor":10,"key":"SMITH"},{"data":"Berserk","floor":15,"key":"SMITH"},{"data":"Barricade","floor":23,"key":"SMITH"},{"floor":25,"key":"REST"}],"circlet_count":0,"master_deck":["Strike_R","Strike_R","Strike_R","Strike_R","Defend_R","Defend_R","Defend_R","Defend_R","Bash+1","Clothesline+1","Doubt","Ghostly Armor","Iron Wave","Iron Wave","Armaments+1","Thunderclap","Berserk+1","Headbutt","Barricade+1","Headbutt","Perfected Strike+1","Rage"],"relics":["Ectoplasm"],"acts_visited":["Exordium","TheCity"],"potions_floor_usage":[24,24,27],"damage_taken":[{"damage":2,"enemies":"2 Louse","floor":1,"turns":3},{"damage":0,"enemies":"Cultist","floor":3,"turns":3},{"damage":0,"enemies":"Small Slimes","floor":4,"turns":3},{"damage":0,"enemies":"Looter","floor":7,"turns":3},{"damage":4,"enemies":"Gremlin Gang","floor":8,"turns":5},{"damage":5,"enemies":"2 Fungi Beasts","floor":11,"turns":3},{"damage":10,"enemies":"Large Slime","floor":14,"turns":5},{"damage":50,"enemies":"Hexaghost","floor":16,"turns":15},{"damage":30,"enemies":"2 Thieves","floor":18,"turns":4},{"damage":18,"enemies":"Spheric Guardian","floor":19,"turns":6},{"damage":10,"enemies":"Shelled Parasite and Fungi","floor":21,"turns":7},{"damage":13,"enemies":"Centurion and Healer","floor":24,"turns":9},{"damage":35,"enemies":"Cultist and Chosen","floor":27,"turns":6}],"seed_played":"-2708654569356715014","potions_obtained":[{"floor":8,"key":"SteroidPotion"},{"floor":14,"key":"AttackPotion"},{"floor":16,"key":"Swift Potion"}],"is_trial":false,"path_per_floor":["M","?","M","M","?","R","M","M","T","R","M","?","?","M","R","B",null,"M","M","?","M","?","R","M","R","T","M"],"character_chosen":"IRONCLAD","items_purchased":[],"campfire_rested":1,"item_purchase_floors":[],"current_hp_per_floor":[78,78,78,78,78,78,78,74,74,74,69,62,62,52,52,2,80,50,32,32,22,22,22,9,33,33,0,0],"gold":0,"neow_bonus":"BOSS_RELIC","is_daily":false,"chose_seed":false,"campfire_upgraded":4,"win_rate":0.0,"timestamp":1612916479,"path_taken":["M","?","M","M","?","R","M","M","T","R","?","?","?","M","R","BOSS","M","?","?","M","?","R","M","R","T","M"],"items_purchased_type":[],"build_version":"2020-12-22","purchased_purges":0,"victory":false,"max_hp_per_floor":[80,80,80,80,80,80,80,80,80,80,80,80,80,80,80,80,80,80,80,80,80,80,80,80,80,80,80,80],"relic_stats":{"counters":[13,72],"Ectoplasm":513,"obtain_stats":[{"Ectoplasm":0,"Burning Blood":0},{"Ectoplasm":0,"Burning Blood":0},{"Ectoplasm":0,"Burning Blood":0}]},"card_choices":[{"not_picked":["Warcry","Infernal Blade"],"picked":"Clothesline","floor":1},{"not_picked":["Havoc","Power Through"],"picked":"Ghostly Armor","floor":3},{"not_picked":["Feel No Pain","Hemokinesis"],"picked":"Iron Wave","floor":4},{"not_picked":["Clothesline","Body Slam"],"picked":"Iron Wave","floor":7},{"not_picked":["Thunderclap","Warcry"],"picked":"Armaments","floor":8},{"not_picked":["Hemokinesis","Reckless Charge"],"picked":"Thunderclap","floor":11},{"not_picked":["Twin Strike","Pommel Strike"],"picked":"Headbutt","floor":14},{"not_picked":["Feed","Offering"],"picked":"Barricade","floor":16},{"not_picked":["Wild Strike","Seeing Red"],"picked":"Headbutt","floor":18},{"not_picked":["Thunderclap","Headbutt","Heavy Blade"],"picked":"SKIP","floor":19},{"not_picked":["Shrug It Off+1","Heavy Blade+1"],"picked":"Perfected Strike+1","floor":21},{"not_picked":["Anger","Wild Strike"],"picked":"Rage","floor":24}],"player_experience":86914,"relics_obtained":[],"event_choices":[{"damage_healed":0,"gold_gain":175,"player_choice":"AGREE","damage_taken":0,"max_hp_gain":0,"max_hp_loss":0,"event_name":"Liars Game","floor":2,"gold_loss":0,"cards_obtained":["Doubt"]},{"damage_healed":0,"gold_gain":0,"player_choice":"Upgraded","damage_taken":0,"max_hp_gain":0,"max_hp_loss":0,"event_name":"Upgrade Shrine","floor":5,"gold_loss":0,"cards_upgraded":["Clothesline"]},{"cards_removed":["Strike_R"],"damage_healed":0,"gold_gain":0,"player_choice":"Card Removal","damage_taken":7,"max_hp_gain":0,"max_hp_loss":0,"event_name":"Golden Wing","floor":12,"gold_loss":0},{"damage_healed":0,"gold_gain":0,"player_choice":"1 cards matched","damage_taken":0,"max_hp_gain":0,"max_hp_loss":0,"event_name":"Match and Keep!","floor":13,"gold_loss":0,"cards_obtained":["Berserk"]},{"damage_healed":0,"gold_gain":0,"player_choice":"Paid Fearfully","damage_taken":0,"max_hp_gain":0,"max_hp_loss":0,"event_name":"Masked Bandits","floor":20,"gold_loss":9},{"damage_healed":0,"gold_gain":0,"player_choice":"Ignored","damage_taken":0,"max_hp_gain":0,"max_hp_loss":0,"event_name":"The Mausoleum","floor":22,"gold_loss":0}],"is_beta":false,"boss_relics":[{"not_picked":["Coffee Dripper","Empty Cage","Pandora\u0027s Box"]}],"items_purged_floors":[],"is_endless":false,"potions_floor_spawned":[8,14,16,21],"killed_by":"Cultist and Chosen","ascension_level":0}}