{"host":"dn6kke80v5f7isus","time":1612938474,"event":{"mods":["AchievementEnabler","Act Like it!","BaseMod","Colored Powertips","Custom Start","Defuse TimeMaze Blight","Energized Spire","Gremlin Skip","Highlight Path","Hubris","Infinite Spire","Marisa????????","Minty Spire (QoL Compilation)","Quick Restart","Rare Cards Sparkle","Reliquary","Replay The Spire","StSLib","The Hierophant","The Servant 0.9.4","Uncapped","Unceasing Turn Reminder"],"gold_per_floor":[111,24,24,122,158,210,210,20,20,20,60,60,96,92,92],"floor_reached":14,"language":"ENG","playtime":442,"items_purged":["hierophant:Defend_Hierophant"],"score":138,"play_id":"61cfdfe3-a3a9-4bba-9d52-f426992a3662","local_time":"20210210012754","is_ascension_mode":false,"campfire_choices":[{"data":"hierophant:Doubloon","floor":7,"key":"SMITH"},{"data":"hierophant:Doubloon","floor":10,"key":"SMITH"},{"data":"hierophant:Refuge","floor":12,"key":"SMITH"}],"circlet_count":0,"master_deck":["hierophant:Strike_Hierophant","hierophant:Strike_Hierophant","hierophant:Strike_Hierophant","hierophant:Strike_Hierophant","hierophant:Punish","hierophant:Defend_Hierophant","hierophant:Defend_Hierophant","hierophant:Defend_Hierophant","hierophant:ChurchCoffers","hierophant:OrnateBuckler","hierophant:Refuge+1","hierophant:Doubloon+1","hierophant:Doubloon+1","hierophant:OrnateBuckler","hierophant:RustyCrate","hierophant:Doubloon","hierophant:Doubloon"],"relics":["hierophant:PropheticMaskRelic","NeowsBlessing","infinitespire:Joker Card","hubris:PeanutButter","Membership Card","hubris:BottledRain"],"acts_visited":["Exordium"],"potions_floor_usage":[13],"damage_taken":[{"damage":0,"enemies":"Cultist","floor":1,"turns":1},{"damage":0,"enemies":"2 Louse","floor":5,"turns":1},{"damage":0,"enemies":"Replay:BlueRogue","floor":6,"turns":1},{"damage":0,"enemies":"Jaw Worm","floor":11,"turns":5},{"damage":8,"enemies":"Large Slime","floor":13,"turns":5},{"damage":23,"enemies":"3 Sentries","floor":14,"turns":7}],"seed_played":"-4779690652981445568","potions_obtained":[{"floor":1,"key":"Doom Potion"},{"floor":11,"key":"FearPotion"}],"is_trial":false,"path_per_floor":["M","$","?","?","M","E","R","$","T","R","M","R","M","E"],"character_chosen":"HIEROPHANT","items_purchased":["hierophant:OrnateBuckler","hierophant:Refuge","Membership Card"],"campfire_rested":0,"item_purchase_floors":[2,2,8],"current_hp_per_floor":[75,75,72,54,54,54,54,54,54,54,54,54,46,23,23],"gold":92,"neow_bonus":"THREE_ENEMY_KILL","is_daily":false,"chose_seed":false,"campfire_upgraded":3,"win_rate":0.0,"timestamp":1612938474,"path_taken":["M","?","?","?","M","E","R","$","T","R","M","R","M","E"],"items_purchased_type":["Card","Card","Relic"],"build_version":"2020-12-22","purchased_purges":1,"victory":false,"max_hp_per_floor":[75,75,75,75,75,75,75,75,75,75,75,75,75,75,75],"card_choices":[{"not_picked":["hierophant:Remorse","hierophant:HammerAndAnvil","hierophant:SolarFlare"],"picked":"SKIP","floor":1},{"not_picked":["hierophant:RepressedViolence","hierophant:OrnateBuckler"],"picked":"hierophant:Doubloon","floor":4},{"not_picked":["hierophant:Rebuild","hierophant:SealAway"],"picked":"hierophant:OrnateBuckler","floor":4},{"not_picked":["hierophant:AuricBeam","hierophant:Patience","hierophant:Encroach"],"picked":"SKIP","floor":5},{"not_picked":["hierophant:Endure","hierophant:PassingBell","hierophant:Sermon"],"picked":"SKIP","floor":6},{"not_picked":["hierophant:Invocation","hierophant:Exaltation","hierophant:ArchangelShield"],"picked":"SKIP","floor":11},{"not_picked":["hierophant:ThreeLashes","hierophant:HammerAndAnvil"],"picked":"hierophant:RustyCrate","floor":13}],"player_experience":445239,"relics_obtained":[{"floor":6,"key":"hubris:PeanutButter"},{"floor":9,"key":"hubris:BottledRain"}],"event_choices":[{"damage_healed":0,"gold_gain":0,"player_choice":"Success","damage_taken":3,"relics_obtained":["infinitespire:Joker Card"],"max_hp_gain":0,"max_hp_loss":0,"event_name":"Scrap Ooze","floor":3,"gold_loss":0}],"is_beta":false,"boss_relics":[],"items_purged_floors":[8],"is_endless":false,"potions_floor_spawned":[1,11],"killed_by":"3 Sentries","ascension_level":0}}