{"host":"oigynbtg272c19pw","time":1612955598,"event":{"mods":["BaseMod","Colored Map","Minty Spire (QoL Compilation)","Relic Stats","Slay the Relics Exporter","StSLib"],"gold_per_floor":[110,124,124,6,6,6,81,81,81,28,28,59,75,104,104,176,176,190,190,190],"floor_reached":19,"playtime":792,"items_purged":["Strike_P"],"score":346,"play_id":"b3fc40ce-2fe0-4df2-8723-7fcc763af703","local_time":"20210210121318","is_ascension_mode":true,"campfire_choices":[{"data":"SashWhip","floor":6,"key":"SMITH"},{"data":"Flash of Steel","floor":8,"key":"SMITH"},{"data":"WaveOfTheHand","floor":15,"key":"SMITH"}],"circlet_count":0,"master_deck":["AscendersBane","Strike_P","Defend_P","Defend_P","Defend_P","Defend_P","Eruption","Vigilance","Flash of Steel+1","SashWhip+1","CutThroughFate","Indignation","CutThroughFate","DeusExMachina","FlurryOfBlows","WaveOfTheHand+1","ClearTheMind","Devotion","Conclude"],"relics":["PureWater","Eternal Feather","Meat on the Bone","Orichalcum","SlaversCollar"],"acts_visited":["Exordium","TheCity"],"potions_floor_usage":[12],"damage_taken":[{"damage":0,"enemies":"Jaw Worm","floor":1,"turns":3},{"damage":0,"enemies":"Cultist","floor":2,"turns":2},{"damage":17,"enemies":"3 Sentries","floor":12,"turns":10},{"damage":0,"enemies":"2 Louse","floor":13,"turns":2},{"damage":3,"enemies":"Lagavulin","floor":14,"turns":5},{"damage":40,"enemies":"Hexaghost","floor":16,"turns":11},{"damage":4,"enemies":"Chosen","floor":18,"turns":5},{"damage":4,"enemies":"3 Byrds","floor":19,"turns":3}],"seed_played":"-135747611632929630","potions_obtained":[{"floor":1,"key":"SkillPotion"},{"floor":14,"key":"SteroidPotion"},{"floor":16,"key":"Strength Potion"}],"is_trial":false,"path_per_floor":["M","M","?","$","$","R","?","R","T","$","?","E","M","E","R","B",null,"M","M"],"character_chosen":"WATCHER","items_purchased":["Indignation","CutThroughFate"],"campfire_rested":0,"item_purchase_floors":[4,10],"current_hp_per_floor":[61,61,61,61,61,61,50,50,50,50,50,33,45,42,51,23,57,53,49,49],"gold":190,"neow_bonus":"RANDOM_COLORLESS","is_daily":false,"chose_seed":false,"campfire_upgraded":3,"win_rate":0.0,"timestamp":1612955598,"path_taken":["M","M","?","?","$","R","?","R","T","$","?","E","M","E","R","BOSS","M","M"],"items_purchased_type":["Card","Card"],"build_version":"2020-12-13","purchased_purges":1,"victory":false,"max_hp_per_floor":[68,68,68,68,68,68,68,68,68,68,68,68,68,68,68,68,68,68,68,68],"relic_stats":{"counters":[8,41],"Eternal Feather":9,"Orichalcum":[36],"obtain_stats":[{"SlaversCollar":17,"Eternal Feather":9,"PureWater":0,"Orichalcum":14,"Meat on the Bone":12},{"SlaversCollar":6,"Eternal Feather":2,"PureWater":0,"Orichalcum":5,"Meat on the Bone":3},{"SlaversCollar":33,"Eternal Feather":5,"PureWater":0,"Orichalcum":22,"Meat on the Bone":15}],"Meat on the Bone":24},"card_choices":[{"not_picked":["Purity","Deep Breath"],"picked":"Flash of Steel","floor":0},{"not_picked":["Wireheading","EmptyBody"],"picked":"SashWhip","floor":1},{"not_picked":["PathToVictory","Weave"],"picked":"CutThroughFate","floor":2},{"not_picked":["WindmillStrike","Indignation"],"picked":"FlurryOfBlows","floor":12},{"not_picked":["FlurryOfBlows","CutThroughFate"],"picked":"WaveOfTheHand","floor":13},{"not_picked":["Prostrate","BattleHymn"],"picked":"ClearTheMind","floor":14},{"not_picked":["Alpha","Omniscience"],"picked":"Devotion","floor":16},{"not_picked":["FollowUp","Crescendo+1"],"picked":"Conclude","floor":18}],"player_experience":1575754,"relics_obtained":[{"floor":9,"key":"Eternal Feather"},{"floor":12,"key":"Meat on the Bone"},{"floor":14,"key":"Orichalcum"}],"event_choices":[{"cards_removed":["Strike_P"],"damage_healed":0,"gold_gain":0,"player_choice":"Card Removal","damage_taken":0,"max_hp_gain":0,"max_hp_loss":0,"event_name":"Wheel of Change","floor":3,"gold_loss":0},{"damage_healed":0,"gold_gain":75,"player_choice":"Gather Gold","damage_taken":11,"max_hp_gain":0,"max_hp_loss":0,"event_name":"World of Goop","floor":7,"gold_loss":0},{"damage_healed":0,"gold_gain":0,"cards_transformed":["Strike_P"],"player_choice":"Change","damage_taken":0,"max_hp_gain":0,"max_hp_loss":0,"event_name":"Living Wall","floor":11,"gold_loss":0,"cards_obtained":["DeusExMachina"]}],"is_beta":false,"boss_relics":[{"not_picked":["Velvet Choker","SacredBark"],"picked":"SlaversCollar"}],"items_purged_floors":[4],"is_endless":false,"potions_floor_spawned":[1,14,16],"killed_by":"3 Byrds","ascension_level":20}}