{"host":"2yqfi47fogfu1ic4","time":1612956113,"event":{"mods":["AchievementEnabler","BaseMod","Colored Map","Colored Powertips","Highlight Path","Minty Spire (QoL Compilation)","Permanent Neow","Relic Stats","StSLib"],"gold_per_floor":[119,134,147,147,147,147,147,72,72,102,120,120,151,178,178,256,256,268,114,114,124,124,152,152,170,170,19,34,61,161,194,194,268,268,278,278,278,330,330,360,23,23,23,23,54,54,72,72,72,72,72,72,72,22,51,51],"floor_reached":57,"language":"DEU","playtime":9830,"items_purged":["Strike_G","Strike_G","Writhe","Dagger Spray+1"],"score":2915,"play_id":"701b619a-3b04-482f-8156-a7c1122922ee","local_time":"20210210122153","is_ascension_mode":true,"campfire_choices":[{"data":"Phantasmal Killer","floor":6.0,"key":"SMITH"},{"data":"Choke","floor":12.0,"key":"SMITH"},{"data":"Dagger Spray","floor":15.0,"key":"SMITH"},{"data":"Adrenaline","floor":24,"key":"SMITH"},{"data":"Phantasmal Killer","floor":32,"key":"SMITH"},{"floor":42,"key":"DIG"},{"floor":44,"key":"DIG"},{"floor":46,"key":"DIG"},{"floor":49,"key":"RECALL"},{"floor":53,"key":"DIG"}],"circlet_count":0,"master_deck":["AscendersBane","Defend_G","Defend_G","Defend_G","Defend_G","Defend_G","Survivor","Neutralize","Blade Dance+1","Slice","Phantasmal Killer+1","PiercingWail","Choke+1","PiercingWail+1","Adrenaline+1","CurseOfTheBell","Blade Dance","Acrobatics","Acrobatics","After Image","Underhanded Strike+1","Backflip","Adrenaline","Escape Plan","Phantasmal Killer+1","Venomology","Finisher+1","Master of Strategy","Dark Shackles","Well Laid Plans+1","Leg Sweep","After Image","Sucker Punch+1","Blade Dance+1"],"relics":["SlaversCollar","Matryoshka","Happy Flower","Turnip","White Beast Statue","Vajra","War Paint","Calling Bell","Strawberry","Darkstone Periapt","WingedGreaves","Orichalcum","Nloth\u0027s Gift","Shuriken","Mercury Hourglass","Oddly Smooth Stone","Bird Faced Urn","Sundial","Juzu Bracelet","WristBlade","Shovel","Toy Ornithopter","Nunchaku","DollysMirror","Paper Crane","Smiling Mask","InkBottle","Meat on the Bone","Pantograph","FossilizedHelix"],"acts_visited":["Exordium","TheCity","TheBeyond","TheEnding"],"potions_floor_usage":[23,23,29,31,35,38,38,40,40,45,45,47,50,50,51,56,56],"damage_taken":[{"damage":2.0,"enemies":"Jaw Worm","floor":1.0,"turns":5.0},{"damage":4.0,"enemies":"Small Slimes","floor":2.0,"turns":3.0},{"damage":1.0,"enemies":"2 Louse","floor":3.0,"turns":2.0},{"damage":7.0,"enemies":"Lagavulin","floor":10.0,"turns":6.0},{"damage":0.0,"enemies":"Looter","floor":11.0,"turns":4.0},{"damage":5.0,"enemies":"3 Sentries","floor":13.0,"turns":5.0},{"damage":6.0,"enemies":"The Guardian","floor":16.0,"turns":9.0},{"damage":0.0,"enemies":"2 Thieves","floor":18.0,"turns":3.0},{"damage":1.0,"enemies":"Spheric Guardian","floor":21.0,"turns":4.0},{"damage":15,"enemies":"Book of Stabbing","floor":23,"turns":5},{"damage":0,"enemies":"Centurion and Healer","floor":25,"turns":3},{"damage":0,"enemies":"Snake Plant","floor":28,"turns":5},{"damage":5,"enemies":"Slavers","floor":29,"turns":4},{"damage":0,"enemies":"Colosseum Slavers","floor":30,"turns":5},{"damage":1,"enemies":"Colosseum Nobs","floor":30,"turns":3},{"damage":0,"enemies":"Gremlin Leader","floor":31,"turns":3},{"damage":0,"enemies":"Automaton","floor":33,"turns":5},{"damage":12,"enemies":"3 Darklings","floor":35,"turns":4},{"damage":11,"enemies":"2 Orb Walkers","floor":38,"turns":4},{"damage":0,"enemies":"Giant Head","floor":40,"turns":3},{"damage":5,"enemies":"Reptomancer","floor":45,"turns":5},{"damage":0,"enemies":"3 Shapes","floor":47,"turns":3},{"damage":54,"enemies":"Time Eater","floor":50,"turns":8},{"damage":15,"enemies":"Awakened One","floor":51,"turns":6},{"damage":21,"enemies":"Shield and Spear","floor":55,"turns":13},{"damage":14,"enemies":"The Heart","floor":56,"turns":10}],"seed_played":"7668293352325874340","potions_obtained":[{"floor":1.0,"key":"Block Potion"},{"floor":10.0,"key":"Poison Potion"},{"floor":11.0,"key":"SpeedPotion"},{"floor":13.0,"key":"AttackPotion"},{"floor":16.0,"key":"Block Potion"},{"floor":18.0,"key":"PowerPotion"},{"floor":21.0,"key":"Dexterity Potion"},{"floor":23,"key":"Weak Potion"},{"floor":25,"key":"GhostInAJar"},{"floor":29,"key":"FearPotion"},{"floor":31,"key":"Energy Potion"},{"floor":38,"key":"LiquidBronze"},{"floor":40,"key":"SpeedPotion"},{"floor":45,"key":"Energy Potion"}],"is_trial":false,"path_per_floor":["M","M","M","?","?","R","?","$","T","E","M","R","E","T","R","B",null,"M","$","?","M","?","E","R","M","T","$","M","E","?","E","R","B",null,"M","?","?","?","?","E","$","R","T","R","E","R","M","?","R","B","B",null,"R","$","E","B",null],"character_chosen":"THE_SILENT","items_purchased":["Acrobatics","Backflip","Nunchaku","DollysMirror"],"campfire_rested":0,"item_purchase_floors":[19,27,41,41],"current_hp_per_floor":[57,53,52,45,45,45,40,40,40,33,33,33,28,28,28,22,62,62,62,68,67,67,52,52,52,52,52,52,47,46,48,48,50,72,62,62,52,43,43,47,47,47,47,47,54,54,61,61,61,33,41,70,70,70,55,66],"gold":51,"neow_bonus":"BOSS_RELIC","is_daily":false,"chose_seed":false,"campfire_upgraded":5,"win_rate":0.0,"timestamp":1612956113,"path_taken":["M","M","M","?","?","R","?","?","T","E","M","R","E","?","R","BOSS","M","$","?","M","?","E","R","?","T","?","M","E","?","E","R","BOSS","M","?","?","?","?","E","$","R","T","R","E","R","M","?","R","BOSS","BOSS","R","$","E","BOSS"],"items_purchased_type":["Card","Card","Relic","Relic"],"build_version":"2020-12-22","purchased_purges":4,"victory":true,"max_hp_per_floor":[66,66,66,66,66,66,66,66,66,66,66,66,66,66,66,66,73,73,73,79,79,79,79,79,79,79,79,79,79,79,79,79,79,79,79,79,79,79,79,79,79,79,79,79,79,79,79,79,79,79,79,79,79,79,79,79],"relic_stats":{"Darkstone Periapt":6,"Happy Flower":[40],"counters":[26,129],"Juzu Bracelet":2,"War Paint":["Blade Dance","PiercingWail"],"Orichalcum":[72],"Smiling Mask":100,"Mercury Hourglass":[325],"Nunchaku":[14],"Shovel":4,"Shuriken":[68],"Sundial":[8],"Bird Faced Urn":[32],"Pantograph":24,"Turnip":[9],"Nloth\u0027s Gift":3,"obtain_stats":[{"Darkstone Periapt":17,"Vajra":14,"Juzu Bracelet":31,"Smiling Mask":44,"Nunchaku":41,"Matryoshka":7,"Shovel":38,"WristBlade":34,"Sundial":30,"DollysMirror":41,"Strawberry":17,"Pantograph":53,"WingedGreaves":17,"InkBottle":45,"Ring of the Snake":0,"Happy Flower":9,"Oddly Smooth Stone":29,"War Paint":14,"Orichalcum":20,"Paper Crane":42,"White Beast Statue":10,"Akabeko":13,"Mercury Hourglass":26,"Calling Bell":17,"SlaversCollar":0,"Shuriken":23,"Bird Faced Urn":30,"Turnip":9,"Nloth\u0027s Gift":22,"Toy Ornithopter":40,"FossilizedHelix":55,"Meat on the Bone":46},{"Darkstone Periapt":7,"Vajra":6,"Juzu Bracelet":16,"Smiling Mask":20,"Nunchaku":20,"Matryoshka":3,"Shovel":19,"WristBlade":17,"Sundial":15,"DollysMirror":20,"Strawberry":7,"Pantograph":24,"WingedGreaves":7,"InkBottle":21,"Ring of the Snake":0,"Happy Flower":3,"Oddly Smooth Stone":13,"War Paint":6,"Orichalcum":8,"Paper Crane":20,"White Beast Statue":4,"Akabeko":6,"Mercury Hourglass":11,"Calling Bell":7,"SlaversCollar":0,"Shuriken":10,"Bird Faced Urn":15,"Turnip":3,"Nloth\u0027s Gift":9,"Toy Ornithopter":20,"FossilizedHelix":25,"Meat on the Bone":21},{"Darkstone Periapt":34,"Vajra":25,"Juzu Bracelet":68,"Smiling Mask":84,"Nunchaku":84,"Matryoshka":10,"Shovel":81,"WristBlade":73,"Sundial":65,"DollysMirror":84,"Strawberry":34,"Pantograph":106,"WingedGreaves":34,"InkBottle":89,"Ring of the Snake":0,"Happy Flower":10,"Oddly Smooth Stone":57,"War Paint":25,"Orichalcum":37,"Paper Crane":84,"White Beast Statue":16,"Akabeko":25,"Mercury Hourglass":49,"Calling Bell":34,"SlaversCollar":0,"Shuriken":46,"Bird Faced Urn":65,"Turnip":10,"Nloth\u0027s Gift":41,"Toy Ornithopter":84,"FossilizedHelix":119,"Meat on the Bone":89}],"Toy Ornithopter":31,"InkBottle":[26],"Meat on the Bone":24},"card_choices":[{"not_picked":["Choke","All Out Attack"],"picked":"Blade Dance","floor":1.0},{"not_picked":["Backstab","Setup"],"picked":"Dagger Spray","floor":2.0},{"not_picked":["Dodge and Roll","Prepared"],"picked":"Slice","floor":3.0},{"not_picked":["Setup","Envenom"],"picked":"PiercingWail","floor":10.0},{"not_picked":["Dagger Throw","Poisoned Stab"],"picked":"Choke","floor":11.0},{"not_picked":["Dagger Spray","Cloak And Dagger"],"picked":"PiercingWail","floor":13.0},{"not_picked":["Venomology","Bullet Time"],"picked":"Adrenaline","floor":16.0},{"not_picked":["Underhanded Strike","Heel Hook"],"picked":"Blade Dance","floor":18.0},{"not_picked":["Backflip","Slice"],"picked":"Acrobatics","floor":21.0},{"not_picked":["Deflect","Terror"],"picked":"After Image","floor":23},{"not_picked":["Prepared","Well Laid Plans"],"picked":"Underhanded Strike+1","floor":25},{"not_picked":["Dash","Sucker Punch","Dagger Spray"],"picked":"SKIP","floor":28},{"not_picked":["Malaise","Acrobatics+1"],"picked":"Adrenaline","floor":29},{"not_picked":["Dodge and Roll+1","Bane"],"picked":"Escape Plan","floor":30},{"not_picked":["Bane","Outmaneuver"],"picked":"Phantasmal Killer","floor":31},{"not_picked":["Doppelganger","Bullet Time"],"picked":"Venomology","floor":33},{"not_picked":["Heel Hook","Quick Slash+1"],"picked":"Finisher+1","floor":35},{"not_picked":["Secret Technique","HandOfGreed"],"picked":"Master of Strategy","floor":37},{"not_picked":["Secret Weapon","Thinking Ahead"],"picked":"Dark Shackles","floor":37},{"not_picked":["Deflect","Blur"],"picked":"Well Laid Plans+1","floor":38},{"not_picked":["Catalyst+1","Grand Finale"],"picked":"Leg Sweep","floor":40},{"not_picked":["Eviscerate","Unload"],"picked":"Sucker Punch+1","floor":45},{"not_picked":["Prepared","Cloak And Dagger","Outmaneuver"],"picked":"SKIP","floor":47},{"not_picked":["Storm of Steel","Dagger Spray+1","Tactician"],"picked":"SKIP","floor":55}],"player_experience":1745907,"relics_obtained":[{"floor":9.0,"key":"Happy Flower"},{"floor":9.0,"key":"Turnip"},{"floor":10.0,"key":"White Beast Statue"},{"floor":13.0,"key":"Akabeko"},{"floor":14.0,"key":"Vajra"},{"floor":14.0,"key":"War Paint"},{"floor":17.0,"key":"Strawberry"},{"floor":17.0,"key":"Darkstone Periapt"},{"floor":17.0,"key":"WingedGreaves"},{"floor":23,"key":"Shuriken"},{"floor":26,"key":"Mercury Hourglass"},{"floor":29,"key":"Oddly Smooth Stone"},{"floor":30,"key":"Bird Faced Urn"},{"floor":30,"key":"Sundial"},{"floor":31,"key":"Juzu Bracelet"},{"floor":38,"key":"Shovel"},{"floor":40,"key":"Toy Ornithopter"},{"floor":42,"key":"Paper Crane"},{"floor":44,"key":"Smiling Mask"},{"floor":45,"key":"InkBottle"},{"floor":46,"key":"Meat on the Bone"},{"floor":53,"key":"Pantograph"},{"floor":55,"key":"FossilizedHelix"}],"event_choices":[{"cards_removed":["Strike_G"],"damage_healed":0.0,"max_hp_gain":0.0,"max_hp_loss":0.0,"gold_gain":0.0,"event_name":"Golden Wing","player_choice":"Card Removal","floor":4.0,"gold_loss":0.0,"damage_taken":7.0},{"damage_healed":0.0,"max_hp_gain":0.0,"max_hp_loss":0.0,"gold_gain":0.0,"cards_transformed":["Strike_G"],"event_name":"Living Wall","player_choice":"Change","floor":5.0,"gold_loss":0.0,"damage_taken":0.0,"cards_obtained":["Phantasmal Killer"]},{"damage_healed":0.0,"max_hp_gain":0.0,"max_hp_loss":0.0,"gold_gain":0.0,"event_name":"Scrap Ooze","player_choice":"Success","floor":7.0,"gold_loss":0.0,"damage_taken":5.0,"relics_obtained":["Matryoshka"]},{"damage_healed":0.0,"max_hp_gain":0.0,"max_hp_loss":0.0,"gold_gain":0.0,"event_name":"The Mausoleum","player_choice":"Opened","floor":20.0,"gold_loss":0.0,"damage_taken":0.0,"relics_obtained":["Orichalcum"],"cards_obtained":["Writhe"]},{"damage_healed":0.0,"max_hp_gain":0.0,"max_hp_loss":0.0,"gold_gain":0.0,"event_name":"N\u0027loth","player_choice":"Traded Relic","floor":22.0,"relics_lost":["Akabeko"],"gold_loss":0.0,"damage_taken":0.0,"relics_obtained":["Nloth\u0027s Gift"]},{"damage_healed":0,"gold_gain":0,"player_choice":"Fight","damage_taken":0,"max_hp_gain":0,"max_hp_loss":0,"event_name":"Colosseum","floor":30,"gold_loss":0},{"damage_healed":0,"gold_gain":0,"player_choice":"Fought Nobs","damage_taken":0,"max_hp_gain":0,"max_hp_loss":0,"event_name":"Colosseum","floor":30,"gold_loss":0},{"cards_removed":["Strike_G"],"damage_healed":0,"gold_gain":0,"player_choice":"Purged","damage_taken":0,"max_hp_gain":0,"max_hp_loss":0,"event_name":"Purifier","floor":36,"gold_loss":0},{"damage_healed":0,"gold_gain":0,"player_choice":"Memory 3","damage_taken":10,"max_hp_gain":0,"max_hp_loss":0,"event_name":"SensoryStone","floor":37,"gold_loss":0},{"damage_healed":0,"gold_gain":0,"player_choice":"Fight","damage_taken":0,"max_hp_gain":0,"max_hp_loss":0,"event_name":"Mysterious Sphere","floor":38,"gold_loss":0},{"damage_healed":0,"gold_gain":0,"player_choice":"Ignored","damage_taken":0,"max_hp_gain":0,"max_hp_loss":0,"event_name":"SecretPortal","floor":39,"gold_loss":0},{"damage_healed":0,"gold_gain":0,"player_choice":"Copied","damage_taken":0,"max_hp_gain":0,"max_hp_loss":0,"event_name":"Duplicator","floor":48,"gold_loss":0,"cards_obtained":["Blade Dance"]}],"is_beta":false,"boss_relics":[{"not_picked":["Runic Dome","Ectoplasm"],"picked":"Calling Bell"},{"not_picked":["HoveringKite","Sozu"],"picked":"WristBlade"}],"items_purged_floors":[8,19,27,54],"is_endless":false,"potions_floor_spawned":[1,10,11,13,16,18,21,23,25,28,29,30,30,31,33,35,38,40,45,47,55],"ascension_level":20}}