{"host":"farxtl2u8hmkbdo2","time":1612970597,"event":{"mods":["A Magickal Journey","BaseMod","Better Altar","Better Note","Better Sensory Stone","Better Skull","Better Third Choice","Challenge The Spire","Colored Map","Colored Powertips","Current Relic Mod","Downfall","Energized Spire","Fox Events","Gremlin Mod","Hermit","Hubris","Mimic Mod","Minty Spire (QoL Compilation)","Quick Restart","READ ME - Guardian Mod","Rare Cards Sparkle","StSLib","The Bladedancer","The Bug Knight","The Cursed","The Disciple","The Hierophant","The Marked","The Necromancer","The Runesmith","Transform Curses"],"gold_per_floor":[99,114,440,457,471,471,494,494,511,511,511,531,531,13,30,132,132,132,151,163,163,148,183,208,208,226,226,258,258,258,258,273,273,273,273],"floor_reached":33,"language":"SPA","playtime":2154,"items_purged":["Guardian:Strike_Guardian"],"score":275,"play_id":"d5b28cb6-8f31-40f0-b2da-c67f4bf0c194","local_time":"20210210122317","is_ascension_mode":false,"campfire_choices":[{"data":"Guardian:TwinSlam","floor":1.0,"key":"SMITH"},{"data":"Guardian:FloatingOrbs","floor":8.0,"key":"SMITH"},{"floor":10.0,"key":"REST"},{"data":"Guardian:ShieldCharger","floor":18,"key":"SMITH"},{"floor":25,"key":"REST"},{"floor":27,"key":"REST"}],"circlet_count":0,"master_deck":["Guardian:Strike_Guardian","Guardian:Strike_Guardian","Guardian:Defend_Guardian+1","Guardian:CurlUp","Guardian:TwinSlam+1","Guardian:FloatingOrbs+1","Guardian:ShieldCharger+1","Guardian:DecasProtection+1","Guardian:Clone","Guardian:Gem_Purple","Guardian:ShieldCharger","Guardian:WalkerClaw","Guardian:Gem_Green","Guardian:AncientConstruct","Guardian:SpikerProtocol","Guardian:FierceBash","Guardian:DonusPower+1","Guardian:Harden+1","Guardian:PrimingBeam+1","Guardian:CrystalBeam","Guardian:Gem_Red","Guardian:ChargeCore+1","Guardian:PrimingBeam+1","Guardian:RevengeProtocol","Guardian:ExploitGems","Decay","Guardian:Gem_Orange","Guardian:BronzeOrb"],"relics":["Guardian:ModeShifter","Guardian:PickAxe","Akabeko","Astrolabe","Lantern","Sundial","Juzu Bracelet"],"acts_visited":["Exordium","TheCity"],"potions_floor_usage":[16,16,16,16,22,22,23,26,32,33],"damage_taken":[{"damage":3.0,"enemies":"Jaw Worm","floor":2.0,"turns":3.0},{"damage":0.0,"enemies":"Cultist","floor":4.0,"turns":3.0},{"damage":0.0,"enemies":"Small Slimes","floor":5.0,"turns":3.0},{"damage":7.0,"enemies":"Blue Slaver","floor":9.0,"turns":3.0},{"damage":17.0,"enemies":"Gremlin Gang","floor":12.0,"turns":5.0},{"damage":0.0,"enemies":"downfall:FleeingMerchant","floor":14.0,"turns":4.0},{"damage":2.0,"enemies":"2 Fungi Beasts","floor":15.0,"turns":3.0},{"damage":23,"enemies":"IC_STATUS_ARCHETYPE","floor":16,"turns":11},{"damage":13,"enemies":"Chosen","floor":19,"turns":5},{"damage":8,"enemies":"Shelled Parasite and Fungi","floor":20,"turns":6},{"damage":15,"enemies":"downfall:FleeingMerchant","floor":22,"turns":4},{"damage":22,"enemies":"Slavers","floor":23,"turns":5},{"damage":20,"enemies":"Centurion and Healer","floor":26,"turns":6},{"damage":15,"enemies":"Book of Stabbing","floor":28,"turns":6},{"damage":14,"enemies":"Chosen and Byrds","floor":32,"turns":5},{"damage":25,"enemies":"WA_ARCHETYPE_CALM","floor":33,"turns":8}],"seed_played":"-6658785950315405144","potions_obtained":[{"floor":4.0,"key":"Regen Potion"},{"floor":9.0,"key":"Guardian:AcceleratePotion"},{"floor":12.0,"key":"EntropicBrew"},{"floor":19,"key":"Dexterity Potion"},{"floor":21,"key":"AttackPotion"},{"floor":21,"key":"ColorlessPotion"},{"floor":23,"key":"bronze:BurnAndBuffPotion"},{"floor":28,"key":"SkillPotion"},{"floor":32,"key":"sneckomod:MuddlingPotion"}],"is_trial":false,"path_per_floor":["R","M","?","M","M","R","T","R","M","R","?","M","R","$","M","B",null,"R","M","M","?","$","E","T","R","M","R","E","?","?","T","M","B"],"character_chosen":"GUARDIAN","items_purchased":["Guardian:WalkerClaw","Guardian:Gem_Synthetic","Guardian:Gem_Green","Guardian:AncientConstruct","Fire Potion"],"campfire_rested":3,"item_purchase_floors":[14,14,14,14,14],"current_hp_per_floor":[80,77,19,19,19,19,19,19,12,36,36,33,33,33,31,8,80,80,67,59,59,44,22,22,46,26,50,35,35,35,35,21,0,0,0],"gold":273,"neow_bonus":"REMOVE_CARD","is_daily":false,"chose_seed":false,"campfire_upgraded":3,"win_rate":0.0,"timestamp":1612970597,"path_taken":["R","M","?","?","M","R","T","R","M","R","?","M","R","$","M","BOSS","R","M","M","?","$","E","T","R","?","R","E","?","?","?","M","BOSS"],"items_purchased_type":["Card","Card","Card","Card","Potion"],"build_version":"2020-12-22","purchased_purges":1,"victory":false,"max_hp_per_floor":[80,80,80,80,80,80,80,80,80,80,80,80,80,80,80,80,80,80,80,80,80,80,80,80,80,80,80,80,80,80,80,80,80,80,80],"card_choices":[{"not_picked":["Guardian:Gem_Green","Guardian:PiercingHide"],"picked":"Guardian:Gem_White","floor":2.0},{"not_picked":["Guardian:Gem_Red","Guardian:SpikerProtocol"],"picked":"Guardian:FloatingOrbs","floor":4.0},{"not_picked":["Guardian:Planning","Guardian:RollAttack"],"picked":"Guardian:ShieldCharger","floor":5.0},{"not_picked":["Guardian:PrimingBeam","Guardian:Incinerate"],"picked":"Guardian:DecasProtection","floor":9.0},{"not_picked":["Guardian:TemporalStrike","Guardian:Reroute"],"picked":"Guardian:Clone","floor":12.0},{"not_picked":["Guardian:TemporalShield","Guardian:PrimingBeam"],"picked":"Guardian:ShieldCharger","floor":14.0},{"not_picked":["Guardian:Recover","Guardian:Reroute"],"picked":"Guardian:SpikerProtocol","floor":15.0},{"not_picked":["Guardian:AncientConstruct","Guardian:SphericShield"],"picked":"Guardian:FierceBash","floor":16},{"not_picked":["Guardian:Gem_Yellow","Guardian:Gem_Green"],"picked":"Guardian:CrystalBeam","floor":19},{"not_picked":["Guardian:PrimingBeam","Guardian:Gem_White"],"picked":"Guardian:Gem_Red","floor":20},{"not_picked":["Guardian:TemporalShield","Guardian:Harden"],"picked":"Guardian:ChargeCore+1","floor":22},{"not_picked":["Guardian:Incinerate","Guardian:ChargeCore"],"picked":"Guardian:PrimingBeam+1","floor":23},{"not_picked":["Guardian:SpikerProtocol","Guardian:Suspension"],"picked":"Guardian:RevengeProtocol","floor":26},{"not_picked":["Guardian:ShieldSpikes+1","Guardian:Gem_Lightblue"],"picked":"Guardian:ExploitGems","floor":28},{"not_picked":["Guardian:Clone","Guardian:Gem_Red"],"picked":"Guardian:BronzeOrb","floor":32}],"player_experience":2081094,"relics_obtained":[{"floor":7.0,"key":"Akabeko"},{"floor":23,"key":"Lantern"},{"floor":24,"key":"Orichalcum"},{"floor":28,"key":"Sundial"},{"floor":31,"key":"Juzu Bracelet"}],"event_choices":[{"damage_healed":0.0,"max_hp_gain":0.0,"max_hp_loss":0.0,"gold_gain":326.0,"event_name":"betterSkull:BetterSkull","player_choice":"GO GO UP RE GO ","floor":3.0,"gold_loss":0.0,"damage_taken":65.0,"cards_upgraded":["Guardian:Defend_Guardian"],"relics_obtained":["Guardian:PickAxe"]},{"damage_healed":0,"gold_gain":0,"player_choice":"Got Potions","damage_taken":0,"max_hp_gain":0,"max_hp_loss":0,"event_name":"Lab","floor":21,"gold_loss":0},{"damage_healed":0,"gold_gain":0,"player_choice":"Cursed","damage_taken":0,"max_hp_gain":0,"max_hp_loss":0,"event_name":"Wheel of Change","floor":29,"gold_loss":0,"cards_obtained":["Decay"]}],"is_beta":false,"boss_relics":[{"not_picked":["Snecko Eye","bronze:MakeshiftBattery"],"picked":"Astrolabe"}],"items_purged_floors":[14],"is_endless":false,"potions_floor_spawned":[4,9,12,19,23,28,32],"killed_by":"WA_ARCHETYPE_CALM","ascension_level":0}}