{"host":"x5w9zppki4gdwvc7","time":1612928402,"event":{"mods":["AchievementEnabler","BaseMod","Colored Powertips","DeckTracker","Minty Spire (QoL Compilation)","SuperFastMode"],"gold_per_floor":[117,131,147,70,70,70,96,171,171,171,206,219,184,196,196,300,300,319,336,336,336],"floor_reached":20,"language":"ENG","playtime":966,"items_purged":[],"score":239,"play_id":"36c84981-e77c-4fe8-8acf-15e59cfb0f38","local_time":"20210210044002","is_ascension_mode":true,"campfire_choices":[{"data":"Deflect","floor":6,"key":"SMITH"},{"data":"Bouncing Flask","floor":10,"key":"SMITH"},{"data":"Dagger Spray","floor":15,"key":"SMITH"}],"circlet_count":0,"master_deck":["Strike_G","Strike_G","Strike_G","Strike_G","Strike_G","Defend_G","Defend_G","Defend_G","Defend_G","Defend_G","Survivor","Neutralize+1","Backflip","Deflect+1","Noxious Fumes+1","Well Laid Plans","Bouncing Flask+1","Masterful Stab","Bane","Dagger Spray+1","Die Die Die","Leg Sweep","Setup+1"],"relics":["Ring of the Serpent","Bag of Marbles","Pantograph","Darkstone Periapt"],"acts_visited":["Exordium","TheCity"],"potions_floor_usage":[],"damage_taken":[{"damage":0,"enemies":"Jaw Worm","floor":1,"turns":5},{"damage":2,"enemies":"2 Louse","floor":2,"turns":6},{"damage":1,"enemies":"Small Slimes","floor":3,"turns":5},{"damage":9,"enemies":"3 Sentries","floor":7,"turns":8},{"damage":22,"enemies":"Gremlin Nob","floor":11,"turns":4},{"damage":0,"enemies":"3 Louse","floor":12,"turns":2},{"damage":0,"enemies":"Blue Slaver","floor":14,"turns":2},{"damage":5,"enemies":"The Guardian","floor":16,"turns":8},{"damage":35,"enemies":"2 Thieves","floor":18,"turns":4},{"damage":4,"enemies":"Shell Parasite","floor":19,"turns":6},{"damage":28,"enemies":"Cultist and Chosen","floor":20,"turns":8}],"seed_played":"7998619794704298488","potions_obtained":[{"floor":7,"key":"Strength Potion"},{"floor":11,"key":"Weak Potion"},{"floor":14,"key":"SpeedPotion"},{"floor":16,"key":"BlessingOfTheForge"}],"is_trial":false,"path_per_floor":["M","M","M","$","?","R","E","?","T","R","E","M","?","M","R","B",null,"M","M","M"],"character_chosen":"THE_SILENT","items_purchased":["Well Laid Plans"],"campfire_rested":0,"item_purchase_floors":[4],"current_hp_per_floor":[63,61,60,60,60,60,51,40,40,40,18,18,35,35,35,55,66,31,27,0,0],"gold":336,"neow_bonus":"UPGRADE_CARD","is_daily":false,"chose_seed":false,"campfire_upgraded":3,"win_rate":0.0,"timestamp":1612928402,"path_taken":["M","M","M","$","?","R","E","?","T","R","E","M","?","M","R","BOSS","M","M","M"],"items_purchased_type":["Card"],"build_version":"2020-12-22","purchased_purges":0,"victory":false,"max_hp_per_floor":[70,70,70,70,70,70,70,70,70,70,70,70,70,70,70,70,70,70,70,70,70],"card_choices":[{"not_picked":["Bane","Sucker Punch"],"picked":"Backflip","floor":1},{"not_picked":["Riddle With Holes","Flying Knee"],"picked":"Deflect","floor":2},{"not_picked":["Setup","Poisoned Stab"],"picked":"Noxious Fumes","floor":3},{"not_picked":["Bullet Time","Prepared"],"picked":"Bouncing Flask","floor":7},{"not_picked":["Bane","Predator"],"picked":"Masterful Stab","floor":11},{"not_picked":["Choke","Concentrate"],"picked":"Bane","floor":12},{"not_picked":["Caltrops","Dagger Throw"],"picked":"Dagger Spray","floor":14},{"not_picked":["Night Terror","Adrenaline"],"picked":"Die Die Die","floor":16},{"not_picked":["Setup","Escape Plan"],"picked":"Leg Sweep","floor":18},{"not_picked":["Well Laid Plans+1","Sucker Punch+1"],"picked":"Setup+1","floor":19}],"player_experience":597544,"relics_obtained":[{"floor":7,"key":"Bag of Marbles"},{"floor":9,"key":"Pantograph"},{"floor":11,"key":"Darkstone Periapt"}],"event_choices":[{"damage_healed":0,"gold_gain":0,"player_choice":"Grow","damage_taken":0,"max_hp_gain":0,"max_hp_loss":0,"event_name":"Living Wall","floor":5,"gold_loss":0,"cards_upgraded":["Noxious Fumes"]},{"damage_healed":0,"gold_gain":75,"player_choice":"Gather Gold","damage_taken":11,"max_hp_gain":0,"max_hp_loss":0,"event_name":"World of Goop","floor":8,"gold_loss":0},{"damage_healed":17,"gold_gain":0,"player_choice":"Healed","damage_taken":0,"max_hp_gain":0,"max_hp_loss":0,"event_name":"The Cleric","floor":13,"gold_loss":35}],"is_beta":false,"boss_relics":[{"not_picked":["Runic Dome","Black Star"],"picked":"Ring of the Serpent"}],"items_purged_floors":[],"is_endless":false,"potions_floor_spawned":[7,11,14,16],"killed_by":"Cultist and Chosen","ascension_level":6}}