{"host":"8rgpnls124hwjv5t","time":1612916963,"event":{"mods":["BaseMod","Colored Map","Colored Powertips","DeckTracker","Highlight Path","Minty Spire (QoL Compilation)","Permanent Neow","Quick Restart","Relic Stats","Shop Mod","StSLib"],"gold_per_floor":[117,137,148,148,159,159,192,192,192,31,65,77,77,99,99,172,172,189,205,205,205,205],"floor_reached":21,"language":"ENG","playtime":772,"items_purged":[],"score":340,"play_id":"824f5157-01a2-4f3f-8aa5-e20be3cf69e6","local_time":"20210209192923","is_ascension_mode":true,"campfire_choices":[{"data":"Sunder","floor":6,"key":"SMITH"},{"floor":8,"key":"REST"},{"floor":13,"key":"REST"},{"floor":15,"key":"REST"}],"circlet_count":0,"master_deck":["AscendersBane","Strike_B","Strike_B","Strike_B","Defend_B","Defend_B","Defend_B","Defend_B","Zap","Dualcast","Electrodynamics","Barrage","Sunder+1","Capacitor","Cold Snap","Aggregate","Capacitor","Auto Shields","Machine Learning","Cold Snap","CurseOfTheBell","Barrage","Defragment"],"relics":["Cracked Core","Boot","Bag of Marbles","DollysMirror","Pear","Odd Mushroom","Calling Bell","Lantern","Blue Candle","Peace Pipe","Ginger"],"acts_visited":["Exordium","TheCity"],"potions_floor_usage":[16,18],"damage_taken":[{"damage":5,"enemies":"2 Louse","floor":1,"turns":3},{"damage":0,"enemies":"Small Slimes","floor":2,"turns":3},{"damage":0,"enemies":"Cultist","floor":3,"turns":2},{"damage":10,"enemies":"3 Louse","floor":5,"turns":2},{"damage":31,"enemies":"Gremlin Nob","floor":7,"turns":5},{"damage":28,"enemies":"Lagavulin","floor":11,"turns":7},{"damage":0,"enemies":"Red Slaver","floor":12,"turns":1},{"damage":15,"enemies":"The Mushroom Lair","floor":14,"turns":4},{"damage":36,"enemies":"Hexaghost","floor":16,"turns":8},{"damage":26,"enemies":"Spheric Guardian","floor":18,"turns":5},{"damage":14,"enemies":"3 Byrds","floor":19,"turns":4},{"damage":37,"enemies":"Snake Plant","floor":21,"turns":3}],"seed_played":"928755481249471366","potions_obtained":[{"floor":7,"key":"Fire Potion"},{"floor":11,"key":"Strength Potion"}],"is_trial":false,"path_per_floor":["M","M","M","?","M","R","E","R","T","$","E","M","R","?","R","B",null,"M","M","?","M"],"character_chosen":"DEFECT","items_purchased":["DollysMirror"],"campfire_rested":3,"item_purchase_floors":[10],"current_hp_per_floor":[59,59,59,64,54,54,23,45,45,45,27,27,52,37,62,26,71,45,31,31,0,0],"gold":205,"neow_bonus":"TRANSFORM_CARD","is_daily":false,"chose_seed":false,"campfire_upgraded":1,"win_rate":0.0,"timestamp":1612916963,"path_taken":["M","M","M","?","M","R","E","R","T","$","E","M","R","?","R","BOSS","M","M","?","M"],"items_purchased_type":["Relic"],"build_version":"2020-12-22","purchased_purges":0,"victory":false,"max_hp_per_floor":[71,71,71,76,76,76,76,76,76,76,86,86,86,86,86,86,86,86,86,86,86,86],"relic_stats":{"Peace Pipe":0,"counters":[12,47],"Blue Candle":[1],"Ginger":[2],"Boot":[20],"obtain_stats":[{"Calling Bell":17,"Peace Pipe":17,"Lantern":17,"Pear":11,"DollysMirror":10,"Blue Candle":17,"Bag of Marbles":9,"Ginger":20,"Odd Mushroom":14,"Cracked Core":0,"Boot":7},{"Calling Bell":9,"Peace Pipe":9,"Lantern":9,"Pear":6,"DollysMirror":5,"Blue Candle":9,"Bag of Marbles":5,"Ginger":11,"Odd Mushroom":8,"Cracked Core":0,"Boot":5},{"Calling Bell":35,"Peace Pipe":35,"Lantern":35,"Pear":22,"DollysMirror":15,"Blue Candle":35,"Bag of Marbles":15,"Ginger":44,"Odd Mushroom":27,"Cracked Core":0,"Boot":15}]},"card_choices":[{"not_picked":["Rebound","Lockon"],"picked":"Barrage","floor":1},{"not_picked":["Streamline","Aggregate"],"picked":"Sunder","floor":2},{"not_picked":["Sweeping Beam","Chill"],"picked":"Capacitor","floor":3},{"not_picked":["Force Field","Go for the Eyes"],"picked":"Cold Snap","floor":5},{"not_picked":["Compile Driver","Cold Snap"],"picked":"Aggregate","floor":7},{"not_picked":["Compile Driver","Rebound"],"picked":"Auto Shields","floor":11},{"not_picked":["Force Field","Stack"],"picked":"Machine Learning","floor":12},{"not_picked":["Steam","Rebound"],"picked":"Cold Snap","floor":14},{"not_picked":["Seek","Reboot"],"picked":"Biased Cognition","floor":16},{"not_picked":["Recycle","Cold Snap"],"picked":"Barrage","floor":18},{"not_picked":["Conserve Battery","Barrage"],"picked":"Defragment","floor":19}],"player_experience":542346,"relics_obtained":[{"floor":7,"key":"Boot"},{"floor":9,"key":"Bag of Marbles"},{"floor":11,"key":"Pear"},{"floor":14,"key":"Odd Mushroom"},{"floor":17,"key":"Lantern"},{"floor":17,"key":"Blue Candle"},{"floor":17,"key":"Peace Pipe"}],"event_choices":[{"damage_healed":0,"gold_gain":0,"player_choice":"Donut","damage_taken":0,"max_hp_gain":5,"max_hp_loss":0,"event_name":"Big Fish","floor":4,"gold_loss":0},{"damage_healed":0,"gold_gain":0,"player_choice":"Fought Mushrooms","damage_taken":0,"max_hp_gain":0,"max_hp_loss":0,"event_name":"Mushrooms","floor":14,"gold_loss":0},{"cards_removed":["Biased Cognition"],"damage_healed":0,"gold_gain":0,"player_choice":"Gave Card","damage_taken":0,"relics_obtained":["Ginger"],"max_hp_gain":0,"max_hp_loss":0,"event_name":"WeMeetAgain","floor":20,"gold_loss":0}],"is_beta":false,"boss_relics":[{"not_picked":["Empty Cage","Nuclear Battery"],"picked":"Calling Bell"}],"items_purged_floors":[],"is_endless":false,"potions_floor_spawned":[7,11,12],"killed_by":"Snake Plant","ascension_level":16}}