{"host":"7wi4qgm5yw4j7oz0","time":1612981511,"event":{"mods":["AchievementEnabler","BaseMod","Block Reminder","Colored Map","Colored Powertips","Highlight Path","Minty Spire (QoL Compilation)","Permanent Neow","Random Character Button","Rare Cards Sparkle","StSLib","everything is the same but u backflip on backflip"],"gold_per_floor":[109,125,143,143,155,155,213,213,213,226,252,268,268,286,286,385,385,385,284,209,209,109,109,109,109],"floor_reached":24,"language":"KOR","playtime":1067,"items_purged":["Strike_R","Strike_R"],"score":290,"play_id":"e2270fcb-13a6-46d2-ad19-441241d4e293","local_time":"20210211032511","is_ascension_mode":true,"campfire_choices":[{"data":"Bludgeon","floor":6.0,"key":"SMITH"},{"floor":13.0,"key":"REST"},{"data":"Limit Break","floor":15.0,"key":"SMITH"}],"circlet_count":0,"master_deck":["Strike_R","Strike_R","Strike_R","Defend_R","Defend_R","Defend_R","Defend_R","Bash","Bludgeon+1","Feel No Pain","Whirlwind","Pommel Strike","Armaments","Ghostly Armor","Wild Strike+1","Limit Break+1","Headbutt+1","Inflame","Reaper+1","Shrug It Off","True Grit","Second Wind","Decay"],"relics":["Burning Blood","Torii","Molten Egg 2","Boot","Ectoplasm"],"acts_visited":["Exordium","TheCity"],"potions_floor_usage":[18,20,24],"damage_taken":[{"damage":6.0,"enemies":"Cultist","floor":1.0,"turns":3.0},{"damage":10.0,"enemies":"Small Slimes","floor":2.0,"turns":2.0},{"damage":12.0,"enemies":"Jaw Worm","floor":3.0,"turns":2.0},{"damage":18.0,"enemies":"Large Slime","floor":5.0,"turns":5.0},{"damage":35.0,"enemies":"3 Sentries","floor":7.0,"turns":6.0},{"damage":9.0,"enemies":"2 Fungi Beasts","floor":10.0,"turns":2.0},{"damage":1.0,"enemies":"Gremlin Nob","floor":11.0,"turns":4.0},{"damage":1.0,"enemies":"Looter","floor":12.0,"turns":2.0},{"damage":7.0,"enemies":"3 Louse","floor":14.0,"turns":3.0},{"damage":35.0,"enemies":"Hexaghost","floor":16.0,"turns":10.0},{"damage":14,"enemies":"Shell Parasite","floor":18,"turns":4},{"damage":26,"enemies":"2 Thieves","floor":20,"turns":5},{"damage":46,"enemies":"Cultist and Chosen","floor":21,"turns":7},{"damage":13,"enemies":"3 Cultists","floor":24,"turns":3}],"seed_played":"7289843452304755033","potions_obtained":[{"floor":3.0,"key":"Fruit Juice"},{"floor":8.0,"key":"Weak Potion"},{"floor":8.0,"key":"Ancient Potion"},{"floor":8.0,"key":"Explosive Potion"},{"floor":10.0,"key":"FearPotion"},{"floor":11.0,"key":"SkillPotion"},{"floor":16.0,"key":"AttackPotion"},{"floor":21,"key":"SkillPotion"}],"is_trial":false,"path_per_floor":["M","M","M","?","M","R","?","?","T","M","E","M","R","M","R","B",null,"M","$","M","M","$","?","M"],"character_chosen":"IRONCLAD","items_purchased":["True Grit"],"campfire_rested":1,"item_purchase_floors":[19],"current_hp_per_floor":[72,68,67,67,55,55,26,26,26,23,28,33,58,57,57,28,71,63,63,43,13,13,13,0,0],"gold":109,"neow_bonus":"ONE_RANDOM_RARE_CARD","is_daily":false,"chose_seed":false,"campfire_upgraded":2,"win_rate":0.0,"timestamp":1612981511,"path_taken":["M","M","?","?","M","R","?","?","T","M","E","?","R","M","R","BOSS","M","$","M","M","?","?","M"],"items_purchased_type":["Card"],"build_version":"2020-12-22","purchased_purges":2,"victory":false,"max_hp_per_floor":[80,80,85,85,85,85,85,85,85,85,85,85,85,85,85,85,85,85,85,85,85,85,85,85,85],"card_choices":[{"not_picked":["Heavy Blade","Wild Strike"],"picked":"Feel No Pain","floor":1.0},{"not_picked":["Second Wind","True Grit"],"picked":"Whirlwind","floor":2.0},{"not_picked":["Heavy Blade","Shockwave"],"picked":"Pommel Strike","floor":3.0},{"not_picked":["Evolve","Rage"],"picked":"Armaments","floor":5.0},{"not_picked":["Intimidate","Second Wind"],"picked":"Ghostly Armor","floor":7.0},{"not_picked":["Sword Boomerang+1","Sever Soul+1"],"picked":"Wild Strike+1","floor":10.0},{"not_picked":["Twin Strike+1","Burning Pact"],"picked":"Limit Break","floor":11.0},{"not_picked":["Rupture","Entrench"],"picked":"Headbutt+1","floor":12.0},{"not_picked":["Clash+1","Pommel Strike+1"],"picked":"Inflame","floor":14.0},{"not_picked":["Offering","Bludgeon+1"],"picked":"Reaper+1","floor":16.0},{"not_picked":["Clash+1","Pommel Strike+1"],"picked":"Shrug It Off","floor":18},{"not_picked":["Flame Barrier","Perfected Strike+1"],"picked":"Second Wind","floor":20},{"not_picked":["Reckless Charge+1","Rampage+1","Metallicize"],"picked":"SKIP","floor":21}],"player_experience":291297,"relics_obtained":[{"floor":7.0,"key":"Torii"},{"floor":9.0,"key":"Molten Egg 2"},{"floor":11.0,"key":"Boot"}],"event_choices":[{"damage_healed":0.0,"max_hp_gain":0.0,"max_hp_loss":0.0,"gold_gain":0.0,"event_name":"Liars Game","player_choice":"Ignored","floor":4.0,"gold_loss":0.0,"damage_taken":0.0},{"damage_healed":0.0,"max_hp_gain":0.0,"max_hp_loss":0.0,"gold_gain":0.0,"event_name":"Dead Adventurer","player_choice":"Searched \u00271\u0027 times","floor":7.0,"gold_loss":0.0,"damage_taken":0.0},{"damage_healed":0.0,"max_hp_gain":0.0,"max_hp_loss":0.0,"gold_gain":0.0,"event_name":"Lab","player_choice":"Got Potions","floor":8.0,"gold_loss":0.0,"damage_taken":0.0},{"damage_healed":0,"gold_gain":0,"player_choice":"Smashed Altar","damage_taken":0,"max_hp_gain":0,"max_hp_loss":0,"event_name":"Forgotten Altar","floor":23,"gold_loss":0,"cards_obtained":["Decay"]}],"is_beta":false,"boss_relics":[{"not_picked":["Pandora\u0027s Box","Runic Dome"],"picked":"Ectoplasm"}],"items_purged_floors":[19,22],"is_endless":false,"potions_floor_spawned":[3,10,11,16,21],"killed_by":"3 Cultists","ascension_level":9}}