{"host":"od5ywzqo3ufwbec6","time":1612981607,"event":{"mods":["2.2 Compatiblity","AchievementEnabler","BaseMod","Conspire","Infinite Spire","JesterMod","Jorbs\u0027s Wanderer Trilogy","Minty Spire (QoL Compilation)","Replay The Spire","StSLib","The Bladedancer","The Exalted","The Judge","The Runesmith","The Sage","The Servant 0.9.4","The Trickster","Wandering Minibosses"],"gold_per_floor":[118,118,118,130,141,141,151,177,177,177,177,177,159,159,159,262,262,212,212],"floor_reached":18,"language":"RUS","playtime":741,"items_purged":[],"score":168,"play_id":"afc6939d-ec15-42b7-af44-7438c81fd575","local_time":"20210210212647","is_ascension_mode":true,"campfire_choices":[{"data":"Zap","floor":6.0,"key":"SMITH"},{"floor":12.0,"key":"REST"}],"circlet_count":0,"master_deck":["Strike_B","Strike_B","Defend_B","Defend_B","Defend_B","Defend_B","Zap+1","Dualcast","Genetic Algorithm","Gash","Self Repair","White Noise","ReplayTheSpireMod:Chaos Vortex","Rebound","Rebound","ReplaySort","Buffer"],"relics":["Replay:Bottled Steam"],"acts_visited":["Exordium","TheCity"],"potions_floor_usage":[],"damage_taken":[{"damage":11.0,"enemies":"2 Louse","floor":1.0,"turns":2.0},{"damage":0.0,"enemies":"Small Slimes","floor":4.0,"turns":2.0},{"damage":0.0,"enemies":"Cultist","floor":5.0,"turns":4.0},{"damage":18.0,"enemies":"Exordium Wildlife","floor":7.0,"turns":5.0},{"damage":33.0,"enemies":"Gremlin Nob","floor":8.0,"turns":4.0},{"damage":5.0,"enemies":"Looter","floor":13.0,"turns":5.0},{"damage":17,"enemies":"Hexaghost","floor":16,"turns":8},{"damage":85,"enemies":"conspire:FuzzyDice","floor":18,"turns":7}],"seed_played":"-6579698064284100530","potions_obtained":[{"floor":3.0,"key":"Reflective Coating"},{"floor":3.0,"key":"LiquidMemories"},{"floor":3.0,"key":"LiquidBronze"},{"floor":7.0,"key":"DuplicationPotion"}],"is_trial":false,"path_per_floor":["M","?","?","M","M","R","M","E","T","?","?","R","M","?","R","B",null,"M"],"character_chosen":"DEFECT","items_purchased":[],"campfire_rested":1,"item_purchase_floors":[],"current_hp_per_floor":[71,71,71,71,71,71,53,27,27,6,6,30,32,32,32,22,82,0,0],"gold":212,"neow_bonus":"TEN_PERCENT_HP_BONUS","is_daily":false,"chose_seed":false,"campfire_upgraded":1,"win_rate":0.0,"timestamp":1612981607,"path_taken":["M","?","?","M","M","R","?","E","T","?","?","R","M","?","R","BOSS","M"],"items_purchased_type":[],"build_version":"2020-12-22","purchased_purges":0,"victory":false,"max_hp_per_floor":[82,82,82,82,82,82,82,82,82,82,82,82,82,82,82,82,82,82,82],"card_choices":[{"not_picked":["Stack","Conserve Battery"],"picked":"Genetic Algorithm","floor":1.0},{"not_picked":["Go for the Eyes","Barrage"],"picked":"Gash","floor":4.0},{"not_picked":["Auto Shields","ReplaySort","Streamline"],"picked":"SKIP","floor":5.0},{"not_picked":["Steam Power","Panic Button"],"picked":"Self Repair","floor":7.0},{"not_picked":["Panic Button","Hologram"],"picked":"White Noise","floor":8.0},{"not_picked":["infinitespire:Gouge","infinitespire:SealOfDarkness+"],"picked":"ReplayTheSpireMod:Chaos Vortex","floor":10.0},{"not_picked":["Panic Button","Hologram"],"picked":"Rebound","floor":13.0},{"not_picked":["Mirror Shield","Biased Cognition"],"picked":"Buffer","floor":16}],"player_experience":237323,"relics_obtained":[{"floor":2.0,"key":"PreservedInsect"},{"floor":8.0,"key":"Replay:Bottled Steam"}],"event_choices":[{"damage_healed":0.0,"max_hp_gain":0.0,"max_hp_loss":0.0,"gold_gain":0.0,"event_name":"Lab","player_choice":"Got Potions","floor":3.0,"gold_loss":0.0,"damage_taken":0.0},{"damage_healed":0.0,"max_hp_gain":0.0,"max_hp_loss":0.0,"gold_gain":0.0,"cards_transformed":["Strike_B"],"event_name":"Living Wall","player_choice":"Change","floor":11.0,"gold_loss":0.0,"damage_taken":0.0,"cards_obtained":["Rebound"]}],"is_beta":false,"boss_relics":[{"not_picked":["ReplayTheSpireMod:DimensionalGlitch","Ring of Chaos","Runic Dome"]}],"items_purged_floors":[],"is_endless":false,"potions_floor_spawned":[4,7],"killed_by":"conspire:FuzzyDice","ascension_level":1}}