{"host":"uzcks4yhskks9i02","time":1612925338,"event":{"mods":["BaseMod","Minty Spire (QoL Compilation)","Quick Restart"],"gold_per_floor":[114,132,150,160,170,202,202,234,234,234,234,244,244,260,260,359,359,379,399,324,339,438,438,438,468,549,578,596,612,632,258,258,360,360,376,394,409,428,4,37,80,133,133,133,162,162,19,33,33,58],"floor_reached":51,"language":"ENG","playtime":3092,"items_purged":["Defend_G"],"score":981,"play_id":"29977bee-ef97-460d-8ca9-2177b6d696ff","local_time":"20210209194858","is_ascension_mode":true,"campfire_choices":[{"data":"A Thousand Cuts","floor":7.0,"key":"SMITH"},{"data":"Skewer","floor":11.0,"key":"SMITH"},{"data":"Sucker Punch","floor":13.0,"key":"SMITH"},{"data":"Terror","floor":15.0,"key":"SMITH"},{"data":"Envenom","floor":23.0,"key":"SMITH"},{"data":"Storm of Steel","floor":32.0,"key":"SMITH"},{"floor":44,"key":"REST"},{"floor":49,"key":"REST"}],"circlet_count":0,"master_deck":["Strike_G","Strike_G","Strike_G","Strike_G","Defend_G","Defend_G","Defend_G","Defend_G","Survivor","Neutralize","Skewer+1","Terror+1","Bullet Time","Deadly Poison","A Thousand Cuts+1","Poisoned Stab","Sucker Punch+1","Poisoned Stab","Envenom+1","Slice+1","Bane","Catalyst","Storm of Steel+1","Distraction+1","Heel Hook+1","Concentrate+1","Backstab+1","Footwork","Eviscerate+1","A Thousand Cuts","Cloak And Dagger+1","Blur+1","Accuracy","Glass Knife+1","HandOfGreed+1","Finisher+1","Blade Dance+1","Infinite Blades","Die Die Die+1"],"relics":["Ring of the Serpent","Mango","Ninja Scroll","Paper Crane","Black Star","Question Card","Molten Egg 2","Nunchaku","White Beast Statue","InkBottle","Bottled Tornado","Lee\u0027s Waffle","Membership Card","Toy Ornithopter","Anchor","Bag of Marbles","Tingsha","Pocketwatch","Pear","CaptainsWheel","PreservedInsect","Girya"],"acts_visited":["Exordium","TheCity","TheBeyond"],"potions_floor_usage":[42,42,50,50],"damage_taken":[{"damage":2.0,"enemies":"Jaw Worm","floor":1.0,"turns":6.0},{"damage":0.0,"enemies":"Cultist","floor":2.0,"turns":4.0},{"damage":0.0,"enemies":"Small Slimes","floor":3.0,"turns":2.0},{"damage":0.0,"enemies":"2 Fungi Beasts","floor":4.0,"turns":3.0},{"damage":0.0,"enemies":"Looter","floor":5.0,"turns":2.0},{"damage":46.0,"enemies":"3 Sentries","floor":6.0,"turns":12.0},{"damage":36.0,"enemies":"Lagavulin","floor":8.0,"turns":6.0},{"damage":14.0,"enemies":"Large Slime","floor":12.0,"turns":4.0},{"damage":0.0,"enemies":"Red Slaver","floor":14.0,"turns":2.0},{"damage":22.0,"enemies":"Slime Boss","floor":16.0,"turns":6.0},{"damage":15.0,"enemies":"2 Thieves","floor":18.0,"turns":3.0},{"damage":2.0,"enemies":"Shell Parasite","floor":19.0,"turns":3.0},{"damage":29.0,"enemies":"Snecko","floor":21.0,"turns":5.0},{"damage":42.0,"enemies":"Book of Stabbing","floor":25.0,"turns":5.0},{"damage":2.0,"enemies":"Slavers","floor":27.0,"turns":2.0},{"damage":0.0,"enemies":"Shelled Parasite and Fungi","floor":28.0,"turns":2.0},{"damage":0.0,"enemies":"Chosen and Byrds","floor":29.0,"turns":4.0},{"damage":0.0,"enemies":"Snake Plant","floor":30.0,"turns":3.0},{"damage":63.0,"enemies":"Collector","floor":33.0,"turns":5.0},{"damage":30.0,"enemies":"3 Shapes","floor":35.0,"turns":4.0},{"damage":11.0,"enemies":"Orb Walker","floor":36.0,"turns":2.0},{"damage":0.0,"enemies":"Maw","floor":37.0,"turns":6.0},{"damage":19.0,"enemies":"3 Darklings","floor":38.0,"turns":6.0},{"damage":15.0,"enemies":"Reptomancer","floor":40.0,"turns":4.0},{"damage":10,"enemies":"Sphere and 2 Shapes","floor":41,"turns":4},{"damage":15,"enemies":"2 Orb Walkers","floor":42,"turns":3},{"damage":2,"enemies":"Giant Head","floor":45,"turns":4},{"damage":5,"enemies":"Transient","floor":48,"turns":5},{"damage":72,"enemies":"Awakened One","floor":50,"turns":9}],"seed_played":"727530204330413486","potions_obtained":[{"floor":3.0,"key":"SneckoOil"},{"floor":6.0,"key":"LiquidBronze"},{"floor":8.0,"key":"LiquidMemories"},{"floor":21.0,"key":"Weak Potion"},{"floor":27.0,"key":"AttackPotion"},{"floor":28.0,"key":"LiquidMemories"},{"floor":29.0,"key":"EssenceOfSteel"},{"floor":30.0,"key":"PowerPotion"},{"floor":33.0,"key":"DuplicationPotion"},{"floor":35.0,"key":"EntropicBrew"},{"floor":38.0,"key":"BlessingOfTheForge"},{"floor":40.0,"key":"Explosive Potion"},{"floor":42,"key":"Block Potion"},{"floor":45,"key":"Poison Potion"},{"floor":48,"key":"Weak Potion"}],"is_trial":false,"path_per_floor":["M","M","M","M","M","E","R","E","T","?","R","M","R","M","R","B",null,"M","M","?","M","?","R","?","E","T","E","M","M","M","$","R","B",null,"M","M","M","M","$","E","M","?","T","R","E","?","$","M","R","B",null],"character_chosen":"THE_SILENT","items_purchased":["Lee\u0027s Waffle","Footwork","Eviscerate+1","Membership Card","Toy Ornithopter","Accuracy","Glass Knife+1","HandOfGreed+1","Girya"],"campfire_rested":2,"item_purchase_floors":[31,31,31,39,39,39,39,39,47],"current_hp_per_floor":[75,75,75,75,75,43,43,7,7,91,91,77,77,77,77,55,91,76,74,74,45,45,45,45,3,3,1,1,1,1,98,98,35,98,68,57,57,38,38,43,33,28,28,57,65,65,65,60,92,30],"gold":58,"neow_bonus":"TEN_PERCENT_HP_BONUS","is_daily":false,"chose_seed":false,"campfire_upgraded":6,"win_rate":0.0,"timestamp":1612925338,"path_taken":["M","M","M","M","M","E","R","E","T","?","R","M","R","M","R","BOSS","M","?","?","M","?","R","?","E","T","E","M","M","M","$","R","BOSS","M","M","M","M","$","E","M","?","T","R","E","?","$","M","R","BOSS"],"items_purchased_type":["Relic","Card","Card","Relic","Relic","Card","Card","Card","Relic"],"build_version":"2020-12-22","purchased_purges":1,"victory":true,"max_hp_per_floor":[77,77,77,77,77,91,91,91,91,91,91,91,91,91,91,91,91,91,91,91,91,91,91,91,91,91,91,91,91,91,98,98,98,98,98,98,98,98,98,98,98,98,98,98,108,108,108,108,108,108],"card_choices":[{"not_picked":["Acrobatics","Outmaneuver"],"picked":"Skewer","floor":1.0},{"not_picked":["Heel Hook","Slice"],"picked":"Masterful Stab","floor":2.0},{"not_picked":["Setup","Cloak And Dagger"],"picked":"Terror","floor":3.0},{"not_picked":["Underhanded Strike","Deadly Poison"],"picked":"Bullet Time","floor":4.0},{"not_picked":["Cloak And Dagger","Deflect"],"picked":"Deadly Poison","floor":5.0},{"not_picked":["Dagger Spray","Infinite Blades"],"picked":"A Thousand Cuts","floor":6.0},{"not_picked":["Reflex","All Out Attack"],"picked":"Poisoned Stab","floor":8.0},{"not_picked":["Prepared","Dodge and Roll"],"picked":"Sucker Punch","floor":12.0},{"not_picked":["Sucker Punch","Quick Slash"],"picked":"Poisoned Stab","floor":14.0},{"not_picked":["Phantasmal Killer","Night Terror"],"picked":"Envenom","floor":16.0},{"not_picked":["Acrobatics","Finisher"],"picked":"Slice+1","floor":18.0},{"not_picked":["Poisoned Stab","Prepared"],"picked":"Bane","floor":19.0},{"not_picked":["Outmaneuver","Dagger Throw"],"picked":"Catalyst","floor":21.0},{"not_picked":["PiercingWail+1","Endless Agony+1","Quick Slash+1"],"picked":"Storm of Steel","floor":25.0},{"not_picked":["Prepared","Acrobatics","Underhanded Strike+1"],"picked":"Distraction+1","floor":27.0},{"not_picked":["Underhanded Strike+1","Sucker Punch+1","Flechettes+1"],"picked":"Heel Hook+1","floor":28.0},{"not_picked":["Sucker Punch+1","Acrobatics","Deflect"],"picked":"Concentrate+1","floor":29.0},{"not_picked":["Poisoned Stab+1","Flying Knee+1","Outmaneuver"],"picked":"Backstab+1","floor":30.0},{"not_picked":["Doppelganger","Adrenaline","Tools of the Trade"],"picked":"A Thousand Cuts","floor":33.0},{"not_picked":["Outmaneuver+1","Dagger Throw+1","Dagger Spray+1"],"picked":"Cloak And Dagger+1","floor":35.0},{"not_picked":["Poisoned Stab+1","Concentrate+1","PiercingWail+1"],"picked":"Blur+1","floor":36.0},{"not_picked":["Sucker Punch+1","Poisoned Stab+1","Bane+1","Dagger Spray+1"],"picked":"SKIP","floor":37.0},{"not_picked":["Underhanded Strike+1","Backflip+1","Escape Plan","Flying Knee+1"],"picked":"SKIP","floor":38.0},{"not_picked":["Deadly Poison","Flying Knee+1","Grand Finale+1"],"picked":"Finisher+1","floor":40.0},{"not_picked":["Dagger Throw+1","Quick Slash+1","Deflect"],"picked":"Blade Dance+1","floor":41},{"not_picked":["Cloak And Dagger+1","Slice+1","PiercingWail"],"picked":"Infinite Blades","floor":42},{"not_picked":["Skewer+1","Acrobatics+1","Blade Dance"],"picked":"Die Die Die+1","floor":45},{"not_picked":["Well Laid Plans","Slice+1","Leg Sweep","Underhanded Strike+1"],"picked":"SKIP","floor":48}],"player_experience":567405,"relics_obtained":[{"floor":6.0,"key":"Mango"},{"floor":8.0,"key":"Ninja Scroll"},{"floor":9.0,"key":"Paper Crane"},{"floor":25.0,"key":"Molten Egg 2"},{"floor":25.0,"key":"Nunchaku"},{"floor":26.0,"key":"White Beast Statue"},{"floor":27.0,"key":"InkBottle"},{"floor":27.0,"key":"Bottled Tornado"},{"floor":40.0,"key":"Anchor"},{"floor":40.0,"key":"Bag of Marbles"},{"floor":42,"key":"Tingsha"},{"floor":43,"key":"Pocketwatch"},{"floor":45,"key":"Pear"},{"floor":45,"key":"CaptainsWheel"}],"event_choices":[{"cards_removed":["Masterful Stab"],"damage_healed":84.0,"max_hp_gain":0.0,"max_hp_loss":0.0,"gold_gain":0.0,"event_name":"Bonfire Elementals","player_choice":"Offered Uncommon","floor":10.0,"gold_loss":0.0,"damage_taken":0.0},{"cards_removed":["Strike_G"],"damage_healed":0.0,"max_hp_gain":0.0,"max_hp_loss":0.0,"gold_gain":0.0,"event_name":"Beggar","player_choice":"Gave Gold","floor":20.0,"gold_loss":75.0,"damage_taken":0.0},{"damage_healed":0.0,"max_hp_gain":0.0,"max_hp_loss":0.0,"gold_gain":99.0,"event_name":"Nest","player_choice":"Stole From Cult","floor":22.0,"gold_loss":0.0,"damage_taken":0.0},{"damage_healed":0.0,"max_hp_gain":0.0,"max_hp_loss":0.0,"gold_gain":0.0,"event_name":"The Mausoleum","player_choice":"Opened","floor":24.0,"gold_loss":0.0,"damage_taken":0.0,"relics_obtained":["Question Card"]},{"damage_healed":0,"gold_gain":0,"player_choice":"Fight","damage_taken":0,"max_hp_gain":0,"max_hp_loss":0,"event_name":"Mysterious Sphere","floor":42,"gold_loss":0},{"damage_healed":0,"gold_gain":0,"player_choice":"Gave Potion","damage_taken":0,"relics_obtained":["PreservedInsect"],"max_hp_gain":0,"max_hp_loss":0,"event_name":"WeMeetAgain","floor":46,"gold_loss":0}],"is_beta":false,"boss_relics":[{"not_picked":["Runic Dome","SlaversCollar"],"picked":"Black Star"},{"not_picked":["SacredBark","Busted Crown"],"picked":"Ring of the Serpent"}],"items_purged_floors":[31],"is_endless":false,"potions_floor_spawned":[3,6,8,12,14,21,27,28,29,30,33,35,36,37,38,40,41,42,45,48],"ascension_level":4}}