{"host":"qrt7o4dq2qslzw13","time":1612997615,"event":{"mods":["AchievementEnabler","BaseMod","Colored Map","Colored Powertips","Minty Spire (QoL Compilation)","Quick Restart","StSLib","SuperFastMode"],"gold_per_floor":[366,366,384,15,25,25,25,25,25,74,74,85,162,174,174,278,278,294,393,393,406,406,406,434,434,486,342,367,383,399,399,399],"floor_reached":31,"language":"ENG","playtime":567,"items_purged":[],"score":414,"play_id":"7deea0f2-2798-4a8a-acba-a4e78437a6a9","local_time":"20210210175335","is_ascension_mode":true,"campfire_choices":[{"data":"Catalyst","floor":6.0,"key":"SMITH"},{"data":"Masterful Stab","floor":8.0,"key":"SMITH"},{"data":"The Bomb","floor":11.0,"key":"SMITH"},{"data":"Flechettes","floor":15.0,"key":"SMITH"},{"floor":23.0,"key":"REST"},{"data":"Setup","floor":25,"key":"SMITH"}],"circlet_count":0,"master_deck":["AscendersBane","Strike_G+1","Strike_G+1","Strike_G+1","Defend_G+1","Defend_G+1","Defend_G+1","Defend_G+1","Defend_G+1","Survivor","Neutralize","Underhanded Strike+1","Bouncing Flask+1","The Bomb+1","Masterful Stab+1","Catalyst+1","Blur","Flechettes+1","Doppelganger","Calculated Gamble","Expertise+1","Tools of the Trade+1","Deadly Poison+1","Deadly Poison","Dash","PiercingWail","Phantasmal Killer","Setup+1","Bane+1","Reflex","Poisoned Stab","Catalyst","Unload","Acrobatics","Unload","Backstab+1","Catalyst"],"relics":["Ring of the Snake","Tiny Chest","Prayer Wheel","Blood Vial","Sundial","Astrolabe","Mercury Hourglass","Pear","Strawberry","Orrery","Nunchaku"],"acts_visited":["Exordium","TheCity"],"potions_floor_usage":[24,24],"damage_taken":[{"damage":6.0,"enemies":"Cultist","floor":1.0,"turns":5.0},{"damage":0.0,"enemies":"Jaw Worm","floor":3.0,"turns":4.0},{"damage":4.0,"enemies":"Small Slimes","floor":5.0,"turns":4.0},{"damage":9.0,"enemies":"Exordium Thugs","floor":12.0,"turns":4.0},{"damage":3.0,"enemies":"Looter","floor":14.0,"turns":3.0},{"damage":28.0,"enemies":"The Guardian","floor":16.0,"turns":8.0},{"damage":13.0,"enemies":"Shell Parasite","floor":18.0,"turns":3.0},{"damage":14.0,"enemies":"3 Byrds","floor":21.0,"turns":6.0},{"damage":14,"enemies":"Slavers","floor":24,"turns":6},{"damage":12,"enemies":"3 Cultists","floor":29,"turns":5},{"damage":4,"enemies":"Chosen and Byrds","floor":30,"turns":4},{"damage":46,"enemies":"Book of Stabbing","floor":31,"turns":4}],"seed_played":"8376991087535904051","potions_obtained":[{"floor":1.0,"key":"GamblersBrew"},{"floor":5.0,"key":"Poison Potion"},{"floor":12.0,"key":"ColorlessPotion"},{"floor":21.0,"key":"DistilledChaos"}],"is_trial":false,"path_per_floor":["M","?","M","$","M","R","?","R","T","T","R","M","T","M","R","B",null,"M","?","?","M","T","R","E","R","T","$","T","M","M","E"],"character_chosen":"THE_SILENT","items_purchased":["Tiny Chest","The Bomb","Masterful Stab","Orrery"],"campfire_rested":1,"item_purchase_floors":[4,4,4,27],"current_hp_per_floor":[57,57,57,57,53,53,53,53,53,53,53,46,46,45,45,19,52,41,41,41,29,29,47,45,45,52,52,52,42,40,0,0],"gold":399,"neow_bonus":"TWO_FIFTY_GOLD","is_daily":false,"chose_seed":false,"campfire_upgraded":5,"win_rate":0.0,"timestamp":1612997615,"path_taken":["M","?","M","$","?","R","?","R","T","?","R","M","?","M","R","BOSS","M","?","?","M","?","R","E","R","T","$","?","M","?","E"],"items_purchased_type":["Relic","Card","Card","Relic"],"build_version":"2020-12-22","purchased_purges":0,"victory":false,"max_hp_per_floor":[63,63,63,63,63,63,63,63,63,63,63,63,63,63,63,63,63,63,63,63,63,63,63,73,73,80,80,80,80,80,80,80],"card_choices":[{"not_picked":["Setup","Dagger Throw"],"picked":"Underhanded Strike","floor":1.0},{"not_picked":["PiercingWail","Tactician"],"picked":"Bouncing Flask","floor":3.0},{"not_picked":["Finisher","Flying Knee"],"picked":"Catalyst","floor":5.0},{"not_picked":["Dagger Throw","Sucker Punch"],"picked":"Blur","floor":12.0},{"not_picked":["Choke","Finisher"],"picked":"Flechettes","floor":12.0},{"not_picked":["Accuracy","Acrobatics"],"picked":"Doppelganger","floor":14.0},{"not_picked":["All Out Attack","Dodge and Roll"],"picked":"Calculated Gamble","floor":14.0},{"not_picked":["A Thousand Cuts","Tools of the Trade"],"picked":"Unload","floor":16.0},{"not_picked":["Blade Dance","All Out Attack+1"],"picked":"Deadly Poison","floor":18.0},{"not_picked":["Infinite Blades","Acrobatics"],"picked":"Dash","floor":18.0},{"not_picked":["Acrobatics","Slice"],"picked":"PiercingWail","floor":21.0},{"not_picked":["Eviscerate","Slice"],"picked":"Phantasmal Killer","floor":21.0},{"not_picked":["Sucker Punch","Quick Slash"],"picked":"Setup","floor":24},{"not_picked":["Concentrate","Quick Slash+1"],"picked":"Bane+1","floor":27},{"not_picked":["Choke","PiercingWail"],"picked":"Reflex","floor":27},{"not_picked":["Outmaneuver","Choke"],"picked":"Poisoned Stab","floor":27},{"not_picked":["Dagger Spray","Quick Slash"],"picked":"Catalyst","floor":27},{"not_picked":["Underhanded Strike+1","Outmaneuver"],"picked":"Unload","floor":27},{"not_picked":["Dodge and Roll","Predator"],"picked":"Acrobatics","floor":29},{"not_picked":["Prepared","Deflect"],"picked":"Unload","floor":29},{"not_picked":["Heel Hook","Prepared+1"],"picked":"Backstab+1","floor":30},{"not_picked":["Caltrops+1","Slice"],"picked":"Catalyst","floor":30}],"player_experience":632221,"relics_obtained":[{"floor":9.0,"key":"Prayer Wheel"},{"floor":10.0,"key":"Blood Vial"},{"floor":13.0,"key":"Sundial"},{"floor":22.0,"key":"Mercury Hourglass"},{"floor":24,"key":"Pear"},{"floor":26,"key":"Strawberry"},{"floor":28,"key":"Nunchaku"}],"event_choices":[{"damage_healed":0.0,"max_hp_gain":0.0,"max_hp_loss":0.0,"gold_gain":0.0,"event_name":"Upgrade Shrine","player_choice":"Upgraded","floor":2.0,"gold_loss":0.0,"damage_taken":0.0,"cards_upgraded":["Underhanded Strike"]},{"damage_healed":0.0,"max_hp_gain":0.0,"max_hp_loss":0.0,"gold_gain":0.0,"event_name":"Living Wall","player_choice":"Grow","floor":7.0,"gold_loss":0.0,"damage_taken":0.0,"cards_upgraded":["Bouncing Flask"]},{"damage_healed":0.0,"max_hp_gain":0.0,"max_hp_loss":0.0,"gold_gain":99.0,"event_name":"Nest","player_choice":"Stole From Cult","floor":19.0,"gold_loss":0.0,"damage_taken":0.0},{"damage_healed":0.0,"max_hp_gain":0.0,"max_hp_loss":0.0,"gold_gain":0.0,"event_name":"Back to Basics","player_choice":"Simplicity","floor":20.0,"gold_loss":0.0,"damage_taken":0.0,"cards_upgraded":["Strike_G","Strike_G","Strike_G","Defend_G","Defend_G","Defend_G","Defend_G","Defend_G"]}],"is_beta":false,"boss_relics":[{"not_picked":["Pandora\u0027s Box","Velvet Choker"],"picked":"Astrolabe"}],"items_purged_floors":[],"is_endless":false,"potions_floor_spawned":[1,5,12,14,21],"killed_by":"Book of Stabbing","ascension_level":12}}