{"host":"2j0mbbhh79gnud0i","time":1612954892,"event":{"mods":["BaseMod","Minty Spire (QoL Compilation)","Shop Mod","StSLib"],"gold_per_floor":[131,160,172,184,211,259,271,324,336,400,461,517,579,638,650,797,809,842,875,496,107,131,166,214,259,259,308,361,404,404,425,425,555,555,578,578,592,592,642,691,691,734,734,734,401,446,200,272,272,398,398,414,244,253,253,69,107,146,190,190,233,50,99,141,181,181,307,307,307,307],"floor_reached":69,"language":"KOR","playtime":21632,"items_purged":["Flex","Dodge and Roll","Backstab","Sucker Punch","Reflex+1","Venomology","Regret"],"score":2318,"play_id":"0652e4f6-a683-41ff-bd46-b4ad29c4a17e","local_time":"20210210200132","daily_mods":["Draft","Vintage","Diverse","Flight","DeadlyEvents","Elite Swarm","Night Terrors","Terminal"],"is_ascension_mode":false,"campfire_choices":[{"data":"Envenom","floor":7,"key":"SMITH"},{"data":"Rampage","floor":15,"key":"SMITH"},{"data":"Accuracy","floor":30,"key":"SMITH"},{"data":"Heatsinks","floor":32,"key":"SMITH"},{"data":"Cloak And Dagger","floor":41,"key":"SMITH"},{"data":"All For One","floor":44,"key":"PURGE"},{"data":"Poisoned Stab","floor":49,"key":"PURGE"},{"data":"Rampage+1","floor":66,"key":"PURGE"}],"circlet_count":0,"master_deck":["Heatsinks+1","Pommel Strike","Accuracy+1","Acrobatics","Rip and Tear+1","Cloak And Dagger+1","Double Energy+1","Envenom+1","Burst+1","Feed+1","Seek+1","Doppelganger+1","Juggernaut","Cloak And Dagger+1","Brutality","Venomology+1","Core Surge","Exhume+1","Bullet Time+1","Meteor Strike","Night Terror+1","Biased Cognition","Demon Form","Poisoned Stab+1","Capacitor","Body Slam+1","Double Tap+1","Core Surge+1","Double Tap+1","After Image","Adrenaline+1"],"relics":["Burning Blood","Shuriken","Sundial","Golden Idol","HornCleat","CaptainsWheel","Meat on the Bone","CeramicFish","Toxic Egg 2","Eternal Feather","Toy Ornithopter","Anchor","Bronze Scales","Membership Card","Snake Skull","Singing Bowl","Chemical X","Question Card","Oddly Smooth Stone","TungstenRod","Akabeko","PreservedInsect","Ornamental Fan","Centennial Puzzle","White Beast Statue","SlaversCollar","Smiling Mask","Molten Egg 2","Bag of Preparation","Mercury Hourglass","Torii","Paper Crane","Nunchaku","Peace Pipe","War Paint","Sling","Blue Candle","Potion Belt","Pantograph","Calipers","Black Star","Art of War","Ancient Tea Set","Orichalcum","Gremlin Horn","MerchantsRug","Frozen Eye","Blood Vial","The Specimen","Runic Dome"],"acts_visited":["Exordium","TheCity","TheBeyond","Exordium","TheCity"],"potions_floor_usage":[6,11,13,13,14,16,16,16,19,19,23,23,23,25,27,27,28,31,33,33,35,37,37,37,37,39,39,40,42,46,46,48,50,50,50,50,50,50,52,58,61,65,67,67],"damage_taken":[{"damage":0,"enemies":"2 Louse","floor":1,"turns":2},{"damage":2,"enemies":"Small Slimes","floor":2,"turns":2},{"damage":0,"enemies":"Cultist","floor":5,"turns":2},{"damage":0,"enemies":"Gremlin Nob","floor":6,"turns":4},{"damage":1,"enemies":"3 Sentries","floor":8,"turns":7},{"damage":9,"enemies":"Lagavulin","floor":10,"turns":5},{"damage":0,"enemies":"Gremlin Nob","floor":11,"turns":4},{"damage":22,"enemies":"3 Sentries","floor":12,"turns":10},{"damage":0,"enemies":"Gremlin Nob","floor":13,"turns":6},{"damage":0,"enemies":"Lagavulin","floor":14,"turns":3},{"damage":0,"enemies":"Slime Boss","floor":16,"turns":8},{"damage":0,"enemies":"Spheric Guardian","floor":18,"turns":4},{"damage":0,"enemies":"Chosen","floor":19,"turns":5},{"damage":8,"enemies":"Gremlin Leader","floor":23,"turns":3},{"damage":0,"enemies":"Book of Stabbing","floor":24,"turns":3},{"damage":8,"enemies":"Slavers","floor":25,"turns":5},{"damage":0,"enemies":"Book of Stabbing","floor":27,"turns":3},{"damage":3,"enemies":"Slavers","floor":28,"turns":3},{"damage":5,"enemies":"Book of Stabbing","floor":29,"turns":4},{"damage":0,"enemies":"Snake Plant","floor":31,"turns":2},{"damage":0,"enemies":"Automaton","floor":33,"turns":3},{"damage":0,"enemies":"Orb Walker","floor":35,"turns":1},{"damage":0,"enemies":"3 Darklings","floor":37,"turns":4},{"damage":0,"enemies":"Reptomancer","floor":39,"turns":2},{"damage":0,"enemies":"Giant Head","floor":40,"turns":3},{"damage":0,"enemies":"Nemesis","floor":42,"turns":3},{"damage":0,"enemies":"Giant Head","floor":46,"turns":3},{"damage":0,"enemies":"Mind Bloom Boss Battle","floor":48,"turns":4},{"damage":0,"enemies":"Awakened One","floor":50,"turns":5},{"damage":0,"enemies":"Jaw Worm","floor":52,"turns":3},{"damage":0,"enemies":"Gremlin Nob","floor":57,"turns":2},{"damage":0,"enemies":"3 Sentries","floor":58,"turns":3},{"damage":0,"enemies":"Lagavulin","floor":59,"turns":3},{"damage":0,"enemies":"Gremlin Nob","floor":61,"turns":2},{"damage":0,"enemies":"3 Sentries","floor":63,"turns":2},{"damage":0,"enemies":"Gremlin Nob","floor":64,"turns":1},{"damage":0,"enemies":"Lagavulin","floor":65,"turns":3},{"damage":0,"enemies":"The Guardian","floor":67,"turns":3},{"damage":0,"enemies":"3 Byrds","floor":69,"turns":2}],"seed_played":"-6102612911564353128","potions_obtained":[{"floor":2,"key":"Block Potion"},{"floor":10,"key":"Fire Potion"},{"floor":12,"key":"SkillPotion"},{"floor":13,"key":"SkillPotion"},{"floor":14,"key":"PowerPotion"},{"floor":16,"key":"Block Potion"},{"floor":18,"key":"ColorlessPotion"},{"floor":24,"key":"EssenceOfSteel"},{"floor":27,"key":"Energy Potion"},{"floor":31,"key":"EntropicBrew"},{"floor":33,"key":"SneckoOil"},{"floor":35,"key":"Strength Potion"},{"floor":37,"key":"Swift Potion"},{"floor":46,"key":"Ancient Potion"},{"floor":48,"key":"BlessingOfTheForge"},{"floor":50,"key":"Block Potion"},{"floor":52,"key":"DistilledChaos"},{"floor":57,"key":"LiquidMemories"},{"floor":59,"key":"LiquidMemories"},{"floor":65,"key":"SteroidPotion"},{"floor":67,"key":"PowerPotion"}],"is_trial":true,"path_per_floor":["M","M","?","?","M","E","R","E","T","E","E","E","E","E","R","B",null,"M","M","$","$","T","E","E","E","T","E","E","E","R","M","R","B",null,"M","T","M","?","E","E","R","E","T","R","$","E","$","?","R","B",null,"M","$","?","?","$","E","E","E","T","E","$","E","E","E","R","B",null,"M"],"character_chosen":"THE_SILENT","items_purchased":["Membership Card","Snake Skull","Singing Bowl","Chemical X","Question Card","Pear","Cloak And Dagger+1","War Paint","Sling","Blue Candle","Potion Belt","Pantograph","Ancient Tea Set","Capacitor","Body Slam+1","Gremlin Horn","MerchantsRug","Frozen Eye","The Specimen"],"campfire_rested":0,"item_purchase_floors":[20,20,20,21,21,21,21,45,45,45,47,47,53,53,53,56,56,56,62],"current_hp_per_floor":[68,67,51,51,57,63,62,61,60,57,58,42,51,57,57,59,58,60,62,61,70,69,69,72,73,73,76,79,78,77,76,75,78,77,76,75,78,77,80,79,78,83,82,81,80,97,96,99,98,103,102,101,100,99,98,97,98,107,110,109,112,111,114,117,116,115,116,115,115,115],"gold":307,"neow_bonus":"","is_daily":false,"chose_seed":false,"campfire_upgraded":5,"win_rate":0.0,"timestamp":1612954892,"path_taken":["M","M","?","?","?","E","R","?","T","E","E","E","E","?","R","BOSS","M","?","$","$","?","E","E","E","T","E","E","E","R","?","R","BOSS","M","?","?","?","?","E","R","E","T","R","$","E","$","?","R","BOSS","M","$","?","?","?","E","?","?","T","E","?","E","E","E","R","BOSS","M"],"items_purchased_type":["Relic","Relic","Relic","Relic","Relic","Relic","Card","Relic","Relic","Relic","Relic","Relic","Relic","Card","Card","Relic","Relic","Relic","Relic"],"build_version":"2020-12-22","purchased_purges":7,"victory":false,"max_hp_per_floor":[68,67,66,65,64,63,62,61,60,59,58,57,59,58,57,59,58,60,62,61,70,69,70,72,74,73,76,79,78,77,76,75,78,77,76,75,78,77,80,79,78,83,82,81,80,97,96,99,98,103,102,101,100,99,98,97,98,107,110,109,112,111,114,117,116,115,116,115,115,115],"card_choices":[{"not_picked":["Redo","Consume"],"picked":"Sucker Punch","floor":0},{"not_picked":["Backflip","Dagger Spray"],"picked":"Heatsinks","floor":0},{"not_picked":["Twin Strike","Compile Driver"],"picked":"Pommel Strike","floor":0},{"not_picked":["Blade Dance","Flex"],"picked":"Backstab","floor":0},{"not_picked":["Dagger Throw","Pummel"],"picked":"Accuracy","floor":0},{"not_picked":["Underhanded Strike","Rip and Tear"],"picked":"Acrobatics","floor":0},{"not_picked":["Hemokinesis","Dodge and Roll"],"picked":"Distraction","floor":0},{"not_picked":["Armaments","Stack"],"picked":"Rip and Tear","floor":0},{"not_picked":["Leap","Clash"],"picked":"Quick Slash","floor":0},{"not_picked":["Flying Knee","Flame Barrier"],"picked":"Cloak And Dagger","floor":0},{"not_picked":["Dropkick","Reinforced Body"],"picked":"Double Energy","floor":0},{"not_picked":["Lockon","Sunder"],"picked":"Dodge and Roll","floor":0},{"not_picked":["Terror","Crippling Poison"],"picked":"Reflex","floor":0},{"not_picked":["Heel Hook","Anger"],"picked":"Flex","floor":0},{"not_picked":["Rebound","Outmaneuver"],"picked":"Rampage","floor":0},{"not_picked":["Grand Finale","Rainbow","Creative AI"],"picked":"SKIP","floor":6},{"not_picked":["Grand Finale","Rainbow","Creative AI"],"picked":"SKIP","floor":6},{"not_picked":["Immolate","Unload","Impervious"],"picked":"SKIP","floor":8},{"not_picked":["A Thousand Cuts","Rainbow"],"picked":"Venomology","floor":10},{"not_picked":["Multi-Cast+1","Bludgeon"],"picked":"Burst+1","floor":11},{"not_picked":["Thunder Strike","Reaper"],"picked":"Seek+1","floor":12},{"not_picked":["Seek+1","Venomology+1"],"picked":"Doppelganger+1","floor":13},{"not_picked":["Fiend Fire","Thunder Strike"],"picked":"All For One","floor":14},{"not_picked":["Rainbow+1","All For One"],"picked":"Juggernaut","floor":16},{"not_picked":["Venomology+1","Bludgeon","Fission+1","Doppelganger+1"],"picked":"Singing Bowl","floor":23},{"not_picked":["Phantasmal Killer+1","Barricade","Creative AI"],"picked":"Brutality","floor":24},{"not_picked":["Juggernaut","Echo Form","Phantasmal Killer+1"],"picked":"Venomology+1","floor":25},{"not_picked":["Feed","Rainbow+1","Phantasmal Killer+1"],"picked":"Core Surge","floor":27},{"not_picked":["Seek+1","Barricade","Impervious+1"],"picked":"Exhume+1","floor":28},{"not_picked":["Core Surge","Bludgeon","Night Terror+1"],"picked":"Bullet Time+1","floor":29},{"not_picked":["Wraith Form v2","Barricade","Bludgeon"],"picked":"Meteor Strike","floor":33},{"not_picked":["Fiend Fire+1","Juggernaut","Buffer"],"picked":"Night Terror+1","floor":39},{"not_picked":["Glass Knife+1","Bludgeon+1","Burst+1"],"picked":"Biased Cognition","floor":40},{"not_picked":["Wraith Form v2","Corruption","Night Terror+1","Grand Finale+1"],"picked":"Singing Bowl","floor":42},{"not_picked":["Machine Learning","Bullet Time+1","Reaper+1"],"picked":"Demon Form","floor":46},{"not_picked":["Outmaneuver+1","Blizzard+1","Force Field+1"],"picked":"Poisoned Stab+1","floor":48},{"not_picked":["Core Surge+1","Biased Cognition","Die Die Die+1","Multi-Cast+1"],"picked":"Singing Bowl","floor":50},{"not_picked":["Unload+1","Burst+1","Wraith Form v2","Limit Break+1"],"picked":"Singing Bowl","floor":57},{"not_picked":["All For One+1","Amplify+1","Offering+1","Buffer"],"picked":"Singing Bowl","floor":58},{"not_picked":["Buffer","Die Die Die+1","Seek+1"],"picked":"Double Tap+1","floor":59},{"not_picked":["Juggernaut","Offering+1","Biased Cognition"],"picked":"Core Surge+1","floor":61},{"not_picked":["A Thousand Cuts","Reaper+1","Malaise+1"],"picked":"Double Tap+1","floor":63},{"not_picked":["Doppelganger+1","Fission+1","Berserk"],"picked":"After Image","floor":64},{"not_picked":["Meteor Strike+1","Offering+1","All For One+1"],"picked":"Adrenaline+1","floor":65},{"not_picked":["Reaper+1","Venomology+1","Envenom","Bullet Time+1"],"picked":"Singing Bowl","floor":67}],"player_experience":73656,"relics_obtained":[{"floor":1,"key":"Shuriken"},{"floor":2,"key":"Sundial"},{"floor":6,"key":"HornCleat"},{"floor":8,"key":"CaptainsWheel"},{"floor":9,"key":"Meat on the Bone"},{"floor":10,"key":"CeramicFish"},{"floor":11,"key":"Toxic Egg 2"},{"floor":12,"key":"Eternal Feather"},{"floor":13,"key":"Dream Catcher"},{"floor":14,"key":"Toy Ornithopter"},{"floor":18,"key":"Anchor"},{"floor":19,"key":"Bronze Scales"},{"floor":22,"key":"Oddly Smooth Stone"},{"floor":23,"key":"TungstenRod"},{"floor":24,"key":"Regal Pillow"},{"floor":25,"key":"Whetstone"},{"floor":26,"key":"Akabeko"},{"floor":27,"key":"PreservedInsect"},{"floor":28,"key":"Ornamental Fan"},{"floor":29,"key":"Centennial Puzzle"},{"floor":31,"key":"White Beast Statue"},{"floor":35,"key":"Smiling Mask"},{"floor":36,"key":"Molten Egg 2"},{"floor":37,"key":"Bag of Preparation"},{"floor":39,"key":"Mercury Hourglass"},{"floor":40,"key":"Torii"},{"floor":42,"key":"Paper Crane"},{"floor":43,"key":"Nunchaku"},{"floor":46,"key":"Mango"},{"floor":48,"key":"Calipers"},{"floor":52,"key":"Art of War"},{"floor":60,"key":"Blood Vial"}],"event_choices":[{"damage_healed":0,"gold_gain":0,"player_choice":"Take Damage","damage_taken":16,"relics_obtained":["Golden Idol"],"max_hp_gain":0,"max_hp_loss":0,"event_name":"Golden Idol","floor":3,"gold_loss":0},{"damage_healed":0,"gold_gain":0,"cards_transformed":["Quick Slash"],"player_choice":"Transformed","damage_taken":0,"max_hp_gain":0,"max_hp_loss":0,"event_name":"Transmorgrifier","floor":4,"gold_loss":0,"cards_obtained":["Buffer"]},{"damage_healed":0,"gold_gain":0,"player_choice":"Ignored","damage_taken":0,"max_hp_gain":0,"max_hp_loss":0,"event_name":"NoteForYourself","floor":38,"gold_loss":0},{"damage_healed":0,"gold_gain":0,"player_choice":"Fight","damage_taken":0,"max_hp_gain":0,"max_hp_loss":0,"event_name":"MindBloom","floor":48,"gold_loss":0},{"damage_healed":0,"gold_gain":0,"player_choice":"Box","damage_taken":0,"relics_obtained":["Orichalcum"],"max_hp_gain":0,"max_hp_loss":0,"event_name":"Big Fish","floor":54,"gold_loss":0,"cards_obtained":["Regret"]},{"damage_healed":0,"gold_gain":0,"player_choice":"Ignored","damage_taken":0,"max_hp_gain":0,"max_hp_loss":0,"event_name":"Liars Game","floor":55,"gold_loss":0}],"is_beta":false,"boss_relics":[{"not_picked":["Coffee Dripper","Cursed Key"],"picked":"Empty Cage"},{"not_picked":["Busted Crown","Runic Dome"],"picked":"SlaversCollar"},{"not_picked":["HoveringKite","Fusion Hammer"],"picked":"Black Star"},{"not_picked":["Snecko Eye","Astrolabe"],"picked":"Runic Dome"}],"items_purged_floors":[20,21,45,47,53,56,62],"is_endless":true,"potions_floor_spawned":[2,10,12,13,14,16,18,24,27,31,33,35,37,39,40,42,46,48,50,52,57,58,59,61,63,64,65,67],"killed_by":"3 Byrds","ascension_level":0}}