{"host":"p7dn4l5818biq9as","time":1612977806,"event":{"mods":["2.2 Compatiblity","Act Like it!","Arknights","BaseMod","Better Third Choice","Custom Start","Gensokyo","KinomotoSakuraMod(Ä¾Ö®±¾Ó£)","Minty Spire (QoL Compilation)","Quick Restart","Rare Cards Sparkle","Spicy Shops","StSLib"],"gold_per_floor":[119,119,139,25,25,356,371,381,381,396,396,423,433,433,433,532,532,532],"floor_reached":17,"language":"ZHS","playtime":2687,"items_purged":[],"score":192,"play_id":"cee6a87a-21c1-4f9f-b033-d7a4d6d95458","local_time":"20210211012326","is_ascension_mode":false,"campfire_choices":[{"data":"ats:Absolute Focus","floor":11,"key":"SMITH"},{"data":"ats:Emotion Absorption","floor":15,"key":"SMITH"}],"circlet_count":0,"master_deck":["ats:Strike C","ats:Strike G","ats:Strike S","ats:Strike V","ats:Armor Crushing Shot","ats:Defend","ats:Defend","ats:Defend","ats:Emotion Absorption+1","ats:Very Hot Blade","ats:Spore Proliferation","ats:Sashimi Platter","ats:Sword Rain","Regret","ats:Absolute Focus+1","ats:Cat Scratch","ats:Closed Bolt Burst Fire","ats:Closed Bolt Burst Fire","ats:Mental Burst","ats:Phantom+1","ats:Volcano"],"relics":["ats:Sanity","NeowsBlessing","Frozen Egg 2","ats:Originium","Old Coin","Pocketwatch","Unceasing Top","Busted Crown"],"acts_visited":["Exordium","TheCity"],"potions_floor_usage":[12,12],"damage_taken":[{"damage":0,"enemies":"ats:Genji","floor":1,"turns":1},{"damage":0,"enemies":"Small Slimes","floor":3,"turns":1},{"damage":0,"enemies":"3 Sentries","floor":6,"turns":2},{"damage":5,"enemies":"2 Louse","floor":7,"turns":2},{"damage":17,"enemies":"Looter","floor":8,"turns":3},{"damage":18,"enemies":"Large Slime","floor":10,"turns":6},{"damage":29,"enemies":"Gremlin Nob","floor":12,"turns":5},{"damage":14,"enemies":"Blue Slaver","floor":13,"turns":3},{"damage":7,"enemies":"Slime Boss","floor":16,"turns":6}],"seed_played":"-2207711015954473763","potions_obtained":[{"floor":3,"key":"GamblersBrew"},{"floor":6,"key":"ats:Emergency Sanity Potion"},{"floor":13,"key":"Ancient Potion"},{"floor":16,"key":"DuplicationPotion"}],"is_trial":false,"path_per_floor":["M","?","M","$","?","E","M","M","T","M","R","E","M","?","R","B",null],"character_chosen":"DOCTOR_CLASS","items_purchased":["ats:Sword Rain"],"campfire_rested":0,"item_purchase_floors":[4],"current_hp_per_floor":[72,72,72,72,72,72,67,55,55,58,58,41,33,33,33,38,72,72],"gold":532,"neow_bonus":"THREE_ENEMY_KILL","is_daily":false,"chose_seed":false,"campfire_upgraded":2,"win_rate":0.0,"timestamp":1612977806,"path_taken":["M","?","M","$","?","E","M","M","T","M","R","E","M","?","R","BOSS"],"items_purchased_type":["Card"],"build_version":"2020-12-22","purchased_purges":0,"victory":false,"max_hp_per_floor":[72,72,72,72,72,72,72,72,72,72,72,72,72,72,72,72,72,72],"card_choices":[{"not_picked":["ats:Apocalypse","ats:Leaping Hammer"],"picked":"ats:Very Hot Blade","floor":1},{"not_picked":["ats:Burning Ground","ats:Assault Order"],"picked":"ats:Sashimi Platter","floor":3},{"not_picked":["ats:Curse Doll","ats:Counter Healing Mode+1"],"picked":"ats:Absolute Focus","floor":6},{"not_picked":["ats:Directed Diagnosis","ats:Assault Order"],"picked":"ats:Cat Scratch","floor":7},{"not_picked":["ats:Powerful Strike","ats:Disruption Kick"],"picked":"ats:Closed Bolt Burst Fire","floor":8},{"not_picked":["ats:Part Time Job+1","ats:Sword Rain"],"picked":"ats:Closed Bolt Burst Fire","floor":10},{"not_picked":["ats:Revitalization","ats:Thermite Blade"],"picked":"ats:Mental Burst","floor":12},{"not_picked":["ats:Flame Of Heaven","ats:Directed Diagnosis"],"picked":"ats:Phantom+1","floor":13},{"not_picked":["ats:Echo Reverb","ats:Durian"],"picked":"ats:Volcano","floor":16}],"player_experience":77407,"relics_obtained":[{"floor":6,"key":"ats:Originium"},{"floor":6,"key":"Old Coin"},{"floor":9,"key":"Pocketwatch"},{"floor":12,"key":"ats:Originium"},{"floor":12,"key":"Unceasing Top"}],"event_choices":[{"damage_healed":0,"gold_gain":0,"cards_transformed":["ats:Defend"],"player_choice":"Change","damage_taken":0,"max_hp_gain":0,"max_hp_loss":0,"event_name":"Living Wall","floor":2,"gold_loss":0,"cards_obtained":["ats:Spore Proliferation"]},{"damage_healed":0,"gold_gain":0,"player_choice":"Box","damage_taken":0,"relics_obtained":["Frozen Egg 2"],"max_hp_gain":0,"max_hp_loss":0,"event_name":"Big Fish","floor":5,"gold_loss":0,"cards_obtained":["Regret"]},{"damage_healed":0,"gold_gain":0,"player_choice":"Ignored","damage_taken":433,"max_hp_gain":0,"max_hp_loss":0,"event_name":"betterThird:BetterSerpent","floor":14,"gold_loss":0}],"is_beta":false,"boss_relics":[{"not_picked":["Runic Dome","ats:Tactical Delivery"],"picked":"Busted Crown"}],"items_purged_floors":[],"is_endless":false,"potions_floor_spawned":[3,6,13,16],"ascension_level":0}}