{"host":"u0qetpmu4y58k1tf","time":1612972218,"event":{"mods":["AchievementEnabler","BaseMod","CapriCore","Colored Map","Colored Powertips","Hermit","Marisa£¨Ùöéë¡¡Øª×âÞÞ£©","Minty Spire (QoL Compilation)","Reliquary","Replay The Spire","StSLib","SuperFastMode","The Bug Knight","The Cursed","The Gatherer","The Hierophant","The Immortal","The Runesmith"],"gold_per_floor":[117,117,132,132,146,186,186,186,186],"floor_reached":8,"language":"KOR","playtime":745,"items_purged":[],"score":112,"play_id":"e54a8821-c9f1-47e6-a9fb-7642a4a7764f","local_time":"20210211005018","daily_mods":["Draft","Diverse","Colorless Cards","Heirloom","DeadlyEvents","Elite Swarm"],"is_ascension_mode":true,"campfire_choices":[{"floor":7,"key":"REST"}],"circlet_count":0,"master_deck":["AscendersBane","TheCursedMod:SpitefulPlan","Seeing Red","MokouMod:Singe","MokouMod:Scorch","hermit:ShadowCloak","Headbutt","LuminesStrike","Battle Trance","Trip","Evaluate","Gatherer:WoolGloves","HollowMod:MantisMark","Dodge and Roll","TheCursedMod:CursedAmulet","HollowMod:CloakDash","hierophant:RepressedViolence","Pain","ReplayTheSpireMod:Private Reserves","MokouMod:Wildfire","Vault"],"relics":["Burning Blood","Lizard Tail","WarpedTongs","Golden Idol","Strawberry"],"acts_visited":["Exordium"],"potions_floor_usage":[8],"damage_taken":[{"damage":9,"enemies":"Small Slimes","floor":1,"turns":4},{"damage":6,"enemies":"Cultist","floor":3,"turns":4},{"damage":15,"enemies":"Jaw Worm","floor":5,"turns":3},{"damage":26,"enemies":"3 Sentries","floor":6,"turns":6},{"damage":205,"enemies":"Gremlin Nob","floor":8,"turns":5}],"seed_played":"3941759708074649459","potions_obtained":[{"floor":3,"key":"Fire Potion"},{"floor":5,"key":"Ancient Potion"}],"is_trial":true,"path_per_floor":["M","?","M","?","M","E","R","E"],"character_chosen":"IRONCLAD","items_purchased":[],"campfire_rested":1,"item_purchase_floors":[],"current_hp_per_floor":[65,65,65,39,30,17,41,0,0],"gold":186,"neow_bonus":"","is_daily":false,"chose_seed":false,"campfire_upgraded":0,"win_rate":0.0,"timestamp":1612972218,"path_taken":["M","?","?","?","M","E","R","E"],"items_purchased_type":[],"build_version":"2020-12-22","purchased_purges":0,"victory":false,"max_hp_per_floor":[75,75,75,75,75,82,82,82,82],"card_choices":[{"not_picked":["hierophant:Remorse","InnerPeace"],"picked":"TheCursedMod:SpitefulPlan","floor":0},{"not_picked":["Sentinel","HollowMod:InfectedCysts"],"picked":"Seeing Red","floor":0},{"not_picked":["Deadly Poison","ReplayTheSpireMod:Uncanny Aura"],"picked":"MokouMod:Singe","floor":0},{"not_picked":["HollowMod:ChannelNail","Runesmith:Superposition"],"picked":"MokouMod:Scorch","floor":0},{"not_picked":["PathToVictory","HollowMod:LifebloodCocoon"],"picked":"hermit:ShadowCloak","floor":0},{"not_picked":["hierophant:Zeal","Runesmith:Grindstone"],"picked":"Headbutt","floor":0},{"not_picked":["SashWhip","hierophant:HammerAndAnvil"],"picked":"LuminesStrike","floor":0},{"not_picked":["hierophant:OrnateBuckler","hierophant:Remorse"],"picked":"Battle Trance","floor":0},{"not_picked":["Replay:ManipulateFuture","MokouMod:Ember"],"picked":"Trip","floor":0},{"not_picked":["MokouMod:IgneousBlow","hermit:SprayPray"],"picked":"Evaluate","floor":0},{"not_picked":["MokouMod:RoaringFlare","HollowMod:CloakDash"],"picked":"Gatherer:WoolGloves","floor":0},{"not_picked":["Blade Dance","ReplaySolidLightProjector"],"picked":"HollowMod:MantisMark","floor":0},{"not_picked":["Gatherer:FragileHammer","BowlingBash"],"picked":"Dodge and Roll","floor":0},{"not_picked":["Gatherer:Transmute","MokouMod:Cataclysm"],"picked":"TheCursedMod:CursedAmulet","floor":0},{"not_picked":["Clash","hermit:GhostlyPresence"],"picked":"HollowMod:CloakDash","floor":0},{"not_picked":["Replay:BluntJabs","Gatherer:DrugPower"],"picked":"hierophant:RepressedViolence","floor":1},{"not_picked":["GalacticHalo","MokouMod:IcarusDive"],"picked":"ReplayTheSpireMod:Private Reserves","floor":3},{"not_picked":["Prepared","HollowMod:NewJinnsSoul"],"picked":"MokouMod:Wildfire","floor":5},{"not_picked":["HollowMod:MidwifesHunger","hierophant:Generosity"],"picked":"Vault","floor":6}],"player_experience":94521,"relics_obtained":[{"floor":6,"key":"Strawberry"}],"event_choices":[{"damage_healed":0,"gold_gain":0,"player_choice":"Rummage","damage_taken":0,"relics_obtained":["WarpedTongs"],"max_hp_gain":0,"max_hp_loss":0,"event_name":"Accursed Blacksmith","floor":2,"gold_loss":0,"cards_obtained":["Pain"]},{"damage_healed":0,"gold_gain":0,"player_choice":"Take Damage","damage_taken":26,"relics_obtained":["Golden Idol"],"max_hp_gain":0,"max_hp_loss":0,"event_name":"Golden Idol","floor":4,"gold_loss":0}],"is_beta":false,"boss_relics":[],"items_purged_floors":[],"is_endless":false,"potions_floor_spawned":[3,5],"killed_by":"Gremlin Nob","ascension_level":20}}