{"host":"ewn058xs2vaj5uc6","time":1612970846,"event":{"mods":["ATMod(??Mod)","Act Like it!","Aspiration","BaseMod","Better Vampires","BetterRewards","Bossed Relics","Colored Map","Colored Powertips","Downfall","Fox Events","Highlight Path","Minty Spire (QoL Compilation)","MostiFishMod","Quick Restart","Red Circlet Mod","Relic Filter Mod","Reliquary","Replay The Spire","Shop Mod","StSLib","SuperFastMode","TestMod","TheWitcher","??????REMEMod","????"],"gold_per_floor":[99,116,116,23,39,39,39,569,1086,1601,1634,999,722,652,1172,1277,1277,1101,1616,1631,1631,1631,1356,1356,1003,643,271,287,822,1337,854,1370,1475,1475,1058,1568,1151,1151,922,1459,1459,2004,2013,2013,1605,1605,2121,2671,3192,3692],"floor_reached":51,"language":"ZHS","playtime":2528,"items_purged":["Spreading Infection","champ:Strike","champ:Strike","SnafuTest:CurseRandom","testmod-BloodShelter","champ:Execute","champ:Defend","champ:Defend","champ:Defend"],"score":1151,"play_id":"9c9a68fe-30e8-4a99-b2cf-c832b7107808","local_time":"20210210232726","is_ascension_mode":false,"campfire_choices":[{"floor":44,"key":"RECALL"}],"circlet_count":0,"master_deck":["champ:Strike","champ:Strike","champ:HoldFirm+1","champ:Shatter","MostiFishMod:PerfectForm+1","champ:Devastate+1","expansioncontent:StudyTheSpire","expansioncontent:StudyTheSpire","champ:IgnorePain","MostiFishMod:PerfectForm+1","champ:StrikeOfGenius+1","champ:PerfectedStrike+1","champ:PerfectedStrike+1"],"relics":["champ:ChampionCrown","testmod-TestBox","AT_ATBox","REME_ComplimentaryCards","Membership Card","testmod-Déjàvu","Simple Rune","Ring of Panic","ReplayTheSpireMod:Ring of Challenge","DianDianMeat","Peace Pipe","reliquary:PrincelyHelmet","Unceasing Top","downfall:HeartBlessingGreen","Orichalcum","reliquary:PurpleTingedLeaf","reliquary:Bookmark","MerchantsRug","Mummified Hand","testmod-RealStoneCalender","BirthdayGift-Icosahedron","Snack Pack","testmod-ThousandKnives","ReplayTheSpireMod:ShopPack","Transparent","testmod-OneHitWonder","ReplayTheSpireMod:CursedCoin","WingedGreaves","Potion Belt","champ:GladiatorsBookOfMartialProwess","Juzu Bracelet","Akabeko","MostiFishMod:AdaptiveDefenses","reliquary:BallBearing","Matryoshka","Mercury Hourglass","Ying","CeramicFish","SnafuTest:CatRelic","TheAbacus","Mango","reliquary:WeakTea","Chemical X","Replay:Arrowhead","reliquary:RosewoodLute","testmod-InjuryResistance","Guardian:BottledAnomaly","reliquary:TridentHead","HereWithMe","AT_ImmortalShieldbow","DollysMirror","AT_SilvercatRing","testmod-IntensifyImprint","Blood Vial","ClockworkSouvenir","DaveBox","DianDianMeat","AT_Manta","reliquary:Knoch","BargainBundle","AT_BellowingDragoncrestRing","testmod-AssaultLearning","reliquary:HotPoker","Replay:Towering Pillar of Hats","SynthV:C4","reliquary:FeatherDuster","aspiration:Nostalgia","Cracked Core","reliquary:NewFriend","AT_Kusabimaru"],"acts_visited":["Exordium","TheCity","TheBeyond"],"potions_floor_usage":[8,9,11,13,15,16,16],"damage_taken":[{"damage":20,"enemies":"Small Slimes","floor":2,"turns":2},{"damage":25,"enemies":"downfall:FleeingMerchant","floor":4,"turns":4},{"damage":10,"enemies":"Cultist","floor":5,"turns":2},{"damage":54,"enemies":"Replay:BlueRogue","floor":8,"turns":5},{"damage":55,"enemies":"Jaw Worm","floor":9,"turns":5},{"damage":10,"enemies":"Blue Slaver","floor":10,"turns":3},{"damage":48,"enemies":"Gremlin Nob","floor":11,"turns":5},{"damage":28,"enemies":"downfall:FleeingMerchant","floor":13,"turns":4},{"damage":11,"enemies":"downfall:FleeingMerchant","floor":14,"turns":4},{"damage":0,"enemies":"3 Louse","floor":15,"turns":2},{"damage":10,"enemies":"WA_ARCHETYPE_RETAIN","floor":16,"turns":2},{"damage":1,"enemies":"Spheric Guardian","floor":19,"turns":2},{"damage":0,"enemies":"Snake Plant","floor":20,"turns":1},{"damage":1,"enemies":"Snecko","floor":28,"turns":2},{"damage":39,"enemies":"Book of Stabbing","floor":29,"turns":3},{"damage":68,"enemies":"Centurion and Healer","floor":30,"turns":3},{"damage":31,"enemies":"Shelled Parasite and Fungi","floor":32,"turns":3},{"damage":31,"enemies":"DF_ARCHETYPE_CLAW","floor":33,"turns":2},{"damage":0,"enemies":"3 Shapes","floor":36,"turns":1},{"damage":1,"enemies":"R_Hoarder","floor":40,"turns":2},{"damage":0,"enemies":"2 Orb Walkers","floor":42,"turns":1},{"damage":0,"enemies":"Orb Walker","floor":47,"turns":1},{"damage":0,"enemies":"Orb Walker","floor":48,"turns":1},{"damage":0,"enemies":"Maw","floor":49,"turns":1},{"damage":0,"enemies":"SI_POISON_ARCHETYPE","floor":50,"turns":1}],"seed_played":"4616595919306068551","potions_obtained":[{"floor":2,"key":"PowerPotion"},{"floor":8,"key":"DistilledChaos"},{"floor":9,"key":"Dexterity Potion"},{"floor":15,"key":"LiquidBronze"},{"floor":20,"key":"SpeedPotion"}],"is_trial":false,"path_per_floor":["R_BF","M","?","$","M","?","T","E","M","M","E","R","$","$","M","B",null,"R","M","M","?","?","$","T","R","$","R","M","E","M","$","M","B",null,"R","M","$","?","$","E","T","?","?","R","$","?","M","?","M","B",null],"character_chosen":"THE_CHAMP","items_purchased":["Simple Rune","Orichalcum","reliquary:PurpleTingedLeaf","reliquary:Bookmark","MerchantsRug","Adrenaline Potion","Elixir","champ:CounterPotion","MostiFishMod:PerfectForm","Mummified Hand","testmod-RealStoneCalender","BirthdayGift-Icosahedron","DistilledChaos","testmod-TimePotion","Snack Pack","testmod-ThousandKnives","ReplayTheSpireMod:ShopPack","testmod-OneHitWonder","ReplayTheSpireMod:CursedCoin","WingedGreaves","Weak Potion","Juzu Bracelet","Akabeko","MostiFishMod:AdaptiveDefenses","Energy Potion","PowerPotion","Matryoshka","Mercury Hourglass","Ying","testmod-TimePotion","CeramicFish","SnafuTest:CatRelic","TheAbacus","expansioncontent:StudyTheSpire","Mango","reliquary:WeakTea","Chemical X","testmod-Librarian","reliquary:RosewoodLute","testmod-InjuryResistance","Guardian:BottledAnomaly","expansioncontent:StudyTheSpire","AT_ImmortalShieldbow","DollysMirror","AT_SilvercatRing","testmod-IntensifyImprint","Blood Vial","ClockworkSouvenir","AT_Manta","reliquary:Knoch","BargainBundle","SynthV:C4","reliquary:FeatherDuster","aspiration:Nostalgia"],"campfire_rested":0,"item_purchase_floors":[4,12,12,12,12,12,12,12,12,13,13,13,13,13,14,14,14,18,18,18,18,23,23,23,23,23,25,25,25,25,26,26,26,26,27,27,27,27,31,31,31,31,35,35,35,37,37,37,39,39,39,45,45,45],"current_hp_per_floor":[99,99,99,99,99,99,99,70,55,55,27,28,37,62,82,104,105,109,109,109,109,109,109,109,109,114,134,134,134,134,141,141,149,149,158,158,158,158,158,169,169,169,182,182,182,182,182,182,197,197],"gold":3692,"neow_bonus":"TEN_PERCENT_HP_BONUS","is_daily":false,"chose_seed":false,"campfire_upgraded":0,"win_rate":0.0,"timestamp":1612970846,"path_taken":["R_BF","M","?","?","M","?","T","E","M","M","E","R","?","$","M","BOSS","R","M","M","?","?","$","T","R","$","R","M","E","M","$","M","BOSS","R","M","$","?","$","E","T","?","?","R","$","?","M","?","M","BOSS"],"items_purchased_type":["Relic","Relic","Relic","Relic","Relic","Potion","Potion","Potion","Card","Relic","Relic","Relic","Potion","Potion","Relic","Relic","Relic","Relic","Relic","Relic","Potion","Relic","Relic","Relic","Potion","Potion","Relic","Relic","Relic","Potion","Relic","Relic","Relic","Card","Relic","Relic","Relic","Card","Relic","Relic","Relic","Card","Relic","Relic","Relic","Relic","Relic","Relic","Relic","Relic","Relic","Relic","Relic","Relic"],"build_version":"2020-12-22","purchased_purges":9,"victory":true,"max_hp_per_floor":[99,99,99,99,99,99,99,99,99,99,99,100,100,102,102,105,105,109,109,109,109,109,109,109,109,114,134,134,134,134,141,141,149,149,158,158,158,158,158,169,169,169,182,182,182,182,182,182,197,197],"card_choices":[{"not_picked":["champ:BringItOn","champ:Encircle"],"picked":"champ:ArenaPreparation","floor":2},{"not_picked":["champ:FancyFootwork","champ:PreemptiveStrike"],"picked":"champ:HoldFirm","floor":4},{"not_picked":["champ:Circumvent","champ:PreemptiveStrike"],"picked":"champ:Shatter","floor":5},{"not_picked":["champ:AdrenalArmor","champ:SwordThrow","champ:BladeFlurry"],"picked":"SKIP","floor":8},{"not_picked":["champ:EnGarde","champ:PerfectedStrike","champ:GutPunch"],"picked":"SKIP","floor":9},{"not_picked":["champ:Backstep","champ:Shatter","champ:StanceDance"],"picked":"SKIP","floor":10},{"not_picked":["champ:FanOfKnives","champ:RapidStrikes","champ:FocusedDefense"],"picked":"SKIP","floor":11},{"not_picked":["champ:BladeFlurry","champ:LastStand","champ:Encircle"],"picked":"SKIP","floor":13},{"not_picked":["champ:Endure","champ:ArenaPreparation","champ:SetATrap"],"picked":"SKIP","floor":14},{"not_picked":["testmod-Librarian","AT_CelerityRune"],"picked":"testmod-BloodShelter","floor":14},{"not_picked":["champ:RapidStrikes","champ:PreciseThrust","champ:FancyFootwork"],"picked":"SKIP","floor":15},{"not_picked":["champ:MurderStrike","champ:DancingMaster"],"picked":"champ:Devastate","floor":16},{"not_picked":["champ:SkillfulDodge+1","champ:PreemptiveStrike","champ:FalseCounter"],"picked":"SKIP","floor":19},{"not_picked":["champ:DefensiveShout","champ:StanceDance+1","champ:AdrenalArmor+1"],"picked":"SKIP","floor":20},{"not_picked":["champ:PerfectedStrike","champ:BladeFlurry","champ:IronFortress"],"picked":"SKIP","floor":28},{"not_picked":["champ:FaceSlap","champ:FocusedBerserking","champ:SetATrap+1"],"picked":"SKIP","floor":29},{"not_picked":["champ:Backstep","champ:GutPunch+1","champ:TornadoPunch"],"picked":"SKIP","floor":30},{"not_picked":["champ:Haymaker","champ:Circumvent","champ:BerserkersShout"],"picked":"SKIP","floor":32},{"not_picked":["champ:SwordThrow","champ:VampiricStrike"],"picked":"champ:IgnorePain","floor":33},{"not_picked":["champ:Duel","champ:RapidStrikes","champ:Shatter"],"picked":"SKIP","floor":36},{"not_picked":["champ:LastStand","champ:Endure+1"],"picked":"champ:StrikeOfGenius","floor":40},{"not_picked":["champ:BringItOn+1","champ:PerfectedStrike","champ:Duel+1"],"picked":"SKIP","floor":47},{"not_picked":["champ:SkillfulDodge","champ:FlashCut+1"],"picked":"champ:PerfectedStrike+1","floor":49}],"player_experience":149281,"relics_obtained":[{"floor":6,"key":"Ring of Panic"},{"floor":6,"key":"ReplayTheSpireMod:Ring of Challenge"},{"floor":7,"key":"DianDianMeat"},{"floor":8,"key":"Peace Pipe"},{"floor":10,"key":"reliquary:PrincelyHelmet"},{"floor":11,"key":"Unceasing Top"},{"floor":19,"key":"Potion Belt"},{"floor":24,"key":"reliquary:BallBearing"},{"floor":29,"key":"Replay:Arrowhead"},{"floor":32,"key":"reliquary:TridentHead"},{"floor":40,"key":"AT_BellowingDragoncrestRing"},{"floor":41,"key":"testmod-AssaultLearning"},{"floor":41,"key":"reliquary:HotPoker"},{"floor":42,"key":"Replay:Towering Pillar of Hats"},{"floor":47,"key":"reliquary:NewFriend"},{"floor":48,"key":"AT_Kusabimaru"}],"event_choices":[{"cards_removed":["champ:BerserkersShout"],"damage_healed":5,"gold_gain":0,"player_choice":"Offered Common","damage_taken":0,"max_hp_gain":0,"max_hp_loss":0,"event_name":"Bonfire Elementals","floor":3,"gold_loss":0},{"cards_removed":["champ:BerserkersShout"],"damage_healed":5,"gold_gain":0,"player_choice":"Offered Special","damage_taken":0,"max_hp_gain":0,"max_hp_loss":0,"event_name":"Bonfire Elementals","floor":3,"gold_loss":0},{"damage_healed":0,"gold_gain":0,"player_choice":"Swap Relic","damage_taken":0,"relics_obtained":["DaveBox"],"max_hp_gain":0,"max_hp_loss":0,"event_name":"??????","floor":38,"relics_lost":["DaveBox"],"gold_loss":0},{"damage_healed":0,"gold_gain":0,"player_choice":"Fight","damage_taken":0,"max_hp_gain":0,"max_hp_loss":0,"event_name":"Mysterious Sphere","floor":42,"gold_loss":0}],"is_beta":false,"boss_relics":[{"not_picked":["OneHitWonderSystem","REME_ChargedStone"],"picked":"Transparent"},{"not_picked":["REME_DemonsWealth","NightmareShop"],"picked":"HereWithMe"}],"items_purged_floors":[12,13,14,18,31,35,37,39,45],"is_endless":false,"potions_floor_spawned":[2,8,9,15,20,29,36,42],"ascension_level":0}}