{"host":"roto7j7840a50pxh","time":1612941156,"event":{"mods":["Act Like it!","BaseMod","Better Altar","Better Note","Better Sensory Stone","Better Skull","Better Third Choice","BetterRewards","Colored Map","Colored Powertips","Downfall","Hermit","Highlight Path","Hubris","Infinite Spire","Minty Spire (QoL Compilation)","Replay The Spire","Robot Space Explorer","Shade Mod","Spicy Shops","StSLib","The Construct","The Cursed","The Dragon Tamer","The Hierophant","The Necromancer","The Runesmith","The Servant 0.9.4","TheVacant"],"gold_per_floor":[114,131,3,14,32,32,47,80,107,125,142,168,168,187,187,289,289,301,321,335,335,348,375,392,392,392,411,439,452,55,66,66,175,175,201,201,201,14,14,14,14,49,49,70,89,89,0,16,16,16],"floor_reached":51,"language":"ENG","playtime":3615,"items_purged":[],"score":2112,"play_id":"42144b6b-7a08-4651-a4e7-4de5f34662c9","local_time":"20210210021236","is_ascension_mode":true,"campfire_choices":[{"floor":6.0,"key":"REST"},{"floor":15.0,"key":"REST"},{"floor":25.0,"key":"REST"},{"floor":32.0,"key":"REST"},{"data":"TheCursedMod:CircleOfFlame","floor":40.0,"key":"SMITH"},{"floor":46,"key":"REST"},{"floor":49,"key":"REST"}],"circlet_count":0,"master_deck":["TheCursedMod:CursedWand","TheCursedMod:CleanUpWorkshop","TheCursedMod:Wield","Finesse+1","TheCursedMod:Stretching","TheCursedMod:Stretching","TheCursedMod:CircleOfCorruption+1","TheCursedMod:CircleOfCorruption+1","TheCursedMod:CircleOfWindfury+1","TheCursedMod:CircleOfAbyss","TheCursedMod:LuckyCharm","TheCursedMod:Obscuration+1","TheCursedMod:ManaBullet","TheCursedMod:CursedMace","TheCursedMod:SpitefulPray","Voices","TheCursedMod:CursedMace+1","TheCursedMod:CursedShiv","TheCursedMod:Wield","TheCursedMod:FleshFromBone+1","TheCursedMod:BlessingInDisguise","TheCursedMod:CircleOfCorruption","TheCursedMod:RapidMovement","Shame","TheCursedMod:SurpriseAttack+1","TheCursedMod:CursedBlade","TheCursedMod:SmokeScreen","TheCursedMod:Obscuration","TheCursedMod:CircleOfWindfury","TheCursedMod:CircleOfCorruption","TheCursedMod:WearCloak+1","TheCursedMod:ParallelWorld","CurseOfTheBell","TheCursedMod:FleshFromBone","TheCursedMod:LuckyCharm+1","TheCursedMod:Evocation+1","TheCursedMod:OutForBlood","TheCursedMod:WearCloak+1","DTMod:SealedStrike","TheCursedMod:CircleOfCorruption+1","TheCursedMod:SoulReap","TheCursedMod:TroublousMinions+1","TheCursedMod:CircleOfCorruption","TheCursedMod:HellfireBreathing+1","TheCursedMod:CircleOfFlame+1","TheCursedMod:CursedRelics","TheCursedMod:CursedStaff+1","Pain","TheCursedMod:CursedArmor","Decay","TheCursedMod:SoulReap","TheCursedMod:SurpriseAttack+1"],"relics":["TheCursedMod:PinkPellets","champ:Barbells","Potion Belt","Counterbalance","Prayer Wheel","ReplayTheSpireMod:CursedCoin","Ice Cream","Singing Bowl","Gremlin Food","sneckomod:BlankCard","Du-Vu Doll","hubris:Towel","Calling Bell","Nunchaku","Replay:Bottled Steam","Gambling Chip","Orichalcum","hubris:SphereOfDissonance","Juzu Bracelet","infinitespire:EvilPickle","Replay:Grab Bag","Cursed Key","Busted Crown","SlaversCollar","Bronze Scales","WarpedTongs","hexamod:Sixitude","Replay:Bottled Flurry","Red Mask"],"acts_visited":["Exordium","TheCity","TheBeyond"],"potions_floor_usage":[50],"damage_taken":[{"damage":8.0,"enemies":"infinitespire:Voidling","floor":1.0,"turns":2.0},{"damage":0.0,"enemies":"Cultist","floor":2.0,"turns":3.0},{"damage":0.0,"enemies":"2 Louse","floor":4.0,"turns":2.0},{"damage":0.0,"enemies":"Red Slaver","floor":5.0,"turns":4.0},{"damage":0.0,"enemies":"2 Fungi Beasts","floor":7.0,"turns":2.0},{"damage":12.0,"enemies":"Gremlin Nob","floor":8.0,"turns":4.0},{"damage":16.0,"enemies":"3 Louse","floor":10.0,"turns":3.0},{"damage":6.0,"enemies":"Blue Slaver","floor":11.0,"turns":5.0},{"damage":10.0,"enemies":"3 Sentries","floor":12.0,"turns":6.0},{"damage":0.0,"enemies":"2 Fungi Beasts","floor":14.0,"turns":1.0},{"damage":12.0,"enemies":"The Guardian","floor":16.0,"turns":8.0},{"damage":0.0,"enemies":"Shell Parasite","floor":18.0,"turns":3.0},{"damage":10.0,"enemies":"2 Thieves","floor":19.0,"turns":4.0},{"damage":15.0,"enemies":"Snecko","floor":20.0,"turns":4.0},{"damage":17.0,"enemies":"Snake Plant","floor":22.0,"turns":3.0},{"damage":15.0,"enemies":"Gremlin Leader","floor":23.0,"turns":6.0},{"damage":12.0,"enemies":"Sentry and Sphere","floor":24.0,"turns":1.0},{"damage":4.0,"enemies":"Snecko","floor":27.0,"turns":4.0},{"damage":0.0,"enemies":"Replay:Snechameleon","floor":28.0,"turns":2.0},{"damage":0.0,"enemies":"Chosen and Byrds","floor":29.0,"turns":4.0},{"damage":1.0,"enemies":"Sentry and Sphere","floor":31.0,"turns":3.0},{"damage":37.0,"enemies":"Pondfish","floor":33.0,"turns":7.0},{"damage":13.0,"enemies":"3 Darklings","floor":35.0,"turns":9.0},{"damage":89.0,"enemies":"Giant Head","floor":42.0,"turns":9.0},{"damage":0.0,"enemies":"Orb Walker","floor":44.0,"turns":3.0},{"damage":1.0,"enemies":"Transient","floor":45.0,"turns":5.0},{"damage":0,"enemies":"Writhing Mass","floor":48,"turns":4},{"damage":37,"enemies":"Time Eater","floor":50,"turns":12}],"seed_played":"-2339586197427088942","potions_obtained":[{"floor":1.0,"key":"Swift Potion"},{"floor":2.0,"key":"Elixir"},{"floor":11.0,"key":"Elixir"},{"floor":12.0,"key":"BlessingOfTheForge"},{"floor":14.0,"key":"champ:CounterPotion"},{"floor":18.0,"key":"Toxic Potion"},{"floor":22.0,"key":"Death Potion"},{"floor":23.0,"key":"AttackPotion"},{"floor":24.0,"key":"Reflective Coating"},{"floor":42.0,"key":"Adrenaline Potion"},{"floor":44.0,"key":"Swift Potion"}],"is_trial":false,"path_per_floor":["M","M","$","M","M","R","M","E","T","M","M","E","?","M","R","B",null,"M","M","M","?","M","E","M","R","T","M","E","M","$","M","R","B",null,"M","?","?","$","?","R","?","E","T","M","M","R","?","M","R","B",null],"character_chosen":"THE_CURSED","items_purchased":["TheCursedMod:LuckyCharm","TheCursedMod:Obscuration","champ:Barbells","Potion Belt","Counterbalance","TheCursedMod:ManaBullet","TheCursedMod:CursedMace","Prayer Wheel","TheCursedMod:SpitefulPray","Metamorphosis","ReplayTheSpireMod:CursedCoin","TheCursedMod:CursedMace+1","Ice Cream","TheCursedMod:CursedShiv","TheCursedMod:RapidMovement","Singing Bowl","TheCursedMod:HellfireBreathing","TheCursedMod:CircleOfFlame","Swift Potion","ColorlessPotion","champ:CounterPotion","Bronze Scales","TheCursedMod:CursedStaff"],"campfire_rested":6,"item_purchase_floors":[0,0,0,0,0,0,0,0,0,0,0,0,0,0,3,3,30,30,30,30,30,38,38],"current_hp_per_floor":[13,13,13,15,19,43,45,33,33,19,13,5,5,7,33,21,72,72,62,49,49,34,21,13,42,42,40,40,42,42,53,85,56,94,93,111,111,111,111,111,111,43,43,47,61,95,98,102,119,93],"gold":16,"neow_bonus":"","is_daily":false,"chose_seed":false,"campfire_upgraded":1,"win_rate":0.0,"timestamp":1612941156,"path_taken":["M","M","$","M","M","R","M","E","T","M","?","E","?","M","R","BOSS","M","M","M","?","?","E","M","R","T","M","E","M","$","M","R","BOSS","M","?","?","?","?","R","?","E","T","M","M","R","?","M","R","BOSS"],"items_purchased_type":["Card","Card","Relic","Relic","Relic","Card","Card","Relic","Card","Card","Relic","Card","Relic","Card","Card","Relic","Card","Card","Potion","Potion","Potion","Relic","Card"],"build_version":"2020-12-22","purchased_purges":0,"victory":true,"max_hp_per_floor":[75,75,75,77,81,81,83,83,83,85,85,87,87,89,89,89,89,89,89,91,91,93,95,99,99,99,101,101,103,103,107,107,107,107,111,111,111,111,111,111,111,111,111,115,115,115,115,119,119,119],"card_choices":[{"not_picked":["TheCursedMod:Obscuration","TheCursedMod:LuckyCharm"],"picked":"TheCursedMod:Wield","floor":1.0},{"not_picked":["TheCursedMod:AshesToAshes","TheCursedMod:Wield"],"picked":"TheCursedMod:FleshFromBone","floor":1.0},{"not_picked":["TheCursedMod:StunningStrike","TheCursedMod:Wield"],"picked":"TheCursedMod:BlessingInDisguise","floor":2.0},{"not_picked":["TheCursedMod:CursedShiv","TheCursedMod:Obscuration"],"picked":"TheCursedMod:CircleOfCorruption","floor":2.0},{"not_picked":["TheCursedMod:WearCloak","TheCursedMod:AshesToAshes","TheCursedMod:TacticalStrike"],"picked":"Singing Bowl","floor":4.0},{"not_picked":["TheCursedMod:FleshFromBone","TheCursedMod:Obscuration"],"picked":"TheCursedMod:SurpriseAttack","floor":4.0},{"not_picked":["TheCursedMod:RapidMovement","TheCursedMod:VitalStrike","TheCursedMod:TacticalStrike"],"picked":"Singing Bowl","floor":5.0},{"not_picked":["TheCursedMod:Stigma","TheCursedMod:CursedShiv","TheCursedMod:VoidForm"],"picked":"Singing Bowl","floor":5.0},{"not_picked":["TheCursedMod:CursedShiv","TheCursedMod:SoulCrush","TheCursedMod:TacticalStrike"],"picked":"Singing Bowl","floor":7.0},{"not_picked":["TheCursedMod:SoulCrush","TheCursedMod:VitalStrike"],"picked":"TheCursedMod:CursedBlade","floor":7.0},{"not_picked":["TheCursedMod:RapidMovement","TheCursedMod:PrepareRite"],"picked":"TheCursedMod:SmokeScreen","floor":8.0},{"not_picked":["TheCursedMod:WearCloak","TheCursedMod:CursedSpellbook","TheCursedMod:CircleOfAmplification"],"picked":"Singing Bowl","floor":10.0},{"not_picked":["TheCursedMod:SpitefulStrike","TheCursedMod:CursedBlade"],"picked":"TheCursedMod:Obscuration","floor":10.0},{"not_picked":["TheCursedMod:SpitefulPray","TheCursedMod:FuryStrike"],"picked":"TheCursedMod:CircleOfWindfury","floor":11.0},{"not_picked":["TheCursedMod:Torture","TheCursedMod:SoulCrush"],"picked":"TheCursedMod:CircleOfCorruption","floor":11.0},{"not_picked":["TheCursedMod:CursedBlade","TheCursedMod:Stretching","TheCursedMod:ShockAndAwe"],"picked":"Singing Bowl","floor":12.0},{"not_picked":["TheCursedMod:SpitefulStrike","TheCursedMod:CursedSpellbook","TheCursedMod:SpitefulPlan"],"picked":"Singing Bowl","floor":14.0},{"not_picked":["TheCursedMod:Hemoplague","TheCursedMod:SpitefulPlan"],"picked":"TheCursedMod:WearCloak","floor":14.0},{"not_picked":["TheCursedMod:UltimatePain","TheCursedMod:VoidForm"],"picked":"TheCursedMod:ParallelWorld","floor":16.0},{"not_picked":["TheCursedMod:CursedMace","TheCursedMod:SpitefulPray+1"],"picked":"TheCursedMod:FleshFromBone","floor":18.0},{"not_picked":["TheCursedMod:SpitefulPlan","TheCursedMod:Stretching"],"picked":"TheCursedMod:LuckyCharm","floor":18.0},{"not_picked":["TheCursedMod:CursedAmulet","TheCursedMod:CircleOfBlood"],"picked":"TheCursedMod:Evocation","floor":19.0},{"not_picked":["TheCursedMod:CircleOfFocus","TheCursedMod:Grudge"],"picked":"TheCursedMod:OutForBlood","floor":19.0},{"not_picked":["TheCursedMod:CursedShiv","TheCursedMod:ReleasedStrength","TheCursedMod:CursedBlade+1"],"picked":"Singing Bowl","floor":20.0},{"not_picked":["TheCursedMod:RapidMovement","TheCursedMod:Stigma+1"],"picked":"TheCursedMod:WearCloak+1","floor":20.0},{"not_picked":["TheCursedMod:CursedBoomerang","TheCursedMod:SpreadPlague"],"picked":"TheCursedMod:CircleOfCorruption+1","floor":22.0},{"not_picked":["TheCursedMod:FleshFromBone+1","TheCursedMod:WearCloak","TheCursedMod:ParallelWorld"],"picked":"Singing Bowl","floor":22.0},{"not_picked":["TheCursedMod:CircleOfFocus","TheCursedMod:BlessingInDisguise","TheCursedMod:LuckyCharm"],"picked":"Singing Bowl","floor":23.0},{"not_picked":["TheCursedMod:CollectTribute","TheCursedMod:SpreadPlague","TheCursedMod:AshesToAshes"],"picked":"Singing Bowl","floor":24.0},{"not_picked":["TheCursedMod:Obscuration","TheCursedMod:FleshFromBone","TheCursedMod:CursedShiv+1"],"picked":"Singing Bowl","floor":24.0},{"not_picked":["TheCursedMod:CircleOfCorruption","TheCursedMod:SaltUponWound","TheCursedMod:Stigma"],"picked":"Singing Bowl","floor":27.0},{"not_picked":["TheCursedMod:SpitefulStrike","TheCursedMod:Torture"],"picked":"TheCursedMod:SoulReap","floor":27.0},{"not_picked":["TheCursedMod:SaltUponWound","TheCursedMod:HellfireBreathing"],"picked":"TheCursedMod:TroublousMinions+1","floor":28.0},{"not_picked":["TheCursedMod:WearCloak","TheCursedMod:Obscuration"],"picked":"TheCursedMod:CircleOfCorruption","floor":29.0},{"not_picked":["TheCursedMod:CursedBlade","TheCursedMod:Obscuration","TheCursedMod:TacticalStrike+1"],"picked":"Singing Bowl","floor":29.0},{"not_picked":["TheCursedMod:SpreadPlague","TheCursedMod:CircleOfFlame","TheCursedMod:Wield"],"picked":"Singing Bowl","floor":31.0},{"not_picked":["TheCursedMod:Evocation+1","TheCursedMod:FleshFromBone","TheCursedMod:ManaBullet"],"picked":"Singing Bowl","floor":31.0},{"not_picked":["TheCursedMod:UltimatePain","TheCursedMod:ManaCirculation"],"picked":"TheCursedMod:CursedRelics","floor":33.0},{"not_picked":["TheCursedMod:CursedBlade+1"],"picked":"Singing Bowl","floor":35.0},{"not_picked":["TheCursedMod:FleshFromBone"],"picked":"Singing Bowl","floor":35.0},{"not_picked":[],"picked":"TheCursedMod:CursedArmor","floor":42.0},{"not_picked":["TheCursedMod:CursedMace+1"],"picked":"Singing Bowl","floor":44.0},{"not_picked":["TheCursedMod:CursedShiv+1"],"picked":"Singing Bowl","floor":44.0},{"not_picked":[],"picked":"TheCursedMod:SoulReap","floor":45},{"not_picked":[],"picked":"TheCursedMod:SurpriseAttack+1","floor":45},{"not_picked":["TheCursedMod:CircleOfBlood"],"picked":"Singing Bowl","floor":48},{"not_picked":["TheCursedMod:VitalStrike+1"],"picked":"Singing Bowl","floor":48}],"player_experience":1942301,"relics_obtained":[{"floor":8.0,"key":"Gremlin Food"},{"floor":9.0,"key":"sneckomod:BlankCard"},{"floor":12.0,"key":"Du-Vu Doll"},{"floor":17.0,"key":"Nunchaku"},{"floor":17.0,"key":"Replay:Bottled Steam"},{"floor":17.0,"key":"Gambling Chip"},{"floor":23.0,"key":"Orichalcum"},{"floor":26.0,"key":"hubris:SphereOfDissonance"},{"floor":28.0,"key":"Juzu Bracelet"},{"floor":42.0,"key":"hexamod:Sixitude"},{"floor":43.0,"key":"Replay:Bottled Flurry"}],"event_choices":[{"cards_removed":["TheCursedMod:CircleOfCorruption"],"damage_healed":0.0,"max_hp_gain":0.0,"max_hp_loss":0.0,"gold_gain":0.0,"event_name":"betterNote:BetterNote","player_choice":"Take \u0026 Give","floor":21.0,"gold_loss":0.0,"damage_taken":0.0,"cards_obtained":["DTMod:SealedStrike"]},{"damage_healed":28.0,"max_hp_gain":0.0,"max_hp_loss":0.0,"gold_gain":0.0,"event_name":"Winding Halls","player_choice":"Writhe","floor":36.0,"gold_loss":0.0,"damage_taken":0.0,"cards_obtained":["Writhe"]},{"cards_removed":["Metamorphosis"],"damage_healed":0.0,"max_hp_gain":0.0,"max_hp_loss":0.0,"gold_gain":0.0,"event_name":"Falling","player_choice":"Removed Skill","floor":37.0,"gold_loss":0.0,"damage_taken":0.0},{"damage_healed":0.0,"max_hp_gain":0.0,"max_hp_loss":0.0,"gold_gain":0.0,"event_name":"Accursed Blacksmith","player_choice":"Rummage","floor":39.0,"gold_loss":0.0,"damage_taken":0.0,"relics_obtained":["WarpedTongs"],"cards_obtained":["Pain"]},{"cards_removed":["Writhe"],"damage_healed":0.0,"max_hp_gain":0.0,"max_hp_loss":0.0,"gold_gain":0.0,"event_name":"Purifier","player_choice":"Purged","floor":41.0,"gold_loss":0.0,"damage_taken":0.0},{"damage_healed":0,"gold_gain":0,"player_choice":"Paid","damage_taken":0,"relics_obtained":["Red Mask"],"max_hp_gain":0,"max_hp_loss":0,"event_name":"Tomb of Lord Red Mask","floor":47,"gold_loss":89}],"is_beta":false,"boss_relics":[{"not_picked":["ReplayTheSpireMod:DimensionalGlitch","Runic Pyramid"],"picked":"Calling Bell"},{"not_picked":["hubris:HollowSoul","ReplayTheSpireMod:SealedPack"],"picked":"Replay:Grab Bag"},{"not_picked":["Fusion Hammer","Painkiller Herb"],"picked":"Cursed Key"},{"not_picked":["Abe\u0027s Treasure","Sozu"],"picked":"Busted Crown"},{"not_picked":["Empty Cage","Snecko Eye"],"picked":"SlaversCollar"}],"items_purged_floors":[],"is_endless":false,"potions_floor_spawned":[1,2,11,12,14,18,22,23,24,42,44],"ascension_level":11}}