{"host":"imy0w7zcgpxryx7c","time":1612934959,"event":{"mods":["AchievementEnabler","BaseMod","Colored Map","Colored Powertips","Minty Spire (QoL Compilation)","Relic Sorter","StSLib"],"gold_per_floor":[110,35,35,35,35,64,64,83,106,134,145,164,164,64,64,164,164,179,190,190,190,100,100],"floor_reached":22,"language":"ENG","playtime":1679,"items_purged":["Defend_P","Strike_P"],"score":347,"play_id":"dbccd598-0e7f-481b-af5a-1962b81e9b0b","local_time":"20210210002919","is_ascension_mode":true,"campfire_choices":[{"data":"Blasphemy","floor":7,"key":"SMITH"},{"data":"WindmillStrike","floor":13,"key":"SMITH"},{"data":"CrushJoints","floor":15,"key":"SMITH"}],"circlet_count":0,"master_deck":["Strike_P","Strike_P","Strike_P","Defend_P+1","Defend_P","Defend_P","Eruption","Vigilance","Study+1","Blasphemy+1","CrushJoints+1","ReachHeaven","SandsOfTime","WindmillStrike+1","Scrawl","Evaluate"],"relics":["PureWater","NeowsBlessing","Blue Candle","Orichalcum","Philosopher\u0027s Stone"],"acts_visited":["Exordium","TheCity"],"potions_floor_usage":[12],"damage_taken":[{"damage":0,"enemies":"Small Slimes","floor":1,"turns":2},{"damage":0,"enemies":"Lagavulin","floor":6,"turns":1},{"damage":0,"enemies":"Jaw Worm","floor":8,"turns":1},{"damage":0,"enemies":"Gremlin Nob","floor":10,"turns":2},{"damage":0,"enemies":"2 Louse","floor":11,"turns":2},{"damage":14,"enemies":"Exordium Thugs","floor":12,"turns":2},{"damage":17,"enemies":"The Guardian","floor":16,"turns":8},{"damage":0,"enemies":"Shell Parasite","floor":18,"turns":2},{"damage":11,"enemies":"2 Thieves","floor":19,"turns":2}],"seed_played":"-7455174435999787178","potions_obtained":[{"floor":8,"key":"Strength Potion"},{"floor":10,"key":"SneckoOil"},{"floor":11,"key":"PowerPotion"}],"is_trial":false,"path_per_floor":["M","$","?","?","?","E","R","M","T","E","M","M","R","$","R","B",null,"M","M","?","$","?"],"character_chosen":"WATCHER","items_purchased":[],"campfire_rested":0,"item_purchase_floors":[],"current_hp_per_floor":[65,65,65,65,65,65,65,65,65,65,65,51,51,51,51,34,63,63,52,52,52,52,52],"gold":100,"neow_bonus":"THREE_ENEMY_KILL","is_daily":false,"chose_seed":false,"campfire_upgraded":3,"win_rate":0.0,"timestamp":1612934959,"path_taken":["M","$","?","?","?","E","R","M","T","E","M","M","R","$","R","BOSS","M","M","?","$","?"],"items_purchased_type":[],"build_version":"2020-12-22","purchased_purges":2,"victory":false,"max_hp_per_floor":[72,72,72,72,72,72,72,72,72,72,72,72,72,72,72,72,72,72,72,72,72,72,72],"card_choices":[{"not_picked":["Crescendo","Vengeance"],"picked":"Study","floor":1},{"not_picked":["FollowUp","Wireheading"],"picked":"Blasphemy","floor":6},{"not_picked":["PathToVictory","ThirdEye"],"picked":"CrushJoints","floor":8},{"not_picked":["Halt","BowlingBash"],"picked":"ReachHeaven","floor":10},{"not_picked":["Tantrum","FlyingSleeves"],"picked":"SandsOfTime","floor":11},{"not_picked":["FollowUp","Sanctity"],"picked":"WindmillStrike","floor":12},{"not_picked":["DevaForm","ConjureBlade"],"picked":"Scrawl","floor":16},{"not_picked":["Halt+1","EmptyFist+1"],"picked":"Evaluate","floor":18},{"not_picked":["Adaptation","SashWhip","Collect+1"],"picked":"SKIP","floor":19}],"player_experience":396300,"relics_obtained":[{"floor":6,"key":"Blue Candle"},{"floor":10,"key":"Orichalcum"}],"event_choices":[{"damage_healed":0,"gold_gain":0,"player_choice":"Leave","damage_taken":0,"max_hp_gain":0,"max_hp_loss":0,"event_name":"The Cleric","floor":3,"gold_loss":0},{"damage_healed":0,"gold_gain":0,"player_choice":"Ignored","damage_taken":0,"max_hp_gain":0,"max_hp_loss":0,"event_name":"Liars Game","floor":4,"gold_loss":0},{"damage_healed":0,"gold_gain":0,"player_choice":"Forge","damage_taken":0,"max_hp_gain":0,"max_hp_loss":0,"event_name":"Accursed Blacksmith","floor":5,"gold_loss":0,"cards_upgraded":["Study"]},{"damage_healed":0,"gold_gain":0,"player_choice":"Read","damage_taken":0,"max_hp_gain":0,"max_hp_loss":0,"event_name":"The Library","floor":20,"gold_loss":0,"cards_obtained":["BattleHymn"]},{"cards_removed":["BattleHymn"],"damage_healed":0,"gold_gain":0,"player_choice":"Upgrade and Remove","damage_taken":0,"max_hp_gain":0,"max_hp_loss":0,"event_name":"Designer","floor":22,"gold_loss":90,"cards_upgraded":["Defend_P"]}],"is_beta":false,"boss_relics":[{"not_picked":["Ectoplasm","Cursed Key"],"picked":"Philosopher\u0027s Stone"}],"items_purged_floors":[2,14],"is_endless":false,"potions_floor_spawned":[8,10,11],"ascension_level":6}}