{"host":"oeh4wb93hhtrshvk","time":1612952156,"event":{"mods":["2.2 Compatiblity","AchievementEnabler","Act Like it!","Aspiration","BaseMod","Better Skull","Better Third Choice","Block Reminder","Bossed Relics","Card Filter","Colored Powertips","Conspire","Curses Come First","Defuse TimeMaze Blight","Displayed Cursed Tome","Downfall","Energized Spire","GifTheSpireLib","Hermit","Hubris","Infinite Spire","Marisa????????","Minty Spire (QoL Compilation)","Pale of the Ancients","Quick Restart","Rare Cards Sparkle","Relic Filter","Reliquary","Replay The Spire","Shop Mod","Spicy Shops","StS++","StSLib","The Blue Laboratory","The Cursed","Transform Curses","Wandering Minibosses","Weighted Paths","Wide Potions"],"gold_per_floor":[116,116,129,129,129,129,142,159,159,159,194,194,194,214,214,310,310,323,30,55,55,89,89,89,119,145,175,175,208,219,331,331,434,434,448,548,568,568,612,612,612,612],"floor_reached":40,"language":"FRA","playtime":4619,"items_purged":["Regret"],"score":537,"play_id":"fbd1d647-95a1-4c09-9f9b-015dcea0c7e8","local_time":"20210210111556","daily_mods":["Heirloom","DeadlyEvents"],"is_ascension_mode":false,"campfire_choices":[{"floor":6.0,"key":"DIG"},{"floor":10.0,"key":"DIG"},{"floor":12.0,"key":"DIG"},{"floor":15.0,"key":"DIG"},{"floor":23.0,"key":"REST"},{"floor":32,"key":"REST"}],"circlet_count":0,"master_deck":["Slimebound:Strike_Slimebound","Slimebound:Strike_Slimebound","Slimebound:Strike_Slimebound","Slimebound:Tackle","Slimebound:Defend_Slimebound","Slimebound:Defend_Slimebound","Slimebound:Defend_Slimebound","Slimebound:Defend_Slimebound","Slimebound:Split","Injury","Slimebound:SlimeBarrage+1","Slimebound:FlameTackle+1","Slimebound:LevelUp","Slimebound:Teamwork","Slimebound:SelfFormingGoo","Slimebound:Equalize+1","Slimebound:SlimeSlap+1","Slimebound:RejuvenatingLick+1","Slimebound:LeechLife+1","Slimebound:RejuvenatingLick+1","infinitespire:Gouge+1","Slimebound:LevelUp+1"],"relics":["Slimebound:AbsorbEndCombat","Shovel","Molten Egg 2","Slimebound:AggressiveSlimeRelic","Potion Belt","reliquary:PurpleTingedLeaf","Thread and Needle","hubris:OldNail","infinitespire:Beetle Shell","StSpp:GiftCard","reliquary:PrincelyHelmet","infinitespire:Golems Mask","reliquary:KinkedSpring","Strange Spoon","reliquary:RoseTintedGlasses","Red Mask","hubris:TenFootPole","reliquary:FeatherDuster","StSpp:WoodenStick","Slimebound:StickyStick","Durian","Ice Cream","Ancient Tea Set","hubris:TerracottaHorce","Calipers"],"acts_visited":["Exordium","TheCity","TheBeyond"],"potions_floor_usage":[29,36,36,39],"damage_taken":[{"damage":0.0,"enemies":"Small Slimes","floor":1.0,"turns":3.0},{"damage":1.0,"enemies":"conspire:RoseBush","floor":3.0,"turns":4.0},{"damage":3.0,"enemies":"2 Louse","floor":7.0,"turns":1.0},{"damage":3.0,"enemies":"2 Fungi Beasts","floor":8.0,"turns":2.0},{"damage":12.0,"enemies":"Replay:BlueRogue","floor":11.0,"turns":5.0},{"damage":6.0,"enemies":"Blue Slaver","floor":14.0,"turns":4.0},{"damage":40.0,"enemies":"Hexaghost","floor":16.0,"turns":8.0},{"damage":12.0,"enemies":"Shell Parasite","floor":18.0,"turns":7.0},{"damage":40.0,"enemies":"Masked Bandits","floor":20.0,"turns":4.0},{"damage":6.0,"enemies":"Slavers","floor":22.0,"turns":6.0},{"damage":4,"enemies":"conspire:Head Lice","floor":25,"turns":9},{"damage":22,"enemies":"Replay:Snechameleon","floor":27,"turns":7},{"damage":0,"enemies":"Gremlin Leader","floor":29,"turns":8},{"damage":20,"enemies":"Spheric Guardian","floor":30,"turns":4},{"damage":10,"enemies":"Chosen and Byrds","floor":31,"turns":8},{"damage":46,"enemies":"hubris:MusketHawk","floor":33,"turns":9},{"damage":16,"enemies":"3 Darklings","floor":35,"turns":5},{"damage":18,"enemies":"infinitespire:Three Voidlings","floor":36,"turns":4},{"damage":70,"enemies":"Nightmare_Alpha","floor":36,"turns":16},{"damage":0,"enemies":"Orb Walker","floor":37,"turns":3},{"damage":0,"enemies":"4 Shapes","floor":39,"turns":5},{"damage":40,"enemies":"Reptomancer","floor":40,"turns":2}],"seed_played":"-4273168436733137916","potions_obtained":[{"floor":8.0,"key":"blueLaboratory:EmptyBottle"},{"floor":16.0,"key":"FearPotion"},{"floor":20.0,"key":"Guardian:BlockOnCardUsePotion"},{"floor":27,"key":"Dexterity Potion"},{"floor":30,"key":"StSpp:SecondWindPotion"},{"floor":31,"key":"Elixir"},{"floor":33,"key":"blueLaboratory:BubblePotion"},{"floor":36,"key":"Explosive Potion"}],"is_trial":true,"path_per_floor":["M","?","M","?","?","R","M","M","T","R","E","R","T","M","R","B",null,"M","$","?","?","E","R","$","E","T","E","T","E","M","M","R","B",null,"M","?","M","?","M","E"],"character_chosen":"SLIMEBOUND","items_purchased":["Strange Spoon","reliquary:RoseTintedGlasses","ColorlessPotion","blueLaboratory:HorrorPotion"],"campfire_rested":2,"item_purchase_floors":[19,19,19,19],"current_hp_per_floor":[65,65,65,53,53,53,52,50,50,50,40,40,40,37,37,6,65,55,55,18,18,15,34,34,31,31,27,27,35,21,18,39,15,56,58,4,8,8,30,0,0,0],"gold":612,"neow_bonus":"","is_daily":false,"chose_seed":false,"campfire_upgraded":0,"win_rate":0.0,"timestamp":1612952156,"path_taken":["M","?","M","?","?","R","M","M","T","R","?","R","?","M","R","BOSS","M","$","?","?","?","R","?","E","T","E","?","?","M","M","R","BOSS","M","?","M","?","M","E"],"items_purchased_type":["Relic","Relic","Potion","Potion"],"build_version":"2020-12-22","purchased_purges":1,"victory":false,"max_hp_per_floor":[65,65,65,65,65,65,65,65,65,65,65,65,65,65,65,65,65,65,65,65,65,65,65,65,65,65,70,70,70,70,70,70,70,70,70,70,70,70,70,70,70,70],"card_choices":[{"not_picked":["Slimebound:BestDefense","Slimebound:LeechingTouch"],"picked":"Slimebound:ViciousTackle","floor":1.0},{"not_picked":["Slimebound:SplitBruiser","Slimebound:LivingWall"],"picked":"Slimebound:SlimeBarrage+1","floor":3.0},{"not_picked":["Slimebound:GoopSpray","Slimebound:SplitMire","Slimebound:SplitLeeching"],"picked":"SKIP","floor":7.0},{"not_picked":["Slimebound:GoopSpray","Slimebound:SplitMire","Slimebound:SplitLeeching"],"picked":"SKIP","floor":7.0},{"not_picked":["Slimebound:LeadByExample","Slimebound:SplitAcid"],"picked":"Slimebound:FlameTackle+1","floor":8.0},{"not_picked":["Slimebound:ViciousTackle+1","Slimebound:SamplingLick","Slimebound:ProtectTheBoss"],"picked":"SKIP","floor":11.0},{"not_picked":["Slimebound:Grow","Slimebound:SplitMire"],"picked":"Slimebound:LevelUp","floor":14.0},{"not_picked":["Slimebound:PrepareCrush","Slimebound:SlimeSlap+1"],"picked":"Slimebound:Teamwork","floor":16.0},{"not_picked":["Slimebound:GoopTackle+1","Slimebound:LeechingTouch+1","Slimebound:GoopSpray+1"],"picked":"SKIP","floor":18.0},{"not_picked":["Slimebound:SplitAcid","Slimebound:WasteNot"],"picked":"Slimebound:SelfFormingGoo","floor":22.0},{"not_picked":["Slimebound:SamplingLick+1","Slimebound:Overexert"],"picked":"Slimebound:Equalize+1","floor":25},{"not_picked":["Slimebound:FormOfPuddle","Slimebound:Chomp+1"],"picked":"Slimebound:SlimeSlap+1","floor":27},{"not_picked":["Slimebound:ComboTackle+1","Slimebound:TongueLash+1","Slimebound:Chomp+1"],"picked":"SKIP","floor":29},{"not_picked":["Slimebound:LivingWall","Slimebound:GoopSpray","Slimebound:SplitAcid"],"picked":"SKIP","floor":30},{"not_picked":["Slimebound:SamplingLick","Slimebound:Dissolve"],"picked":"Slimebound:RejuvenatingLick+1","floor":31},{"not_picked":["Slimebound:OneTwoCombo+1","Slimebound:FirmFortitude"],"picked":"Slimebound:LeechLife+1","floor":33},{"not_picked":["Slimebound:GrowthPunch+1","Slimebound:Schlurp"],"picked":"Slimebound:RejuvenatingLick+1","floor":35},{"not_picked":["infinitespire:Fortify","Replay:Fractal Strike"],"picked":"infinitespire:Gouge","floor":36},{"not_picked":["Slimebound:SlimeSpikes+1","Slimebound:SplitLeeching"],"picked":"Slimebound:LevelUp+1","floor":37},{"not_picked":["Slimebound:GrowthPunch+1","Slimebound:ItLooksTasty+1","Slimebound:RollThrough+1"],"picked":"SKIP","floor":39}],"player_experience":672058,"relics_obtained":[{"floor":6.0,"key":"reliquary:PurpleTingedLeaf"},{"floor":9.0,"key":"Thread and Needle"},{"floor":10.0,"key":"hubris:OldNail"},{"floor":11.0,"key":"infinitespire:Beetle Shell"},{"floor":12.0,"key":"StSpp:GiftCard"},{"floor":13.0,"key":"reliquary:PrincelyHelmet"},{"floor":15.0,"key":"infinitespire:Golems Mask"},{"floor":20.0,"key":"Red Mask"},{"floor":22.0,"key":"reliquary:FeatherDuster"},{"floor":25,"key":"StSpp:WoodenStick"},{"floor":26,"key":"Slimebound:StickyStick"},{"floor":27,"key":"Durian"},{"floor":28,"key":"Ice Cream"},{"floor":29,"key":"Ancient Tea Set"},{"floor":36,"key":"Calipers"}],"event_choices":[{"damage_healed":0.0,"max_hp_gain":0.0,"max_hp_loss":0.0,"gold_gain":0.0,"event_name":"Scrap Ooze","player_choice":"Success","floor":4.0,"gold_loss":0.0,"damage_taken":12.0,"relics_obtained":["Slimebound:AggressiveSlimeRelic"]},{"damage_healed":0.0,"max_hp_gain":0.0,"max_hp_loss":0.0,"gold_gain":0.0,"event_name":"Big Fish","player_choice":"Box","floor":5.0,"gold_loss":0.0,"damage_taken":0.0,"relics_obtained":["Potion Belt"],"cards_obtained":["Regret"]},{"damage_healed":0.0,"max_hp_gain":0.0,"max_hp_loss":0.0,"gold_gain":0.0,"event_name":"Masked Bandits","player_choice":"Fought Bandits","floor":20.0,"gold_loss":0.0,"damage_taken":0.0},{"cards_removed":["downfall:Haunted"],"damage_healed":0,"gold_gain":0,"player_choice":"Purged","damage_taken":0,"max_hp_gain":0,"max_hp_loss":0,"event_name":"Purifier","floor":38,"gold_loss":0}],"is_beta":false,"boss_relics":[{"not_picked":["energizedSpire:StickyHand","Ectoplasm"],"picked":"reliquary:KinkedSpring"},{"not_picked":["expansioncontent:StudyCardRelic","aspiration:SecretTechniqueScroll"],"picked":"hubris:TerracottaHorce"}],"items_purged_floors":[19],"is_endless":true,"potions_floor_spawned":[8,16,20,27,30,31,33,36,36],"killed_by":"Reptomancer","ascension_level":0}}