{"host":"adi","time":1612996430,"event":{"mods":["AchievementEnabler","BaseMod","Bestiary","Colored Powertips","Minty Spire (QoL Compilation)","StSLib"],"gold_per_floor":[114,130,18,38,58,85,98,98,147,147,147,112,138,138,153,153,232,232,245,259,44,58,72,102,102,17,17,17,17,43,43,78,78,95,95,166,166,179,179,179,192,192,192,217,217,217],"floor_reached":45,"language":"ENG","playtime":1750,"items_purged":["Strike_R"],"score":855,"play_id":"eaadcc22-c116-43b4-bf1e-2ac83c65521c","local_time":"20210210233350","is_ascension_mode":true,"campfire_choices":[{"data":"Feed","floor":8,"key":"SMITH"},{"data":"Shockwave","floor":16,"key":"SMITH"},{"floor":31,"key":"REST"},{"data":"Inflame","floor":33,"key":"SMITH"},{"data":"Disarm","floor":35,"key":"SMITH"},{"floor":43,"key":"REST"}],"circlet_count":0,"master_deck":["AscendersBane","Strike_R+1","Defend_R","Defend_R","Defend_R","Bash","Cleave","Rampage","Flame Barrier+1","Thunderclap","Feed+1","Bloodletting","Shockwave+1","Rampage+1","True Grit+1","Havoc+1","Inflame+1","Disarm+1","Armaments+1","Rage","Barricade","Clothesline+1","Berserk","Writhe","Pummel+1"],"relics":["Mark of Pain","Pen Nib","Anchor","Blue Candle","Sundial","Astrolabe","Lee\u0027s Waffle","Dream Catcher","Molten Egg 2","Shuriken","HornCleat","Lantern","Singing Bowl","Sozu","Calipers"],"acts_visited":["Exordium","TheCity","TheBeyond"],"potions_floor_usage":[13,39],"damage_taken":[{"damage":0,"enemies":"Small Slimes","floor":1,"turns":3},{"damage":2,"enemies":"Jaw Worm","floor":2,"turns":3},{"damage":0,"enemies":"2 Louse","floor":4,"turns":2},{"damage":11,"enemies":"Looter","floor":5,"turns":2},{"damage":11,"enemies":"Gremlin Nob","floor":6,"turns":4},{"damage":11,"enemies":"Blue Slaver","floor":7,"turns":5},{"damage":10,"enemies":"Lagavulin","floor":13,"turns":8},{"damage":0,"enemies":"3 Louse","floor":15,"turns":3},{"damage":63,"enemies":"Hexaghost","floor":17,"turns":11},{"damage":7,"enemies":"3 Byrds","floor":19,"turns":4},{"damage":48,"enemies":"Spheric Guardian","floor":20,"turns":7},{"damage":23,"enemies":"Shelled Parasite and Fungi","floor":22,"turns":5},{"damage":5,"enemies":"Snake Plant","floor":23,"turns":4},{"damage":31,"enemies":"Gremlin Leader","floor":24,"turns":7},{"damage":17,"enemies":"Book of Stabbing","floor":32,"turns":7},{"damage":2,"enemies":"Snecko","floor":34,"turns":7},{"damage":32,"enemies":"Champ","floor":36,"turns":13},{"damage":20,"enemies":"Orb Walker","floor":38,"turns":5},{"damage":0,"enemies":"3 Shapes","floor":39,"turns":1},{"damage":31,"enemies":"Writhing Mass","floor":41,"turns":8},{"damage":7,"enemies":"Mind Bloom Boss Battle","floor":44,"turns":10},{"damage":121,"enemies":"Giant Head","floor":45,"turns":8}],"seed_played":"-3985809346830594113","potions_obtained":[{"floor":1,"key":"Weak Potion"},{"floor":4,"key":"SneckoOil"},{"floor":15,"key":"SmokeBomb"}],"is_trial":false,"path_per_floor":["M","M","$","M","M","E","M","R","T","T","?","?","E","?","M","R","B",null,"M","M","$","M","M","E","?","?","T","T","?","T","R","E","R","M","R","B",null,"M","M","?","M","?","R","?","E"],"character_chosen":"IRONCLAD","items_purchased":["Flame Barrier","Inflame","Lee\u0027s Waffle"],"campfire_rested":2,"item_purchase_floors":[3,21,21],"current_hp_per_floor":[72,70,70,70,59,48,40,40,40,40,23,43,33,60,64,64,1,66,63,15,98,75,70,39,39,39,39,39,39,39,68,53,53,51,51,19,80,62,62,64,35,62,93,92,0,0],"gold":217,"neow_bonus":"BOSS_RELIC","is_daily":false,"chose_seed":false,"campfire_upgraded":4,"win_rate":0.0,"timestamp":1612996430,"path_taken":["M","M","$","M","M","E","M","R","T","T","?","?","E","?","M","R","BOSS","M","M","$","M","M","E","?","?","T","T","?","?","R","E","R","M","R","BOSS","M","M","?","M","?","R","?","E"],"items_purchased_type":["Card","Card","Relic"],"build_version":"2020-12-18","purchased_purges":1,"victory":false,"max_hp_per_floor":[80,80,80,80,80,80,83,83,83,83,83,83,83,83,87,87,87,87,91,91,98,98,98,98,98,98,98,98,98,98,98,100,100,100,100,100,100,102,102,104,106,106,106,112,112,112],"card_choices":[{"not_picked":["Bloodletting","Shrug It Off"],"picked":"Cleave","floor":1},{"not_picked":["Thunderclap","Sword Boomerang"],"picked":"Rampage","floor":2},{"not_picked":["Reckless Charge","Clash","Pummel"],"picked":"SKIP","floor":4},{"not_picked":["Clothesline","Whirlwind"],"picked":"Thunderclap","floor":5},{"not_picked":["Flame Barrier","Power Through"],"picked":"Feed","floor":6},{"not_picked":["Flame Barrier","Body Slam"],"picked":"Bloodletting","floor":7},{"not_picked":["Dark Embrace","Anger","Warcry"],"picked":"SKIP","floor":13},{"not_picked":["Pommel Strike","Armaments"],"picked":"Shockwave","floor":15},{"not_picked":["Immolate","Double Tap"],"picked":"Offering","floor":17},{"not_picked":["Heavy Blade","Iron Wave","Perfected Strike"],"picked":"SKIP","floor":19},{"not_picked":["Sword Boomerang","Cleave","Rampage"],"picked":"SKIP","floor":20},{"not_picked":["Rupture","Body Slam"],"picked":"Disarm","floor":22},{"not_picked":["Second Wind","Rage","True Grit"],"picked":"SKIP","floor":23},{"not_picked":["Sword Boomerang","Wild Strike"],"picked":"Armaments+1","floor":24},{"not_picked":["Fire Breathing","Ghostly Armor","Infernal Blade"],"picked":"Singing Bowl","floor":32},{"not_picked":["True Grit","Twin Strike+1"],"picked":"Clothesline+1","floor":34},{"not_picked":["Double Tap","Corruption"],"picked":"Berserk","floor":36},{"not_picked":["Warcry","Armaments","Dual Wield+1"],"picked":"Singing Bowl","floor":38},{"not_picked":["Deep Breath","Madness","Blind"],"picked":"Singing Bowl","floor":40},{"not_picked":["Sentinel+1","Dark Embrace","Warcry"],"picked":"Singing Bowl","floor":41},{"not_picked":["Perfected Strike+1","Evolve"],"picked":"Pummel+1","floor":43},{"not_picked":["Carnage+1","Havoc","Clash+1"],"picked":"Singing Bowl","floor":44}],"player_experience":401367,"relics_obtained":[{"floor":6,"key":"Pen Nib"},{"floor":9,"key":"Anchor"},{"floor":10,"key":"Blue Candle"},{"floor":13,"key":"Sundial"},{"floor":24,"key":"Dream Catcher"},{"floor":27,"key":"Shuriken"},{"floor":28,"key":"HornCleat"},{"floor":30,"key":"Lantern"},{"floor":32,"key":"Singing Bowl"},{"floor":44,"key":"Calipers"}],"event_choices":[{"damage_healed":0,"gold_gain":0,"player_choice":"Entered Light","damage_taken":17,"max_hp_gain":0,"max_hp_loss":0,"event_name":"Shining Light","floor":11,"gold_loss":0,"cards_upgraded":["Strike_R","Flame Barrier"]},{"damage_healed":20,"gold_gain":0,"player_choice":"Healed","damage_taken":0,"max_hp_gain":0,"max_hp_loss":0,"event_name":"The Cleric","floor":12,"gold_loss":35},{"damage_healed":27,"gold_gain":0,"player_choice":"Banana","damage_taken":0,"max_hp_gain":0,"max_hp_loss":0,"event_name":"Big Fish","floor":14,"gold_loss":0},{"damage_healed":0,"gold_gain":0,"player_choice":"Ignored","damage_taken":0,"max_hp_gain":0,"max_hp_loss":0,"event_name":"Vampires","floor":25,"gold_loss":0},{"damage_healed":0,"gold_gain":0,"player_choice":"Obtained Relic","damage_taken":0,"relics_obtained":["Molten Egg 2"],"max_hp_gain":0,"max_hp_loss":0,"event_name":"Addict","floor":26,"gold_loss":85},{"damage_healed":0,"gold_gain":0,"cards_transformed":["Defend_R","Strike_R"],"player_choice":"Became Test Subject","damage_taken":0,"max_hp_gain":0,"max_hp_loss":0,"event_name":"Drug Dealer","floor":29,"gold_loss":0,"cards_obtained":["Rage","Barricade"]},{"damage_healed":0,"gold_gain":0,"player_choice":"Memory 1","damage_taken":0,"max_hp_gain":0,"max_hp_loss":0,"event_name":"SensoryStone","floor":40,"gold_loss":0},{"damage_healed":27,"gold_gain":0,"player_choice":"Writhe","damage_taken":0,"max_hp_gain":0,"max_hp_loss":0,"event_name":"Winding Halls","floor":42,"gold_loss":0,"cards_obtained":["Writhe"]},{"damage_healed":0,"gold_gain":0,"player_choice":"Fight","damage_taken":0,"max_hp_gain":0,"max_hp_loss":0,"event_name":"MindBloom","floor":44,"gold_loss":0}],"is_beta":true,"boss_relics":[{"not_picked":["Runic Dome","SlaversCollar"],"picked":"Astrolabe"},{"not_picked":["Black Star","Philosopher\u0027s Stone"],"picked":"Sozu"}],"items_purged_floors":[3],"is_endless":false,"potions_floor_spawned":[1,4,7,15,17,20,24,32,44],"killed_by":"Giant Head","ascension_level":13}}