{"host":"8is2j71l4wmybkoi","time":1612950785,"event":{"mods":["AchievementEnabler","BaseMod","Colored Map","Minty Spire (QoL Compilation)","Rare Cards Sparkle","StSLib","SuperFastMode"],"gold_per_floor":[116,116,128,28,48,81,81,111,158,189,208,208,218,245,245,319,319,319,244,169,169,169],"floor_reached":21,"language":"KOR","playtime":966,"items_purged":["Decay"],"score":348,"play_id":"ebc70813-a447-43a1-9c96-5d8927f136bd","local_time":"20210210185305","is_ascension_mode":true,"campfire_choices":[{"data":"Eruption","floor":7,"key":"SMITH"},{"floor":12,"key":"REST"},{"data":"CrushJoints","floor":15,"key":"SMITH"}],"circlet_count":0,"master_deck":["AscendersBane","Strike_P","Strike_P","Strike_P","Defend_P","Defend_P","Defend_P","Eruption+1","Vigilance","CrushJoints+1","Meditate","FlurryOfBlows","Prostrate","Wallop","TalkToTheHand","Devotion","ClearTheMind+1"],"relics":["PureWater","Potion Belt","Omamori","Blood Vial","Mummified Hand","Ectoplasm"],"acts_visited":["Exordium","TheCity"],"potions_floor_usage":[6,10,14],"damage_taken":[{"damage":5,"enemies":"2 Louse","floor":1,"turns":3},{"damage":0,"enemies":"Cultist","floor":3,"turns":2},{"damage":0,"enemies":"Jaw Worm","floor":5,"turns":2},{"damage":25,"enemies":"3 Sentries","floor":6,"turns":9},{"damage":18,"enemies":"Lagavulin","floor":10,"turns":5},{"damage":2,"enemies":"Exordium Wildlife","floor":11,"turns":3},{"damage":18,"enemies":"2 Fungi Beasts","floor":13,"turns":2},{"damage":10,"enemies":"3 Sentries","floor":14,"turns":5},{"damage":7,"enemies":"Hexaghost","floor":16,"turns":9},{"damage":6,"enemies":"Spheric Guardian","floor":18,"turns":3},{"damage":17,"enemies":"2 Thieves","floor":20,"turns":5},{"damage":40,"enemies":"Sentry and Sphere","floor":21,"turns":5}],"seed_played":"-9053314688553473991","potions_obtained":[{"floor":1,"key":"Explosive Potion"},{"floor":3,"key":"BottledMiracle"},{"floor":11,"key":"ColorlessPotion"},{"floor":16,"key":"DuplicationPotion"}],"is_trial":false,"path_per_floor":["M","?","M","$","M","E","R","?","T","E","M","R","M","E","R","B",null,"M","?","M","M"],"character_chosen":"WATCHER","items_purchased":["FlurryOfBlows"],"campfire_rested":1,"item_purchase_floors":[4],"current_hp_per_floor":[56,56,56,56,56,31,31,31,31,13,13,33,17,9,9,4,52,48,48,33,0,0],"gold":169,"neow_bonus":"REMOVE_CARD","is_daily":false,"chose_seed":false,"campfire_upgraded":2,"win_rate":0.0,"timestamp":1612950785,"path_taken":["M","?","?","$","M","E","R","?","T","E","M","R","M","E","R","BOSS","M","?","M","M"],"items_purchased_type":["Card"],"build_version":"2020-12-22","purchased_purges":1,"victory":false,"max_hp_per_floor":[68,68,68,68,68,68,68,68,68,68,68,68,68,68,68,68,68,68,68,68,68,68],"card_choices":[{"not_picked":["SandsOfTime","EmptyBody"],"picked":"CrushJoints","floor":1},{"not_picked":["Prostrate","Perseverance"],"picked":"Meditate","floor":3},{"not_picked":["LikeWater","DeceiveReality"],"picked":"Prostrate","floor":5},{"not_picked":["Fasting2","Alpha","FollowUp"],"picked":"SKIP","floor":6},{"not_picked":["Weave","Crescendo"],"picked":"Wallop","floor":10},{"not_picked":["Halt","Consecrate"],"picked":"TalkToTheHand","floor":11},{"not_picked":["BowlingBash","DeceiveReality","Crescendo"],"picked":"SKIP","floor":13},{"not_picked":["JustLucky","ReachHeaven","BowlingBash"],"picked":"SKIP","floor":14},{"not_picked":["LessonLearned","Vault"],"picked":"Devotion","floor":16},{"not_picked":["PathToVictory","FlyingSleeves"],"picked":"ClearTheMind+1","floor":18},{"not_picked":["SashWhip","Nirvana","Collect"],"picked":"SKIP","floor":20}],"player_experience":1099669,"relics_obtained":[{"floor":6,"key":"Potion Belt"},{"floor":9,"key":"Omamori"},{"floor":10,"key":"Blood Vial"},{"floor":14,"key":"Mummified Hand"}],"event_choices":[{"damage_healed":0,"gold_gain":0,"player_choice":"Cursed","damage_taken":0,"max_hp_gain":0,"max_hp_loss":0,"event_name":"Wheel of Change","floor":2,"gold_loss":0,"cards_obtained":["Decay"]},{"damage_healed":0,"gold_gain":30,"player_choice":"Searched \u00271\u0027 times","damage_taken":0,"max_hp_gain":0,"max_hp_loss":0,"event_name":"Dead Adventurer","floor":8,"gold_loss":0},{"cards_removed":["Strike_P"],"damage_healed":0,"gold_gain":0,"player_choice":"Gave Gold","damage_taken":0,"max_hp_gain":0,"max_hp_loss":0,"event_name":"Beggar","floor":19,"gold_loss":75}],"is_beta":false,"boss_relics":[{"not_picked":["SlaversCollar","Empty Cage"],"picked":"Ectoplasm"}],"items_purged_floors":[4],"is_endless":false,"potions_floor_spawned":[1,3,11,16],"killed_by":"Sentry and Sphere","ascension_level":15}}