{"host":"dcj2yvrgcvh5dl2s","time":1612938559,"event":{"mods":["BaseMod","Bestiary","Better Note","Block Reminder","Colored Powertips","Curses Come First","DeckTracker","Minty Spire (QoL Compilation)","Quick Restart","Rare Cards Sparkle","Relic Stats","StSLib"],"gold_per_floor":[119,139,139,159,159,159,223,241,267,267,280,300,300,336,336,336,336],"floor_reached":16,"language":"ENG","playtime":806,"items_purged":[],"score":224,"play_id":"94892102-cbf3-4f87-95c0-c63e17fece4b","local_time":"20210210162919","is_ascension_mode":true,"campfire_choices":[{"floor":6,"key":"REST"},{"data":"Body Slam","floor":10,"key":"SMITH"},{"data":"True Grit","floor":13,"key":"SMITH"},{"floor":15,"key":"REST"}],"circlet_count":0,"master_deck":["AscendersBane","Strike_R","Strike_R","Strike_R","Strike_R","Defend_R","Defend_R","Defend_R","Defend_R","Bash","Sadistic Nature","Inflame","True Grit+1","Body Slam+1","Body Slam","Shrug It Off","Whirlwind","Body Slam","Cleave"],"relics":["Burning Blood","Golden Idol","Nunchaku","Akabeko","MealTicket"],"acts_visited":["Exordium"],"potions_floor_usage":[7,7,16],"damage_taken":[{"damage":9,"enemies":"Jaw Worm","floor":1,"turns":4},{"damage":8,"enemies":"2 Louse","floor":2,"turns":3},{"damage":8,"enemies":"Small Slimes","floor":4,"turns":5},{"damage":1,"enemies":"Lagavulin","floor":7,"turns":6},{"damage":19,"enemies":"3 Louse","floor":8,"turns":5},{"damage":8,"enemies":"2 Fungi Beasts","floor":11,"turns":3},{"damage":7,"enemies":"Exordium Thugs","floor":12,"turns":3},{"damage":32,"enemies":"3 Sentries","floor":14,"turns":8},{"damage":37,"enemies":"The Guardian","floor":16,"turns":5}],"seed_played":"-5590773033322267017","potions_obtained":[{"floor":2,"key":"ColorlessPotion"},{"floor":4,"key":"PowerPotion"},{"floor":14,"key":"DistilledChaos"}],"is_trial":false,"path_per_floor":["M","M","?","M","?","R","E","M","T","R","M","M","R","E","R","B"],"character_chosen":"IRONCLAD","items_purchased":[],"campfire_rested":2,"item_purchase_floors":[],"current_hp_per_floor":[65,63,40,38,31,51,56,43,43,43,41,40,40,14,34,0,0],"gold":336,"neow_bonus":"RANDOM_COLORLESS_2","is_daily":false,"chose_seed":false,"campfire_upgraded":2,"win_rate":0.0,"timestamp":1612938559,"path_taken":["M","M","?","M","?","R","E","M","T","R","M","M","R","E","R","BOSS"],"items_purchased_type":[],"build_version":"2020-12-22","purchased_purges":0,"victory":false,"max_hp_per_floor":[68,68,68,68,68,68,68,68,68,68,68,68,68,68,68,68,68],"relic_stats":{"Nunchaku":[3],"counters":[9,42],"Golden Idol":31,"MealTicket":0,"obtain_stats":[{"Nunchaku":7,"Golden Idol":3,"MealTicket":14,"Burning Blood":0,"Akabeko":9},{"Nunchaku":4,"Golden Idol":2,"MealTicket":8,"Burning Blood":0,"Akabeko":5},{"Nunchaku":18,"Golden Idol":7,"MealTicket":37,"Burning Blood":0,"Akabeko":23}],"Burning Blood":48},"card_choices":[{"not_picked":["Chrysalis","HandOfGreed"],"picked":"Sadistic Nature","floor":0},{"not_picked":["Flex","Battle Trance"],"picked":"Inflame","floor":1},{"not_picked":["Seeing Red","Spot Weakness"],"picked":"True Grit","floor":2},{"not_picked":["Spot Weakness","Entrench"],"picked":"Body Slam","floor":4},{"not_picked":["Pommel Strike","Havoc"],"picked":"Body Slam","floor":7},{"not_picked":["Havoc","Pommel Strike"],"picked":"Shrug It Off","floor":8},{"not_picked":["Rampage","Havoc"],"picked":"Whirlwind","floor":11},{"not_picked":["Wild Strike","Corruption"],"picked":"Body Slam","floor":12},{"not_picked":["Brutality","Reckless Charge"],"picked":"Cleave","floor":14}],"player_experience":2359078,"relics_obtained":[{"floor":7,"key":"Nunchaku"},{"floor":9,"key":"Akabeko"},{"floor":14,"key":"MealTicket"}],"event_choices":[{"damage_healed":0,"gold_gain":0,"player_choice":"Take Damage","damage_taken":23,"relics_obtained":["Golden Idol"],"max_hp_gain":0,"max_hp_loss":0,"event_name":"Golden Idol","floor":3,"gold_loss":0},{"cards_removed":["Strike_R"],"damage_healed":0,"gold_gain":0,"player_choice":"Card Removal","damage_taken":7,"max_hp_gain":0,"max_hp_loss":0,"event_name":"Golden Wing","floor":5,"gold_loss":0}],"is_beta":false,"boss_relics":[],"items_purged_floors":[],"is_endless":false,"potions_floor_spawned":[2,4,14],"killed_by":"The Guardian","ascension_level":20}}