{"host":"z609fbm6pkeriks8","time":1612920574,"event":{"mods":["AchievementEnabler","BaseMod","Colored Map","Colored Powertips","Highlight Path","Minty Spire (QoL Compilation)","StSLib"],"gold_per_floor":[109,384,230,249,265,265,122,153,153,153,153],"floor_reached":10,"language":"ZHS","playtime":199,"items_purged":["Regret"],"score":79,"play_id":"ad3b9bbe-2117-4b1c-9adc-942d4d3e548d","local_time":"20210210092934","is_ascension_mode":true,"campfire_choices":[{"data":"Dark Embrace","floor":6,"key":"SMITH"}],"circlet_count":0,"master_deck":["Strike_R","Strike_R","Strike_R","Strike_R","Strike_R","Defend_R","Defend_R","Defend_R","Defend_R","Bash","Flex","Dark Embrace+1","Clash","Corruption","Perfected Strike"],"relics":["Burning Blood","NeowsBlessing","Blood Vial","Letter Opener"],"acts_visited":["Exordium"],"potions_floor_usage":[],"damage_taken":[{"damage":0,"enemies":"2 Louse","floor":1,"turns":1},{"damage":0,"enemies":"Cultist","floor":4,"turns":1},{"damage":0,"enemies":"Small Slimes","floor":5,"turns":1},{"damage":56,"enemies":"Gremlin Nob","floor":8,"turns":5},{"damage":35,"enemies":"3 Sentries","floor":10,"turns":4}],"seed_played":"500601619460160725","potions_obtained":[{"floor":4,"key":"Ancient Potion"},{"floor":5,"key":"Ancient Potion"},{"floor":8,"key":"SkillPotion"}],"is_trial":false,"path_per_floor":["M","?","$","M","M","R","$","E","T","E"],"character_chosen":"IRONCLAD","items_purchased":["Dark Embrace","Corruption"],"campfire_rested":0,"item_purchase_floors":[3,7],"current_hp_per_floor":[80,80,80,80,80,80,80,30,30,0,0],"gold":153,"neow_bonus":"THREE_ENEMY_KILL","is_daily":false,"chose_seed":false,"campfire_upgraded":1,"win_rate":0.0,"timestamp":1612920574,"path_taken":["M","?","$","?","M","R","$","E","T","E"],"items_purchased_type":["Card","Card"],"build_version":"2020-12-22","purchased_purges":1,"victory":false,"max_hp_per_floor":[80,80,80,80,80,80,80,80,80,80,80],"card_choices":[{"not_picked":["Headbutt","Clothesline"],"picked":"Flex","floor":1},{"not_picked":["Headbutt","Wild Strike"],"picked":"Clash","floor":4},{"not_picked":["Whirlwind","Heavy Blade","Warcry"],"picked":"SKIP","floor":5},{"not_picked":["Heavy Blade","Combust"],"picked":"Perfected Strike","floor":8}],"player_experience":53517,"relics_obtained":[{"floor":8,"key":"Blood Vial"},{"floor":9,"key":"Letter Opener"}],"event_choices":[{"damage_healed":0,"gold_gain":275,"player_choice":"Desecrate","damage_taken":0,"max_hp_gain":0,"max_hp_loss":0,"event_name":"Golden Shrine","floor":2,"gold_loss":0,"cards_obtained":["Regret"]}],"is_beta":false,"boss_relics":[],"items_purged_floors":[3],"is_endless":false,"potions_floor_spawned":[4,5,8],"killed_by":"3 Sentries","ascension_level":4}}