{"host":"clf2hd4adhiiw0zf","time":1612919143,"event":{"mods":["AchievementEnabler","BaseMod","Beaked The Cultist","Bestiary","Dark Map","Downfall","Gremlin Mod","Hermit","Jorbs\u0027s Wanderer Trilogy","Marisa????????","Minty Spire (QoL Compilation)","Shop Mod","StSLib","The Cursed","The Servant 0.9.4","Wide Potions"],"gold_per_floor":[99,99,99,99,112,287,333,433,449,449,449,449],"floor_reached":10,"language":"ENG","playtime":271,"items_purged":[],"score":62,"play_id":"58d6cc39-264c-42a8-9a77-02f9cece514c","local_time":"20210209180543","is_ascension_mode":true,"campfire_choices":[{"floor":1,"key":"RECALL"}],"circlet_count":0,"master_deck":["Guardian:Strike_Guardian","Guardian:Strike_Guardian","Guardian:Strike_Guardian","Guardian:Strike_Guardian","Guardian:Defend_Guardian","Guardian:Defend_Guardian","Guardian:Defend_Guardian","Guardian:Defend_Guardian","Guardian:CurlUp","Guardian:TwinSlam","Guardian:TimeBomb","Guardian:Gem_Red","Guardian:ArmoredProtocol","Guardian:Gem_Green","Doubt","Guardian:Gem_Purple"],"relics":["Guardian:ModeShifter","downfall:HeartsMalice"],"acts_visited":["Exordium"],"potions_floor_usage":[10,10],"damage_taken":[{"damage":0,"enemies":"Cultist","floor":2,"turns":1},{"damage":0,"enemies":"2 Louse","floor":3,"turns":1},{"damage":0,"enemies":"Jaw Worm","floor":4,"turns":1},{"damage":23,"enemies":"Red Slaver","floor":5,"turns":5},{"damage":6,"enemies":"Blue Slaver","floor":9,"turns":6},{"damage":40,"enemies":"Lagavulin","floor":10,"turns":9}],"seed_played":"443756713006379139","potions_obtained":[{"floor":5,"key":"Swift Potion"},{"floor":9,"key":"SkillPotion"}],"is_trial":false,"path_per_floor":["R","M","M","M","M","?","T","?","M","E"],"character_chosen":"GUARDIAN","items_purchased":[],"campfire_rested":0,"item_purchase_floors":[],"current_hp_per_floor":[80,80,80,80,57,57,57,57,51,11,11,11],"gold":449,"neow_bonus":"THREE_ENEMY_KILL","is_daily":false,"chose_seed":false,"campfire_upgraded":0,"win_rate":0.0,"timestamp":1612919143,"path_taken":["R","M","M","M","?","?","T","?","M","E"],"items_purchased_type":[],"build_version":"2020-12-22","purchased_purges":0,"victory":false,"max_hp_per_floor":[80,80,80,80,80,80,80,80,80,80,80,80],"card_choices":[{"not_picked":["Guardian:ChargeUp","Guardian:Preprogram"],"picked":"Guardian:TimeBomb","floor":2},{"not_picked":["Guardian:Gem_Green","Guardian:TemporalShield"],"picked":"Guardian:Gem_Red","floor":3},{"not_picked":["Guardian:GuardianWhirl","Guardian:PrismaticBarrier"],"picked":"Guardian:ArmoredProtocol","floor":4},{"not_picked":["Guardian:Preprogram","Guardian:Gem_Lightblue"],"picked":"Guardian:Gem_Green","floor":5},{"not_picked":["Guardian:FuturePlans","Guardian:Gem_Lightblue"],"picked":"Guardian:Gem_Purple","floor":9}],"player_experience":201729,"relics_obtained":[],"event_choices":[],"is_beta":false,"boss_relics":[],"items_purged_floors":[],"is_endless":false,"potions_floor_spawned":[5,9],"killed_by":"Lagavulin","ascension_level":3}}