{"host":"rygl6lff02urotq6","time":1612938217,"event":{"mods":["AchievementEnabler","BaseMod","Bestiary","Better Altar","Better Match","Better Note","Better Sensory Stone","Better Skull","Better Third Choice","BetterRewards","Colored Map","Colored Powertips","Curses Come First","DeckTracker","Minty Spire (QoL Compilation)","Quick Restart","Spicy Shops","StSLib","SuperFastMode","The Bug Knight","Transform Curses"],"gold_per_floor":[110,110,126,149,174,205,205,223,247,262,287,287,301,301,301,425,425,445,445,58,74,92,92,92,107,107,130,100,144,144,180,180,304,304,318,243,3,18,18,62,78,94,94,118,134,153,153,153,153,153,153,153,4,45,45,45],"floor_reached":55,"language":"ENG","playtime":4469,"items_purged":[],"score":770,"play_id":"4270e112-d82f-4011-b4cd-5ab80c6eaafc","local_time":"20210210012337","is_ascension_mode":false,"campfire_choices":[{"floor":7.0,"key":"REST"},{"floor":12.0,"key":"RECALL"},{"floor":15.0,"key":"REST"},{"floor":23,"key":"REST"},{"floor":30,"key":"REST"},{"data":"Apotheosis","floor":32,"key":"SMITH"},{"floor":49,"key":"REST"},{"data":"HollowMod:MantisMark","floor":52,"key":"SMITH"}],"circlet_count":0,"master_deck":["HollowMod:NailStrikeStart","HollowMod:NailStrikeStart","HollowMod:NailStrikeStart","HollowMod:NailStrikeStart","HollowMod:QuickDashStart","HollowMod:QuickDashStart","HollowMod:QuickDashStart","HollowMod:QuickDashStart","HollowMod:FocusHealStart","HollowMod:PogoStrike","HollowMod:DashSlash","HollowMod:DungDefenderAura","HollowMod:LifebloodCocoon","HollowMod:Weaversong","HollowMod:HeavyBlow","HollowMod:FastStrike","HollowMod:HuntersJournal","HollowMod:DoubleDash","HollowMod:ZotesMagnificence","HollowMod:SoulStrike+1","Apotheosis+1","HollowMod:HowlingWraiths","HollowMod:LifebloodCocoon+1","HollowMod:GoodIntentions+1","HollowMod:SharpenedNail","HollowMod:PureNailStrike+1","HollowMod:GrimmsGift+1","HollowMod:CoiledNail","HollowMod:AwokenDreamNail","HollowMod:HeavyBlow+1","HollowMod:ChannelNail+1","HollowMod:SharpenedNail","HollowMod:CycloneSlash","HollowMod:DesolateDive","HollowMod:GoodIntentions","HollowMod:MantisMark+1","HollowMod:GrimmsGift","Writhe","HollowMod:NewJinnsSoul"],"relics":["HollowMod:VesselMask","Golden Idol","Incense Burner","Bronze Scales","Nunchaku","SlaversCollar","Vajra","Centennial Puzzle","HollowMod:PaleOreRelic","Philosopher\u0027s Stone","Mercury Hourglass","Pocketwatch","White Beast Statue","Anchor","Boot"],"acts_visited":["Exordium","TheCity","TheBeyond","TheEnding"],"potions_floor_usage":[18,25,27,27,29,29,29,40,41,44,46,50,50,50],"damage_taken":[{"damage":6.0,"enemies":"Jaw Worm","floor":1.0,"turns":4.0},{"damage":0.0,"enemies":"Small Slimes","floor":3.0,"turns":4.0},{"damage":1.0,"enemies":"Cultist","floor":4.0,"turns":4.0},{"damage":17.0,"enemies":"Lots of Slimes","floor":5.0,"turns":7.0},{"damage":24.0,"enemies":"3 Sentries","floor":6.0,"turns":11.0},{"damage":5.0,"enemies":"Looter","floor":8.0,"turns":3.0},{"damage":7.0,"enemies":"2 Fungi Beasts","floor":10.0,"turns":3.0},{"damage":0.0,"enemies":"Large Slime","floor":11.0,"turns":2.0},{"damage":8.0,"enemies":"Blue Slaver","floor":13.0,"turns":3.0},{"damage":31.0,"enemies":"The Guardian","floor":16.0,"turns":15.0},{"damage":8,"enemies":"2 Thieves","floor":18,"turns":3},{"damage":14,"enemies":"Spheric Guardian","floor":21,"turns":4},{"damage":20,"enemies":"Snake Plant","floor":22,"turns":3},{"damage":0,"enemies":"Centurion and Healer","floor":25,"turns":6},{"damage":19,"enemies":"Sentry and Sphere","floor":27,"turns":3},{"damage":7,"enemies":"Book of Stabbing","floor":29,"turns":5},{"damage":0,"enemies":"Gremlin Leader","floor":31,"turns":5},{"damage":43,"enemies":"Automaton","floor":33,"turns":11},{"damage":7,"enemies":"Orb Walker","floor":35,"turns":3},{"damage":28,"enemies":"3 Darklings","floor":38,"turns":5},{"damage":38,"enemies":"Nemesis","floor":40,"turns":6},{"damage":13,"enemies":"Spire Growth","floor":41,"turns":4},{"damage":20,"enemies":"Writhing Mass","floor":42,"turns":4},{"damage":0,"enemies":"Jaw Worm Horde","floor":44,"turns":5},{"damage":3,"enemies":"Spire Growth","floor":45,"turns":4},{"damage":7,"enemies":"4 Shapes","floor":46,"turns":4},{"damage":88,"enemies":"Awakened One","floor":50,"turns":13},{"damage":41,"enemies":"Shield and Spear","floor":54,"turns":6},{"damage":65,"enemies":"The Heart","floor":55,"turns":3}],"seed_played":"-124264846147987653","potions_obtained":[{"floor":0.0,"key":"SkillPotion"},{"floor":0.0,"key":"Fruit Juice"},{"floor":0.0,"key":"Fruit Juice"},{"floor":4.0,"key":"ColorlessPotion"},{"floor":5.0,"key":"LiquidMemories"},{"floor":10.0,"key":"EssenceOfSteel"},{"floor":11.0,"key":"Dexterity Potion"},{"floor":22,"key":"AttackPotion"},{"floor":27,"key":"Fruit Juice"},{"floor":28,"key":"LiquidMemories"},{"floor":28,"key":"PowerPotion"},{"floor":29,"key":"SteroidPotion"},{"floor":35,"key":"PowerPotion"},{"floor":40,"key":"Regen Potion"},{"floor":41,"key":"BlessingOfTheForge"},{"floor":42,"key":"Dexterity Potion"},{"floor":44,"key":"Weak Potion"},{"floor":45,"key":"Block Potion"},{"floor":46,"key":"Explosive Potion"},{"floor":54,"key":"Energy Potion"}],"is_trial":false,"path_per_floor":["M","?","M","M","M","E","R","M","T","M","M","R","M","?","R","B",null,"M","?","$","M","M","R","?","M","T","M","?","E","R","E","R","B",null,"M","?","$","M","?","E","M","M","T","M","M","M","?","?","R","B",null,"R","$","E","B"],"character_chosen":"THE_BUGKNIGHT","items_purchased":["Apotheosis","Vajra","HollowMod:HowlingWraiths","Mercury Hourglass","Anchor"],"campfire_rested":5,"item_purchase_floors":[20,20,20,37,53],"current_hp_per_floor":[85,64,70,75,64,46,71,66,66,59,59,59,51,51,76,57,85,77,95,95,81,61,89,89,95,95,81,81,74,100,100,100,57,100,93,93,93,71,71,39,46,26,26,26,23,16,41,66,96,14,100,100,100,65,0,0],"gold":45,"neow_bonus":"THREE_SMALL_POTIONS","is_daily":false,"chose_seed":false,"campfire_upgraded":2,"win_rate":0.0,"timestamp":1612938217,"path_taken":["M","?","M","M","M","E","R","M","T","M","M","R","M","?","R","BOSS","M","?","$","M","M","R","?","M","T","M","?","E","R","E","R","BOSS","M","?","$","M","?","E","M","M","T","?","M","M","?","?","R","BOSS","R","$","E","BOSS"],"items_purchased_type":["Card","Relic","Card","Relic","Relic"],"build_version":"2020-12-22","purchased_purges":0,"victory":false,"max_hp_per_floor":[85,85,85,85,85,85,85,85,85,85,85,85,85,85,85,85,85,85,95,95,95,95,95,95,95,95,100,100,100,100,100,100,100,100,100,100,100,100,100,100,100,100,100,100,100,100,100,100,100,100,100,100,100,100,100,100],"card_choices":[{"not_picked":["HollowMod:WraithStrike","HollowMod:BaldurShell"],"picked":"HollowMod:DashSlash","floor":1.0},{"not_picked":["HollowMod:NewGlowingWomb","HollowMod:InfectionAssault"],"picked":"HollowMod:DungDefenderAura","floor":3.0},{"not_picked":["HollowMod:TaintedHusks","HollowMod:ShadowDash"],"picked":"HollowMod:LifebloodCocoon","floor":4.0},{"not_picked":["HollowMod:SharpenedNail","HollowMod:MonomonsArchive"],"picked":"HollowMod:Weaversong","floor":5.0},{"not_picked":["HollowMod:ShadowDash","HollowMod:DashSlash"],"picked":"HollowMod:HeavyBlow","floor":6.0},{"not_picked":["HollowMod:DoubleDash","HollowMod:HeavyBlow"],"picked":"HollowMod:ZotesMagnificence","floor":8.0},{"not_picked":["HollowMod:LuriensSpire","HollowMod:NewLittleFool"],"picked":"HollowMod:FastStrike","floor":10.0},{"not_picked":["HollowMod:DescendingDark","HollowMod:NewJinnsSoul"],"picked":"HollowMod:HuntersJournal","floor":11.0},{"not_picked":["HollowMod:GrimmsGift","HollowMod:ChannelNail"],"picked":"HollowMod:DoubleDash","floor":13.0},{"not_picked":["HollowMod:theNailsmith","HollowMod:Hiveblood"],"picked":"HollowMod:ZotesMagnificence","floor":16.0},{"not_picked":["HollowMod:CycloneSlash","HollowMod:SharpenedNail"],"picked":"HollowMod:SoulStrike+1","floor":18},{"not_picked":["HollowMod:NewLittleFool","HollowMod:ShadowDash"],"picked":"HollowMod:InfectedCysts","floor":21},{"not_picked":["HollowMod:HuntersJournal","HollowMod:InfectedCysts"],"picked":"HollowMod:LifebloodCocoon+1","floor":22},{"not_picked":["HollowMod:NewJinnsSoul","HollowMod:WraithStrike"],"picked":"HollowMod:SharpenedNail","floor":25},{"not_picked":["HollowMod:MawleksShell","HollowMod:LuriensSpire+1"],"picked":"HollowMod:PureNailStrike+1","floor":27},{"not_picked":["HollowMod:SoulShaman","HollowMod:MidwifesHunger"],"picked":"HollowMod:GrimmsGift+1","floor":29},{"not_picked":["HollowMod:NewGlowingWomb","HollowMod:DescendingDark+1"],"picked":"HollowMod:CoiledNail","floor":31},{"not_picked":["HollowMod:NewInfectedGuardian","HollowMod:Hiveblood"],"picked":"HollowMod:AwokenDreamNail","floor":33},{"not_picked":["HollowMod:MawleksShell","HollowMod:WraithStrike"],"picked":"HollowMod:HeavyBlow+1","floor":35},{"not_picked":["HollowMod:WraithStrike+1","HollowMod:DashSlash+1"],"picked":"HollowMod:ChannelNail+1","floor":36},{"not_picked":["HollowMod:SiblingsSouls+1","HollowMod:LifebloodCore"],"picked":"HollowMod:SharpenedNail","floor":38},{"not_picked":["HollowMod:SiblingsSouls+1","HollowMod:SoulStrike"],"picked":"HollowMod:CycloneSlash","floor":40},{"not_picked":["HollowMod:InfectedAttack","HollowMod:Grubsong"],"picked":"HollowMod:DesolateDive","floor":41},{"not_picked":["HollowMod:ChannelNail+1","HollowMod:LifebloodCocoon+1"],"picked":"HollowMod:GoodIntentions","floor":42},{"not_picked":["HollowMod:InfectedCysts","HollowMod:HowlingWraiths"],"picked":"HollowMod:MantisMark","floor":44},{"not_picked":["HollowMod:NewLittleFool","HollowMod:BlackTendrils","HollowMod:NewGlowingWomb"],"picked":"SKIP","floor":45},{"not_picked":["HollowMod:InfectionAssault","HollowMod:MawleksShell+1"],"picked":"HollowMod:GrimmsGift","floor":46},{"not_picked":["HollowMod:SiblingsShadow","HollowMod:InfectionAssault"],"picked":"HollowMod:NewJinnsSoul","floor":54}],"player_experience":333917,"relics_obtained":[{"floor":6.0,"key":"Incense Burner"},{"floor":9.0,"key":"Bronze Scales"},{"floor":29,"key":"Centennial Puzzle"},{"floor":31,"key":"HollowMod:PaleOreRelic"},{"floor":40,"key":"Pocketwatch"},{"floor":43,"key":"White Beast Statue"},{"floor":54,"key":"Boot"}],"event_choices":[{"damage_healed":0.0,"max_hp_gain":0.0,"max_hp_loss":0.0,"gold_gain":0.0,"event_name":"Golden Idol","player_choice":"Take Damage","floor":2.0,"gold_loss":0.0,"damage_taken":21.0,"relics_obtained":["Golden Idol"]},{"damage_healed":0.0,"max_hp_gain":0.0,"max_hp_loss":0.0,"gold_gain":0.0,"event_name":"Dead Adventurer","player_choice":"Searched \u00271\u0027 times","floor":14.0,"gold_loss":0.0,"damage_taken":0.0,"relics_obtained":["Nunchaku"]},{"cards_removed":["HollowMod:ZotesMagnificence"],"damage_healed":8,"gold_gain":0,"player_choice":"Offered Rare","damage_taken":0,"max_hp_gain":10,"max_hp_loss":0,"event_name":"Bonfire Elementals","floor":19,"gold_loss":0},{"damage_healed":0,"gold_gain":0,"cards_transformed":["HollowMod:InfectedCysts"],"player_choice":"Transformed","damage_taken":0,"max_hp_gain":0,"max_hp_loss":0,"event_name":"Transmorgrifier","floor":24,"gold_loss":0,"cards_obtained":["HollowMod:GoodIntentions"]},{"damage_healed":0,"gold_gain":0,"player_choice":"Bought 2 Potions","damage_taken":0,"max_hp_gain":0,"max_hp_loss":0,"event_name":"The Woman in Blue","floor":28,"gold_loss":0},{"damage_healed":0,"gold_gain":0,"player_choice":"2","damage_taken":0,"max_hp_gain":0,"max_hp_loss":0,"event_name":"betterMatch:BetterMatch","floor":36,"gold_loss":0,"cards_obtained":["betterMatch:CommonCard"]},{"damage_healed":0,"gold_gain":0,"player_choice":"Upgraded","damage_taken":0,"max_hp_gain":0,"max_hp_loss":0,"event_name":"Upgrade Shrine","floor":39,"gold_loss":0,"cards_upgraded":["HollowMod:GoodIntentions"]},{"damage_healed":25,"gold_gain":0,"player_choice":"Writhe","damage_taken":0,"max_hp_gain":0,"max_hp_loss":0,"event_name":"Winding Halls","floor":47,"gold_loss":0,"cards_obtained":["Writhe"]}],"is_beta":false,"boss_relics":[{"not_picked":["Velvet Choker","Calling Bell"],"picked":"SlaversCollar"},{"not_picked":["Runic Pyramid","Astrolabe"],"picked":"Philosopher\u0027s Stone"}],"items_purged_floors":[],"is_endless":false,"potions_floor_spawned":[4,5,10,11,22,27,29,35,40,41,42,44,45,46,54],"killed_by":"The Heart","ascension_level":0}}