{"host":"7skgeiur16rqynog","time":1612985046,"event":{"mods":["AchievementEnabler","BaseMod","Infinite Spire","Minty Spire (QoL Compilation)","Replay The Spire","Shop Mod","StSLib","The Cursed","The Servant 0.9.4"],"gold_per_floor":[117,129,140,155,11,11,11,11,11,28,28,53,53,53,53,153,153,163,181,181,181,198,198,214,214,288,304,229,229,229,242,242,242,242],"floor_reached":33,"language":"ENG","playtime":6844,"items_purged":[],"score":247,"play_id":"f0b3f48f-5049-4840-85e1-0a5d3a3f6be0","local_time":"20210210192406","is_ascension_mode":false,"campfire_choices":[{"data":"Bash","floor":6.0,"key":"SMITH"},{"data":"Anger","floor":11.0,"key":"SMITH"},{"floor":13.0,"key":"REST"},{"data":"Twin Strike","floor":15.0,"key":"SMITH"},{"floor":23.0,"key":"REST"},{"floor":25.0,"key":"REST"},{"data":"Demon Form","floor":29.0,"key":"SMITH"},{"floor":32,"key":"REST"}],"circlet_count":0,"master_deck":["Strike_R","Strike_R","Strike_R","Strike_R","Defend_R","Defend_R","Defend_R","Defend_R","Bash+1","Anger+1","Cleave+1","Metallicize","Replay:Undeath\u0027s Touch","Battle Trance","Twin Strike+1","Replay:Many Hands","Seeing Red","ReplayTheSpireMod:Limb From Limb+1","Carnage","Flame Barrier","Flex","Demon Form+1","ReplayTheSpireMod:LeadingStrike+1"],"relics":["Burning Blood","Magic Flower","Blue Doll","Happy Flower","Replay:Accelerometer","Sundial","White Beast Statue"],"acts_visited":["Exordium","TheCity"],"potions_floor_usage":[33],"damage_taken":[{"damage":1.0,"enemies":"Cultist","floor":1.0,"turns":3.0},{"damage":3.0,"enemies":"2 Louse","floor":2.0,"turns":3.0},{"damage":18.0,"enemies":"infinitespire:Voidling","floor":3.0,"turns":4.0},{"damage":12.0,"enemies":"Looter","floor":4.0,"turns":3.0},{"damage":4.0,"enemies":"3 Louse","floor":10.0,"turns":2.0},{"damage":25.0,"enemies":"Lagavulin","floor":12.0,"turns":5.0},{"damage":49.0,"enemies":"The Guardian","floor":16.0,"turns":6.0},{"damage":37.0,"enemies":"2 Thieves","floor":18.0,"turns":4.0},{"damage":7.0,"enemies":"Chosen","floor":19.0,"turns":4.0},{"damage":48.0,"enemies":"Shelled Parasite and Fungi","floor":22.0,"turns":7.0},{"damage":14.0,"enemies":"Snake Plant","floor":24.0,"turns":3.0},{"damage":11.0,"enemies":"Centurion and Healer","floor":27.0,"turns":5.0},{"damage":24.0,"enemies":"Chosen and Byrds","floor":31.0,"turns":6.0},{"damage":68,"enemies":"Pondfish","floor":33,"turns":8}],"seed_played":"-1618682259822882998","potions_obtained":[{"floor":1.0,"key":"Fire Potion"},{"floor":12.0,"key":"AttackPotion"},{"floor":16.0,"key":"DuplicationPotion"},{"floor":18.0,"key":"Reflective Coating"},{"floor":24.0,"key":"Venom Potion"},{"floor":31.0,"key":"Fire Potion"}],"is_trial":false,"path_per_floor":["M","M","M","M","$","R","?","$","T","M","R","E","R","?","R","B",null,"M","M","?","?","M","R","M","R","T","M","?","R","?","M","R","B"],"character_chosen":"IRONCLAD","items_purchased":["Blue Doll"],"campfire_rested":4,"item_purchase_floors":[5],"current_hp_per_floor":[64,70,67,64,64,64,64,64,64,69,69,53,77,77,77,37,80,52,54,54,54,15,39,34,58,58,56,56,56,56,41,65,0,0],"gold":242,"neow_bonus":"ONE_RARE_RELIC","is_daily":false,"chose_seed":false,"campfire_upgraded":4,"win_rate":0.0,"timestamp":1612985046,"path_taken":["M","M","M","?","$","R","?","?","T","M","R","E","R","?","R","BOSS","M","?","?","?","M","R","M","R","T","M","?","R","?","M","R","BOSS"],"items_purchased_type":["Relic"],"build_version":"2020-12-22","purchased_purges":0,"victory":false,"max_hp_per_floor":[80,80,80,80,80,80,80,80,80,80,80,80,80,80,80,80,80,80,80,80,80,80,80,80,80,80,80,80,80,80,80,80,80,80],"card_choices":[{"not_picked":["Spot Weakness","Clothesline"],"picked":"Anger","floor":1.0},{"not_picked":["Headbutt","Pommel Strike"],"picked":"Cleave","floor":2.0},{"not_picked":["Run Through","Pommel Strike"],"picked":"Metallicize","floor":3.0},{"not_picked":["True Grit","Run Through"],"picked":"Replay:Undeath\u0027s Touch","floor":4.0},{"not_picked":["Sword Boomerang","ReplayTheSpireMod:LeadingStrike"],"picked":"Battle Trance","floor":10.0},{"not_picked":["Burning Pact","Disarm"],"picked":"Twin Strike","floor":12.0},{"not_picked":["Offering","Hemogenesis"],"picked":"Replay:Many Hands","floor":16.0},{"not_picked":["Cleave","True Grit"],"picked":"Seeing Red","floor":18.0},{"not_picked":["Abandon","Seeing Red"],"picked":"ReplayTheSpireMod:Limb From Limb+1","floor":19.0},{"not_picked":["Sword Boomerang","ReplayTheSpireMod:Strike From Hell"],"picked":"Flame Barrier","floor":22.0},{"not_picked":["Anger","Warcry+1"],"picked":"Flex","floor":24.0},{"not_picked":["Anger","Sword Boomerang+1"],"picked":"Demon Form","floor":27.0},{"not_picked":["True Grit+1","Body Slam"],"picked":"ReplayTheSpireMod:LeadingStrike+1","floor":31.0}],"player_experience":16481,"relics_obtained":[{"floor":9.0,"key":"Happy Flower"},{"floor":12.0,"key":"Replay:Accelerometer"},{"floor":26.0,"key":"Sundial"}],"event_choices":[{"damage_healed":0.0,"max_hp_gain":0.0,"max_hp_loss":0.0,"gold_gain":0.0,"event_name":"Upgrade Shrine","player_choice":"Upgraded","floor":7.0,"gold_loss":0.0,"damage_taken":0.0,"cards_upgraded":["Cleave"]},{"cards_removed":["Strike_R"],"damage_healed":0.0,"max_hp_gain":0.0,"max_hp_loss":0.0,"gold_gain":0.0,"event_name":"Bonfire Elementals","player_choice":"Offered Basic","floor":14.0,"gold_loss":0.0,"damage_taken":0.0},{"damage_healed":0.0,"max_hp_gain":0.0,"max_hp_loss":0.0,"gold_gain":0.0,"event_name":"Forgotten Altar","player_choice":"Smashed Altar","floor":20.0,"gold_loss":0.0,"damage_taken":0.0,"cards_obtained":["Decay"]},{"damage_healed":0.0,"max_hp_gain":0.0,"max_hp_loss":0.0,"gold_gain":0.0,"event_name":"The Library","player_choice":"Read","floor":21.0,"gold_loss":0.0,"damage_taken":0.0,"cards_obtained":["Carnage"]},{"cards_removed":["Decay"],"damage_healed":0.0,"max_hp_gain":0.0,"max_hp_loss":0.0,"gold_gain":0.0,"event_name":"Beggar","player_choice":"Gave Gold","floor":28.0,"gold_loss":75.0,"damage_taken":0.0}],"is_beta":false,"boss_relics":[{"not_picked":["Velvet Choker","infinitespire:Cupcake","Ectoplasm"]}],"items_purged_floors":[],"is_endless":false,"potions_floor_spawned":[1,12,16,18,24,31],"killed_by":"Pondfish","ascension_level":0}}