{"host":"6xsbn6ynqlzwllfm","time":1612969716,"event":{"mods":["2.2 Compatiblity","BaseMod","Bestiary","Colored Map","Colored Powertips","Curses Come First","Highlight Path","Keyboard Shortcuts","Minty Spire (QoL Compilation)","Relic Stats","Slay the Relics Exporter","StSLib","SuperFastMode"],"gold_per_floor":[112,112,123,139,159,159,187,204,204,204,244,244,132,151,151,245,245,270,286,299,299,317,353,353,117,117,117,130,143,183,108,108,199,199,215,233,7,7,22,22,63,94,94,94,127,460,460,486,498,510,522,534,546,162,189,189],"floor_reached":57,"language":"ENG","playtime":4645,"items_purged":["Pain","Strike_G","Clumsy"],"score":2755,"play_id":"2040ce02-e0db-4f8f-8bb3-9b0de5e0fc5b","local_time":"20210210100836","is_ascension_mode":true,"campfire_choices":[{"data":"Skewer","floor":6.0,"key":"SMITH"},{"data":"Footwork","floor":15,"key":"SMITH"},{"data":"Dagger Spray","floor":24,"key":"SMITH"},{"data":"Cloak And Dagger","floor":27,"key":"SMITH"},{"data":"Blade Dance","floor":32,"key":"SMITH"},{"floor":40,"key":"RECALL"},{"data":"Leg Sweep","floor":44,"key":"SMITH"},{"floor":47,"key":"REST"},{"data":"Dodge and Roll","floor":49,"key":"SMITH"},{"data":"Leg Sweep","floor":53,"key":"SMITH"}],"circlet_count":0,"master_deck":["AscendersBane","Strike_G","Strike_G","Strike_G","Defend_G","Defend_G","Defend_G","Defend_G","Defend_G","Survivor","Neutralize","Dagger Throw","Leg Sweep+1","Skewer+1","Footwork+1","Quick Slash","Terror","Dagger Spray+1","Blade Dance+1","Caltrops+1","Well Laid Plans+1","Die Die Die","Underhanded Strike","Backflip","Footwork+1","Cloak And Dagger+1","Dodge and Roll+1","Blur","Leg Sweep+1","Dodge and Roll+1","Blade Dance","Expertise","Infinite Blades+1"],"relics":["Cursed Key","Bronze Scales","Ninja Scroll","Frozen Egg 2","WarpedTongs","Busted Crown","Meat on the Bone","Membership Card","Shuriken","Black Star","Paper Crane","Pear","Calipers","Pocketwatch","Kunai","Nunchaku","Ornamental Fan","MawBank","DollysMirror","Pantograph","Oddly Smooth Stone","Sundial"],"acts_visited":["Exordium","TheCity","TheBeyond","TheEnding"],"potions_floor_usage":[11,16,23,28,28,29,33,33,45,56,56],"damage_taken":[{"damage":2.0,"enemies":"Jaw Worm","floor":1.0,"turns":5.0},{"damage":3.0,"enemies":"Cultist","floor":3.0,"turns":5.0},{"damage":0.0,"enemies":"2 Louse","floor":4.0,"turns":2.0},{"damage":0.0,"enemies":"Large Slime","floor":5.0,"turns":7.0},{"damage":3.0,"enemies":"Lagavulin","floor":7.0,"turns":9.0},{"damage":3.0,"enemies":"Lots of Slimes","floor":8.0,"turns":4.0},{"damage":13,"enemies":"Gremlin Nob","floor":11,"turns":4},{"damage":0,"enemies":"Blue Slaver","floor":14,"turns":1},{"damage":4,"enemies":"The Guardian","floor":16,"turns":9},{"damage":6,"enemies":"2 Thieves","floor":18,"turns":3},{"damage":0,"enemies":"Chosen","floor":19,"turns":3},{"damage":16,"enemies":"Snake Plant","floor":20,"turns":3},{"damage":10,"enemies":"3 Cultists","floor":22,"turns":3},{"damage":2,"enemies":"Gremlin Leader","floor":23,"turns":5},{"damage":0,"enemies":"Chosen and Byrds","floor":28,"turns":3},{"damage":0,"enemies":"Cultist and Chosen","floor":29,"turns":4},{"damage":29,"enemies":"Book of Stabbing","floor":30,"turns":5},{"damage":2,"enemies":"Automaton","floor":33,"turns":8},{"damage":27,"enemies":"3 Darklings","floor":35,"turns":3},{"damage":10,"enemies":"3 Shapes","floor":36,"turns":5},{"damage":5,"enemies":"Transient","floor":39,"turns":6},{"damage":9,"enemies":"Giant Head","floor":41,"turns":8},{"damage":0,"enemies":"Mind Bloom Boss Battle","floor":42,"turns":4},{"damage":29,"enemies":"Reptomancer","floor":45,"turns":6},{"damage":0,"enemies":"Nemesis","floor":48,"turns":7},{"damage":29,"enemies":"Time Eater","floor":50,"turns":8},{"damage":18,"enemies":"Donu and Deca","floor":51,"turns":12},{"damage":5,"enemies":"Shield and Spear","floor":55,"turns":9},{"damage":72,"enemies":"The Heart","floor":56,"turns":10}],"seed_played":"7774801294237969842","potions_obtained":[{"floor":1.0,"key":"SpeedPotion"},{"floor":4.0,"key":"Energy Potion"},{"floor":7.0,"key":"Ancient Potion"},{"floor":14,"key":"SpeedPotion"},{"floor":22,"key":"LiquidMemories"},{"floor":30,"key":"Dexterity Potion"},{"floor":33,"key":"Swift Potion"},{"floor":36,"key":"Block Potion"},{"floor":39,"key":"Ancient Potion"}],"is_trial":false,"path_per_floor":["M","?","M","M","M","R","E","M","T","?","E","?","$","M","R","B",null,"M","M","M","?","M","E","R","$","T","R","M","M","E","?","R","B",null,"M","M","$","?","M","R","E","?","T","R","E","?","R","E","R","B","B",null,"R","$","E","B",null],"character_chosen":"THE_SILENT","items_purchased":["Caltrops+1","Membership Card","Cloak And Dagger","EntropicBrew","Paper Crane","Blur","DollysMirror","Pantograph","Blade Dance","Expertise","GamblersBrew"],"campfire_rested":1,"item_purchase_floors":[13,25,25,25,37,37,54,54,54,54,54],"current_hp_per_floor":[57,57,54,54,54,54,51,48,48,25,12,12,12,12,12,8,52,46,46,30,30,20,18,18,18,18,18,30,42,25,25,25,35,58,43,45,45,45,40,40,53,53,53,53,36,36,57,57,57,40,34,63,63,63,58,13],"gold":189,"neow_bonus":"BOSS_RELIC","is_daily":false,"chose_seed":false,"campfire_upgraded":8,"win_rate":0.0,"timestamp":1612969716,"path_taken":["M","?","M","?","M","R","E","M","T","?","E","?","$","M","R","BOSS","M","?","M","?","M","E","R","$","T","R","?","M","E","?","R","BOSS","M","M","$","?","M","R","E","?","T","R","E","?","R","E","R","BOSS","BOSS","R","$","E","BOSS"],"items_purchased_type":["Card","Relic","Card","Potion","Relic","Card","Relic","Relic","Card","Card","Potion"],"build_version":"2020-12-22","purchased_purges":3,"victory":true,"max_hp_per_floor":[66,66,66,66,66,66,66,66,66,66,66,66,66,66,66,66,66,66,66,66,66,66,66,66,66,66,66,66,66,66,66,66,66,66,66,66,66,63,63,63,73,73,73,73,73,73,73,73,73,73,73,73,73,73,73,73],"relic_stats":{"counters":[29,161],"Cursed Key":2,"MawBank":72,"WarpedTongs":[125],"Nunchaku":[16],"Busted Crown":34,"Shuriken":[83],"Ornamental Fan":[164],"Sundial":[0],"Bronze Scales":[492],"Pantograph":15,"Black Star":4,"Kunai":[47],"obtain_stats":[{"Pear":41,"Calipers":41,"Golden Idol":10,"Oddly Smooth Stone":55,"Frozen Egg 2":11,"Paper Crane":37,"Cursed Key":0,"MawBank":48,"WarpedTongs":12,"Nunchaku":45,"Busted Crown":17,"Ninja Scroll":9,"Shuriken":30,"Ornamental Fan":48,"DollysMirror":54,"Sundial":55,"Bronze Scales":7,"Pantograph":54,"Black Star":34,"Membership Card":25,"Kunai":45,"Ring of the Snake":0,"Meat on the Bone":23,"Pocketwatch":42},{"Pear":22,"Calipers":22,"Golden Idol":6,"Oddly Smooth Stone":28,"Frozen Egg 2":7,"Paper Crane":20,"Cursed Key":0,"MawBank":25,"WarpedTongs":7,"Nunchaku":24,"Busted Crown":9,"Ninja Scroll":6,"Shuriken":17,"Ornamental Fan":25,"DollysMirror":27,"Sundial":28,"Bronze Scales":5,"Pantograph":27,"Black Star":18,"Membership Card":14,"Kunai":24,"Ring of the Snake":0,"Meat on the Bone":14,"Pocketwatch":23},{"Pear":105,"Calipers":105,"Golden Idol":32,"Oddly Smooth Stone":151,"Frozen Egg 2":36,"Paper Crane":91,"Cursed Key":0,"MawBank":122,"WarpedTongs":36,"Nunchaku":115,"Busted Crown":46,"Ninja Scroll":32,"Shuriken":75,"Ornamental Fan":122,"DollysMirror":142,"Sundial":151,"Bronze Scales":28,"Pantograph":142,"Black Star":83,"Membership Card":63,"Kunai":115,"Ring of the Snake":0,"Meat on the Bone":63,"Pocketwatch":109}],"Meat on the Bone":132,"Pocketwatch":[24]},"card_choices":[{"not_picked":["Calculated Gamble","Prepared"],"picked":"Dagger Throw","floor":1.0},{"not_picked":["Deflect","Backflip"],"picked":"Skewer","floor":3.0},{"not_picked":["PiercingWail","Distraction"],"picked":"Footwork","floor":4.0},{"not_picked":["Outmaneuver","Backflip"],"picked":"Quick Slash","floor":5.0},{"not_picked":["Cloak And Dagger","Venomology"],"picked":"Terror","floor":7.0},{"not_picked":["Flechettes","Prepared"],"picked":"Dagger Spray","floor":8.0},{"not_picked":["Predator","Prepared"],"picked":"Blade Dance","floor":11},{"not_picked":["Expertise","Reflex"],"picked":"Well Laid Plans+1","floor":14},{"not_picked":["Storm of Steel","Doppelganger"],"picked":"Die Die Die","floor":16},{"not_picked":[],"picked":"Underhanded Strike","floor":18},{"not_picked":[],"picked":"Backflip","floor":19},{"not_picked":["Caltrops+1"],"picked":"SKIP","floor":20},{"not_picked":["Concentrate"],"picked":"SKIP","floor":22},{"not_picked":["Dagger Spray"],"picked":"SKIP","floor":23},{"not_picked":["Sucker Punch"],"picked":"SKIP","floor":28},{"not_picked":["Outmaneuver"],"picked":"SKIP","floor":29},{"not_picked":["Accuracy+1"],"picked":"SKIP","floor":30},{"not_picked":["Slice"],"picked":"SKIP","floor":35},{"not_picked":[],"picked":"Dodge and Roll","floor":36},{"not_picked":[],"picked":"Leg Sweep","floor":39},{"not_picked":["Outmaneuver+1"],"picked":"SKIP","floor":41},{"not_picked":["Prepared"],"picked":"SKIP","floor":45},{"not_picked":["Slice+1"],"picked":"SKIP","floor":48},{"not_picked":[],"picked":"Infinite Blades+1","floor":55}],"player_experience":1421695,"relics_obtained":[{"floor":7.0,"key":"Bronze Scales"},{"floor":9.0,"key":"Ninja Scroll"},{"floor":11,"key":"Frozen Egg 2"},{"floor":23,"key":"Meat on the Bone"},{"floor":30,"key":"Shuriken"},{"floor":41,"key":"Pear"},{"floor":41,"key":"Calipers"},{"floor":42,"key":"Pocketwatch"},{"floor":45,"key":"Kunai"},{"floor":45,"key":"Nunchaku"},{"floor":48,"key":"Ornamental Fan"},{"floor":48,"key":"MawBank"},{"floor":55,"key":"Oddly Smooth Stone"},{"floor":55,"key":"Sundial"}],"event_choices":[{"damage_healed":0.0,"max_hp_gain":0.0,"max_hp_loss":0.0,"gold_gain":0.0,"cards_transformed":["Strike_G"],"event_name":"Transmorgrifier","player_choice":"Transformed","floor":2.0,"gold_loss":0.0,"damage_taken":0.0,"cards_obtained":["Leg Sweep"]},{"damage_healed":0.0,"max_hp_gain":0.0,"max_hp_loss":0.0,"gold_gain":0.0,"event_name":"Golden Idol","player_choice":"Take Damage","floor":10.0,"gold_loss":0.0,"damage_taken":23.0,"relics_obtained":["Golden Idol"]},{"damage_healed":0,"gold_gain":0,"player_choice":"Rummage","damage_taken":0,"relics_obtained":["WarpedTongs"],"max_hp_gain":0,"max_hp_loss":0,"event_name":"Accursed Blacksmith","floor":12,"gold_loss":0,"cards_obtained":["Pain"]},{"damage_healed":0,"gold_gain":0,"player_choice":"Copied","damage_taken":0,"max_hp_gain":0,"max_hp_loss":0,"event_name":"Duplicator","floor":21,"gold_loss":0,"cards_obtained":["Footwork"]},{"cards_removed":["Clumsy"],"damage_healed":0,"gold_gain":0,"player_choice":"Gave Gold","damage_taken":0,"max_hp_gain":0,"max_hp_loss":0,"event_name":"Beggar","floor":31,"gold_loss":75},{"damage_healed":0,"gold_gain":0,"player_choice":"Max HP","damage_taken":0,"max_hp_gain":0,"max_hp_loss":3,"event_name":"Winding Halls","floor":38,"gold_loss":0},{"damage_healed":0,"gold_gain":0,"player_choice":"Fight","damage_taken":0,"max_hp_gain":0,"max_hp_loss":0,"event_name":"MindBloom","floor":42,"gold_loss":0},{"damage_healed":0,"gold_gain":333,"player_choice":"Gave Idol","damage_taken":0,"max_hp_gain":0,"max_hp_loss":0,"event_name":"The Moai Head","floor":46,"relics_lost":["Golden Idol"],"gold_loss":0}],"is_beta":false,"boss_relics":[{"not_picked":["Snecko Eye","Sozu"],"picked":"Busted Crown"},{"not_picked":["Tiny House","Philosopher\u0027s Stone"],"picked":"Black Star"}],"items_purged_floors":[13,37,54],"is_endless":false,"potions_floor_spawned":[1,4,7,14,22,28,30,33,36,39,41],"ascension_level":20}}