{"host":"mal0jdk4f6ubgyb8","time":1612950752,"event":{"mods":["100% Spire Juice","Act Like it!","Aspiration","BaseMod","Gensokyo","KinomotoSakuraMod(木之本樱)","Luminous","Marisa（F雨　魔理沙）","Minty Spire (QoL Compilation)","Quick Restart","Relic Stats","Reliquary","Remilia（蕾米莉亚）","Replay The Spire","StSLib","WarShipGirlsR/战舰少女R mod","Yakumo Yukari mod"],"gold_per_floor":[117,136,146,160,171,198,198,230,230,257,332,350,350,367,367,470,470,483,483,496,496,516,542,542,569,569,569,583,583,583],"floor_reached":29,"language":"ZHS","playtime":1210,"items_purged":[],"score":359,"play_id":"ec1742f3-f71e-430a-aa0a-a4692d32c144","local_time":"20210210175232","is_ascension_mode":true,"campfire_choices":[{"data":"Luminous:Lania_Blessing_Luminous","floor":7.0,"key":"SMITH"},{"data":"Luminous:Lania_Blessing_Luminous","floor":15.0,"key":"SMITH"},{"data":"Luminous:Balance_Death_Scythe","floor":24,"key":"SMITH"},{"data":"Luminous:Chaos_Field_Luminous","floor":27,"key":"SMITH"}],"circlet_count":0,"master_deck":["Luminous:Light_Flash_Shower","Luminous:Light_Flash_Shower","Luminous:Light_Flash_Shower","Luminous:Dark_Abyssal_Drop","Luminous:Dark_Abyssal_Drop","Luminous:Dark_Abyssal_Drop","Luminous:Defend_Luminous","Luminous:Defend_Luminous","Luminous:Defend_Luminous","Luminous:Defend_Luminous","Luminous:Switch_Luminous","Luminous:Dark_Dim_Erosion","Luminous:Lania_Blessing_Luminous+1","Luminous:Balance_Death_Scythe+1","Luminous:Light_Glare","Luminous:Dark_Pressure_Void","Luminous:Chaos_Field_Luminous","Luminous:Dark_Moonlight_Spear","Luminous:Dark_Moonlight_Spear","Luminous:Lania_Blessing_Luminous+1","Luminous:Chaos_Field_Luminous+1","Luminous:Light_Glare","Normality","Luminous:Light_Glare","Luminous:Lunar_Tide_Luminous","Luminous:Dark_Crescendo_Luminous"],"relics":["Luminous:MirrorRelic","aspiration:Nostalgia","ScarletHat","aspiration:AnachronicSnailShell","reliquary:PartyBalloon","Bird Faced Urn","Sundial","SlaversCollar","NlothsMask","aspiration:ChemicalBlood","reliquary:RosewoodLute"],"acts_visited":["Exordium","TheCity"],"potions_floor_usage":[18,25,28,28,29],"damage_taken":[{"damage":0.0,"enemies":"Cultist","floor":1.0,"turns":4.0},{"damage":1.0,"enemies":"Jaw Worm","floor":2.0,"turns":3.0},{"damage":0.0,"enemies":"2 Louse","floor":3.0,"turns":3.0},{"damage":7.0,"enemies":"Blue Slaver","floor":4.0,"turns":3.0},{"damage":7.0,"enemies":"Red Slaver","floor":5.0,"turns":5.0},{"damage":5.0,"enemies":"Gremlin Nob","floor":6.0,"turns":5.0},{"damage":16.0,"enemies":"Lagavulin","floor":8.0,"turns":6.0},{"damage":0.0,"enemies":"Gremlin Nob","floor":10.0,"turns":4.0},{"damage":4.0,"enemies":"2 Fungi Beasts","floor":12.0,"turns":3.0},{"damage":6.0,"enemies":"Blue Slaver","floor":14.0,"turns":3.0},{"damage":11.0,"enemies":"Slime Boss","floor":16.0,"turns":6.0},{"damage":11,"enemies":"2 Thieves","floor":18,"turns":4},{"damage":20,"enemies":"Shell Parasite","floor":20,"turns":6},{"damage":19,"enemies":"Sentry and Sphere","floor":22,"turns":5},{"damage":29,"enemies":"Gremlin Leader","floor":23,"turns":7},{"damage":18,"enemies":"Book of Stabbing","floor":25,"turns":5},{"damage":13,"enemies":"Centurion and Healer","floor":28,"turns":5},{"damage":8,"enemies":"Slavers","floor":29,"turns":1}],"seed_played":"-2125099418111196304","potions_obtained":[{"floor":1.0,"key":"EssenceOfSteel"},{"floor":3.0,"key":"Strength Potion"},{"floor":6.0,"key":"Swift Potion"},{"floor":14.0,"key":"Fruit Juice"},{"floor":22,"key":"Dexterity Potion"},{"floor":23,"key":"Block Potion"}],"is_trial":false,"path_per_floor":["M","M","M","M","M","E","R","E","T","E","?","M","?","M","R","B",null,"M","?","M","?","M","E","R","E","T","R","M","E"],"character_chosen":"LuminousClass","items_purchased":[],"campfire_rested":0,"item_purchase_floors":[],"current_hp_per_floor":[75,74,74,67,65,60,60,54,54,54,43,46,39,45,45,43,80,71,71,60,60,50,27,27,15,15,15,6,0,0],"gold":583,"neow_bonus":"NOSTALGIA","is_daily":false,"chose_seed":false,"campfire_upgraded":4,"win_rate":0.0,"timestamp":1612950752,"path_taken":["M","M","M","M","M","E","R","E","T","E","?","M","?","M","R","BOSS","M","?","M","?","M","E","R","E","T","R","M","E"],"items_purchased_type":[],"build_version":"2020-12-22","purchased_purges":0,"victory":false,"max_hp_per_floor":[75,75,75,75,75,75,75,75,75,75,75,75,75,80,80,80,80,80,80,80,80,80,80,80,80,80,80,80,80,80],"relic_stats":{"counters":[18,78],"Sundial":[2],"Bird Faced Urn":[36],"obtain_stats":[{"SlaversCollar":17,"aspiration:Nostalgia":0,"reliquary:PartyBalloon":8,"Sundial":13,"aspiration:AnachronicSnailShell":6,"Bird Faced Urn":10,"Luminous:MirrorRelic":0,"reliquary:RosewoodLute":25,"ScarletHat":0,"NlothsMask":21,"aspiration:ChemicalBlood":23},{"SlaversCollar":11,"aspiration:Nostalgia":0,"reliquary:PartyBalloon":7,"Sundial":9,"aspiration:AnachronicSnailShell":6,"Bird Faced Urn":8,"Luminous:MirrorRelic":0,"reliquary:RosewoodLute":16,"ScarletHat":0,"NlothsMask":13,"aspiration:ChemicalBlood":15},{"SlaversCollar":45,"aspiration:Nostalgia":0,"reliquary:PartyBalloon":29,"Sundial":36,"aspiration:AnachronicSnailShell":23,"Bird Faced Urn":33,"Luminous:MirrorRelic":0,"reliquary:RosewoodLute":72,"ScarletHat":0,"NlothsMask":55,"aspiration:ChemicalBlood":67}]},"card_choices":[{"not_picked":["Luminous:Light_Gather","Luminous:Dark_Moonlight_Spear"],"picked":"Luminous:Dark_Dim_Erosion","floor":1.0},{"not_picked":["Luminous:Dark_Raid","Luminous:Dark_Dim_Erosion"],"picked":"Luminous:Lania_Blessing_Luminous","floor":2.0},{"not_picked":["Luminous:Light_Sylvan_Lance","Luminous:Light_Gather"],"picked":"Luminous:Balance_Death_Scythe","floor":3.0},{"not_picked":["Luminous:Dark_Raid","Luminous:Concentrate_Luminous","Luminous:Accumulation_Luminous"],"picked":"SKIP","floor":4.0},{"not_picked":["Luminous:Light_Wash_Luminous","Luminous:Dusk_Guard_Luminous"],"picked":"Luminous:Light_Glare","floor":5.0},{"not_picked":["Luminous:Darks_Surge_Luminous","Luminous:Light_Sylvan_Lance"],"picked":"Luminous:Dark_Pressure_Void","floor":6.0},{"not_picked":["Luminous:Blinding_Pillar_Luminous","Luminous:Lights_Protection_Luminous"],"picked":"Luminous:Chaos_Field_Luminous","floor":8.0},{"not_picked":["Luminous:Blinding_Pillar_Luminous","Luminous:Light_Gather"],"picked":"Luminous:Dark_Moonlight_Spear","floor":10.0},{"not_picked":["Luminous:Concentrate_Luminous","Luminous:Light_Wash_Luminous"],"picked":"Luminous:Dark_Moonlight_Spear","floor":12.0},{"not_picked":["Luminous:Fast_Spell_Luminous","Luminous:Light_Ray_of_Redemption"],"picked":"Luminous:Lania_Blessing_Luminous","floor":14.0},{"not_picked":["Luminous:Armageddon_Luminous","Luminous:Equalize_Luminous"],"picked":"Luminous:Chaos_Field_Luminous","floor":16.0},{"not_picked":["Luminous:Magic_Guard_Luminous","Luminous:Balance_Death_Scythe"],"picked":"Luminous:Light_Glare","floor":18},{"not_picked":["Luminous:Mana_Overload_Luminous+1","Luminous:Dark_Dim_Erosion"],"picked":"Luminous:Light_Glare","floor":20},{"not_picked":["Luminous:Balance_Ender","Luminous:Dark_Pressure_Void"],"picked":"Luminous:Lunar_Tide_Luminous","floor":22},{"not_picked":["Luminous:Accumulation_Luminous","Luminous:Dark_Raid","Luminous:Magic_Accelerate_Luminous"],"picked":"SKIP","floor":23},{"not_picked":["Luminous:Light_Wash_Luminous","Luminous:Dark_Dim_Erosion","Luminous:Balance_Ender"],"picked":"SKIP","floor":25},{"not_picked":["Luminous:Dark_Raid","Luminous:Phantom_Treasure_Luminous"],"picked":"Luminous:Dark_Crescendo_Luminous","floor":28}],"player_experience":314822,"relics_obtained":[{"floor":6.0,"key":"aspiration:AnachronicSnailShell"},{"floor":8.0,"key":"reliquary:PartyBalloon"},{"floor":10.0,"key":"Bird Faced Urn"},{"floor":23,"key":"aspiration:ChemicalBlood"},{"floor":25,"key":"reliquary:RosewoodLute"}],"event_choices":[{"damage_healed":0.0,"max_hp_gain":0.0,"max_hp_loss":0.0,"gold_gain":75.0,"event_name":"World of Goop","player_choice":"Gather Gold","floor":11.0,"gold_loss":0.0,"damage_taken":11.0},{"damage_healed":0.0,"max_hp_gain":0.0,"max_hp_loss":0.0,"gold_gain":0.0,"event_name":"Scrap Ooze","player_choice":"Success","floor":13.0,"gold_loss":0.0,"damage_taken":7.0,"relics_obtained":["Sundial"]},{"damage_healed":0,"gold_gain":0,"player_choice":"Trade","damage_taken":0,"relics_obtained":["NlothsMask"],"max_hp_gain":0,"max_hp_loss":0,"event_name":"FaceTrader","floor":21,"gold_loss":0}],"is_beta":false,"boss_relics":[{"not_picked":["Abe\u0027s Treasure","SacredBark"],"picked":"SlaversCollar"}],"items_purged_floors":[],"is_endless":false,"potions_floor_spawned":[1,3,6,10,14,22,23],"killed_by":"Slavers","ascension_level":3}}