{"host":"6drv1qzpbnls60z2","time":1612970029,"event":{"mods":["ATMod(°¢èªMod)","Act Like it!","BaseMod","Hallownest","Jedi Mod","Minty Spire (QoL Compilation)","Reliquary","Replay The Spire","Shop Mod","Spicy Shops","StSLib","The Cursed","Uncapped","¡¾ÒÅÎï¿¨ÅÆ¡¿REMEMod","²ÐÁôÖ®Îï","óô»ðÖ¸ÄÏ"],"gold_per_floor":[110,8,8,20,35,35,64,64,64,98,123,154,154,165,165,243,243,258,258,258,324,365,80,158,158,181,16,75,228,366,474,474,644,644,748,335,502,502,574,301,408,477,534,626,151,311,499,579,206,462,601,663,733,745,431,531,646,646,708,169,169,232,309,40,114,167,39,146,146,190,237,307,15,58,4,110,184,306,306,428,494,604,672,517,672,672,696,156,223,223,304,383,389,389],"floor_reached":93,"language":"ZHS","playtime":7741,"items_purged":["TheCursedMod:ShockAndAwe+1","TheCursedMod:CursedBoomerang"],"score":5754,"play_id":"351fa2ae-2edb-45dd-977a-91751d54d0e2","local_time":"20210210231349","daily_mods":["Heirloom","Flight","DeadlyEvents"],"is_ascension_mode":true,"campfire_choices":[{"data":"AT_ShrugMaster","floor":6,"key":"SMITH"},{"data":"TheCursedMod:StingEye","floor":8,"key":"SMITH"},{"data":"Specialist","floor":13,"key":"SMITH"},{"data":"ReplayTheSpireMod:Necrogeddon","floor":25,"key":"SMITH"},{"floor":32,"key":"REST"},{"data":"TheCursedMod:LuckyCharm","floor":58,"key":"SMITH"}],"circlet_count":0,"master_deck":["AscendersBane","TheCursedMod:CursedWand","TheCursedMod:CleanUpWorkshop","AT_ShrugMaster+1","Specialist+1","TheCursedMod:WearCloak","TheCursedMod:StingEye+1","Shame","AT_BodySlamDance","AT_ChampionStep","PlaceholderMod:NearChange","TheCursedMod:DarkBarrier+1","TheCursedMod:DemonSword+1","ReplayTheSpireMod:Necrogeddon+1","ReplayTheSpireMod:Faulty Equipment","PlaceholderMod:NearChange","TheCursedMod:AbyssShockwave","jedi:RedIncense+1","TheCursedMod:SpitefulStrike","TheCursedMod:CircleOfCorruption+1","Self Repair+1","TheCursedMod:WearCloak","TheCursedMod:VoidForm+1","jedi:RedIncense+1","TheCursedMod:LuckyCharm+1","REME_HeartOfCthun+1","REME_ShadowForm+1","REME_Flogging+1","Shame","TheCursedMod:BloodBarrier","TheCursedMod:CursedMace+1","TheCursedMod:CircleOfFlame","TheCursedMod:HellfireBreathing+1","AT_EssenceShift+1"],"relics":["TheCursedMod:BlackMagic101","AT_ATBox","REME_ComplimentaryCards","Turnip","PrismaticShard","TheCursedMod:BloodyHarpoon","jedi:archwizardhat","Replay:PocketPolymizer","AT_SunfireAegis","Ancient Tea Set","Hallownest:NailmastersGloryRelic","AT_MibuBalloonWealth","reliquary:IridiumChain","Anchor","Boot","MerchantsRug","REME_ArchaeologicalTools","Bag of Marbles","AT_TrinityForce","Golden Egg","Strange Spoon","Orichalcum","Singing Bowl","reliquary:Boomerang","Centennial Puzzle","AT_EbonyIvory","jedi:HeartOfTheCards","Oddly Smooth Stone","Membership Card","AT_ArchangelStaff","Garlic","reliquary:Aerogel","OrangePellets","Snack Pack","Medical Kit","reliquary:PurpleTingedLeaf","Sundial","Shuriken","Mummified Hand","PlaceholderMod:FlatBlood","reliquary:Stiletto","Happy Flower","ClockworkSouvenir","REME_LimitBreaker","Blue Doll","Bottled Lightning","Replay:Wax Seal","Blood Vial","AT_ImmortalShieldbow","jedi:bottledfury","Lantern","Replay:Kaleidoscope","PlaceholderMod:DeVermisMysteriis"],"acts_visited":["Exordium","Hallownest:CityofTears","TheBeyond","Hallownest:Greenpath","TheCity","Hallownest:KingdomsEdge"],"potions_floor_usage":[11,11,30,33,33,57],"damage_taken":[{"damage":0,"enemies":"Small Slimes","floor":1,"turns":3},{"damage":0,"enemies":"Jaw Worm","floor":4,"turns":5},{"damage":0,"enemies":"2 Louse","floor":5,"turns":4},{"damage":7,"enemies":"3 Sentries","floor":7,"turns":4},{"damage":0,"enemies":"Lagavulin","floor":10,"turns":5},{"damage":6,"enemies":"Replay:BlueRogue","floor":11,"turns":4},{"damage":0,"enemies":"Gremlin Nob","floor":12,"turns":3},{"damage":0,"enemies":"2 Fungi Beasts","floor":14,"turns":3},{"damage":0,"enemies":"Hexaghost","floor":16,"turns":4},{"damage":0,"enemies":"Hallownest:3_Youths","floor":18,"turns":4},{"damage":8,"enemies":"Hallownest:Guard_and_Sentry","floor":21,"turns":3},{"damage":0,"enemies":"Hallownest:monsterMisterMushroom","floor":22,"turns":3},{"damage":3,"enemies":"Hallownest:eliteWatcherKnight","floor":24,"turns":8},{"damage":0,"enemies":"Hallownest:Nosk","floor":28,"turns":3},{"damage":0,"enemies":"Hallownest:3_Mistakes","floor":29,"turns":3},{"damage":15,"enemies":"Hallownest:eliteWatcherKnight","floor":30,"turns":6},{"damage":9,"enemies":"Hallownest:Glutton_and_Coward","floor":31,"turns":3},{"damage":0,"enemies":"Hallownest:BossMantisLord","floor":33,"turns":2},{"damage":0,"enemies":"3 Shapes","floor":35,"turns":2},{"damage":1,"enemies":"3 Darklings","floor":37,"turns":3},{"damage":0,"enemies":"Giant Head","floor":39,"turns":4},{"damage":0,"enemies":"R_Hoarder","floor":41,"turns":4},{"damage":0,"enemies":"Nemesis","floor":42,"turns":3},{"damage":0,"enemies":"Giant Head","floor":44,"turns":4},{"damage":12,"enemies":"4 Shapes","floor":46,"turns":3},{"damage":0,"enemies":"Reptomancer","floor":47,"turns":3},{"damage":3,"enemies":"Giant Head","floor":48,"turns":3},{"damage":18,"enemies":"Awakened One","floor":50,"turns":5},{"damage":9,"enemies":"Time Eater","floor":51,"turns":4},{"damage":1,"enemies":"Hallownest:monsterHuskWarrior","floor":53,"turns":2},{"damage":0,"enemies":"Hallownest:2_Tiktiks_and_1_Crawlid","floor":56,"turns":1},{"damage":0,"enemies":"Hallownest:eliteMossKnight","floor":57,"turns":3},{"damage":0,"enemies":"Hallownest:eliteCrystalGuardian","floor":59,"turns":2},{"damage":19,"enemies":"Hallownest:eliteMossKnight","floor":62,"turns":2},{"damage":0,"enemies":"Hallownest:2_Baldur","floor":63,"turns":2},{"damage":0,"enemies":"Hallownest:eliteCrystalGuardian","floor":65,"turns":2},{"damage":0,"enemies":"Hallownest:eliteMossKnight","floor":66,"turns":1},{"damage":0,"enemies":"Hallownest:BossBrokenVessel","floor":68,"turns":2},{"damage":0,"enemies":"Spheric Guardian","floor":70,"turns":1},{"damage":0,"enemies":"Shell Parasite","floor":71,"turns":1},{"damage":0,"enemies":"Centurion and Healer","floor":72,"turns":1},{"damage":0,"enemies":"Snake Plant","floor":74,"turns":1},{"damage":0,"enemies":"Slavers","floor":76,"turns":1},{"damage":0,"enemies":"REME_1_Revenger","floor":77,"turns":2},{"damage":0,"enemies":"Slavers","floor":78,"turns":1},{"damage":0,"enemies":"Gremlin Leader","floor":80,"turns":2},{"damage":0,"enemies":"Book of Stabbing","floor":81,"turns":1},{"damage":0,"enemies":"Gremlin Leader","floor":82,"turns":1},{"damage":0,"enemies":"REME_1_Revenger","floor":83,"turns":2},{"damage":0,"enemies":"Automaton","floor":85,"turns":2},{"damage":0,"enemies":"Hallownest:2_Littles","floor":87,"turns":1},{"damage":0,"enemies":"Hallownest:Shield_Heavy","floor":89,"turns":1},{"damage":0,"enemies":"Hallownest:eliteCollector","floor":91,"turns":2},{"damage":0,"enemies":"Hallownest:eliteHiveKnight","floor":92,"turns":3},{"damage":0,"enemies":"Hallownest:StalkingDevout","floor":93,"turns":1}],"seed_played":"2388692509150398502","potions_obtained":[{"floor":4,"key":"Adrenaline Potion"},{"floor":7,"key":"ColorlessPotion"},{"floor":16,"key":"Milkshake"},{"floor":21,"key":"PowerPotion"},{"floor":24,"key":"EntropicBrew"},{"floor":33,"key":"LifebloodPotion"},{"floor":48,"key":"PowerPotion"},{"floor":57,"key":"Fire Potion"},{"floor":65,"key":"jedi:StrikingPotion"},{"floor":76,"key":"SkillPotion"},{"floor":77,"key":"EssenceOfSteel"}],"is_trial":true,"path_per_floor":["M","$","?","M","M","R","E","R","T","E","E","E","R","M","R","B",null,"M","?","?","M","M","R","E","R","T","$","E","M","E","M","R","B",null,"M","$","M","?","E","R","E","E","T","E","R","M","E","E","R","B","B",null,"M","?","$","M","E","R","E","$","T","E","M","R","E","E","R","B",null,"M","M","M","$","M","R","E","E","E","?","E","E","E","E","R","B",null,"M","$","M","?","E","E","E"],"character_chosen":"THE_CURSED","items_purchased":["TheCursedMod:StingEye","reliquary:IridiumChain","MerchantsRug","TheCursedMod:SpitefulStrike","Golden Egg","Strange Spoon","TheCursedMod:CircleOfCorruption","Singing Bowl","AT_EbonyIvory","jedi:RedIncense","Lee\u0027s Waffle","TheCursedMod:LuckyCharm","Membership Card","REME_HeartOfCthun","REME_Flogging","Garlic","reliquary:Aerogel","OrangePellets","Snack Pack","TheCursedMod:CursedMace","Medical Kit","reliquary:PurpleTingedLeaf","Sundial","Mummified Hand","Replay:Baseball","Strawberry","PlaceholderMod:FlatBlood","TheCursedMod:CircleOfFlame","reliquary:Stiletto","Guide Book","Happy Flower","ClockworkSouvenir","TheCursedMod:HellfireBreathing+1","REME_LimitBreaker","Blue Doll","Bottled Lightning","Replay:Wax Seal","Blood Vial","AT_ImmortalShieldbow","jedi:bottledfury","Lantern","Replay:Kaleidoscope"],"campfire_rested":1,"item_purchase_floors":[2,23,27,36,36,36,36,40,45,45,45,49,49,49,55,55,55,55,60,60,60,60,60,64,64,64,67,67,73,73,73,73,75,75,84,84,88,88,88,88,88,88],"current_hp_per_floor":[64,64,64,64,64,64,57,57,57,57,51,51,51,51,51,51,66,66,66,46,38,38,38,35,35,35,35,35,35,20,11,32,32,61,61,61,60,60,60,60,72,74,74,77,84,74,86,87,87,90,83,97,100,80,80,86,102,102,107,107,107,109,111,118,120,122,122,124,124,126,128,130,130,132,132,134,136,138,95,145,147,149,151,151,151,151,153,153,155,135,155,159,159,159],"gold":389,"neow_bonus":"","is_daily":false,"chose_seed":false,"campfire_upgraded":5,"win_rate":0.0,"timestamp":1612970029,"path_taken":["M","$","?","M","M","R","E","R","T","E","E","E","R","?","R","BOSS","M","?","?","M","M","R","E","R","T","$","?","?","E","M","R","BOSS","M","$","M","?","?","R","E","E","T","E","R","M","E","E","R","BOSS","BOSS","M","?","$","M","?","R","E","$","T","E","?","R","E","E","R","BOSS","M","?","M","$","M","R","E","E","E","?","E","?","E","?","R","BOSS","M","$","M","?","?","E","E"],"items_purchased_type":["Card","Relic","Relic","Card","Relic","Relic","Card","Relic","Relic","Card","Relic","Card","Relic","Card","Card","Relic","Relic","Relic","Relic","Card","Relic","Relic","Relic","Relic","Relic","Relic","Relic","Card","Relic","Relic","Relic","Relic","Card","Relic","Relic","Relic","Relic","Relic","Relic","Relic","Relic","Relic"],"build_version":"2020-12-22","purchased_purges":2,"victory":false,"max_hp_per_floor":[71,71,71,71,71,71,71,71,71,71,71,71,71,71,71,71,71,71,71,71,71,71,71,71,71,71,71,71,71,71,71,71,71,71,71,71,71,71,71,71,73,75,75,77,84,86,88,90,90,90,92,99,101,101,101,103,105,105,107,107,107,109,111,118,120,122,122,124,124,126,128,130,130,132,132,134,136,138,143,145,147,149,151,151,151,151,153,153,155,155,157,159,159,159],"card_choices":[{"not_picked":["TheCursedMod:CircleOfCorruption","TheCursedMod:CursedBoomerang"],"picked":"TheCursedMod:WearCloak","floor":1},{"not_picked":["Iron Wave","PlaceholderMod:ProliferateStrike"],"picked":"AT_BodySlamDance","floor":4},{"not_picked":["AT_DiedThrough","EmptyBody"],"picked":"AT_ChampionStep","floor":5},{"not_picked":["Sucker Punch","PlaceholderMod:HardStinger","Cleave"],"picked":"SKIP","floor":7},{"not_picked":["Prostrate","REME_TheLastStrike","Clothesline"],"picked":"SKIP","floor":10},{"not_picked":["Hemokinesis","Barrage"],"picked":"PlaceholderMod:NearChange","floor":11},{"not_picked":["Adaptation","Deadly Poison","Panic Button"],"picked":"SKIP","floor":12},{"not_picked":["PlaceholderMod:SprayAttack","AT_IchimonjiDouble","Consecrate"],"picked":"SKIP","floor":14},{"not_picked":["Blasphemy","REME_PuzzleBox"],"picked":"ReplayTheSpireMod:Necrogeddon","floor":16},{"not_picked":[],"picked":"Rupture","floor":18},{"not_picked":["ReplayTheSpireMod:Repulse+1"],"picked":"SKIP","floor":21},{"not_picked":["Backflip"],"picked":"SKIP","floor":22},{"not_picked":[],"picked":"PlaceholderMod:NearChange","floor":24},{"not_picked":["Skim"],"picked":"SKIP","floor":28},{"not_picked":["Protect"],"picked":"SKIP","floor":29},{"not_picked":["Replay:Bootleg Shield Generator"],"picked":"SKIP","floor":30},{"not_picked":["MentalFortress"],"picked":"SKIP","floor":31},{"not_picked":[],"picked":"jedi:RedIncense","floor":33},{"not_picked":["PlaceholderMod:PoisonAbsorb"],"picked":"SKIP","floor":35},{"not_picked":["Havoc","Beam Cell","Cold Snap"],"picked":"SKIP","floor":37},{"not_picked":["ReplayTheSpireMod:Omega Cannon","ReplayTheSpireMod:Muscle Training"],"picked":"Self Repair+1","floor":39},{"not_picked":["AT_IchimonjiDouble","ClearTheMind","WreathOfFlame+1"],"picked":"Singing Bowl","floor":41},{"not_picked":["Well Laid Plans","Turbo","PlaceholderMod:ParasiteChange"],"picked":"Singing Bowl","floor":42},{"not_picked":["HandOfGreed","Clash","EmptyBody+1"],"picked":"Singing Bowl","floor":44},{"not_picked":["ReachHeaven","PlaceholderMod:PoisonExcitation","Replay:ManipulateFuture+1"],"picked":"Singing Bowl","floor":46},{"not_picked":["Acrobatics+1","Sword Boomerang","TheCursedMod:CursedShiv"],"picked":"Singing Bowl","floor":47},{"not_picked":["REME_Compress","AT_ArcaneSupremacy+1","Impatience"],"picked":"Singing Bowl","floor":48},{"not_picked":["TheCursedMod:ForbiddenAlchemy","Judgement"],"picked":"REME_ShadowForm","floor":50},{"not_picked":["Electrodynamics","Reboot","Crow Ritual"],"picked":"Singing Bowl","floor":51},{"not_picked":["jedi:fear","AT_HeatAcrobatics","PlaceholderMod:ParasiteChange"],"picked":"Singing Bowl","floor":52},{"not_picked":["PlaceholderMod:ParasiteChange","JustLucky","Wraith Form v2"],"picked":"Singing Bowl","floor":53},{"not_picked":["Poisoned Stab","Dagger Spray","Prostrate"],"picked":"Singing Bowl","floor":56},{"not_picked":["WheelKick","Concentrate","Heatsinks"],"picked":"Singing Bowl","floor":57},{"not_picked":["ReplayTheSpireMod:Speed Training","Distraction","Blizzard"],"picked":"Singing Bowl","floor":59},{"not_picked":["TheCursedMod:RapidMovement","REME_HeartOfCthun","PlaceholderMod:Turn"],"picked":"Singing Bowl","floor":62},{"not_picked":["ReplaySolidLightProjector","Rebound","jedi:hex"],"picked":"Singing Bowl","floor":63},{"not_picked":["Storm","DeceiveReality","ReplaySolidLightProjector"],"picked":"Singing Bowl","floor":65},{"not_picked":["REME_ShadowStrike","jedi:spotbugs","Dagger Throw"],"picked":"Singing Bowl","floor":66},{"not_picked":["Immolate","REME_EmptyShield","Envenom"],"picked":"Singing Bowl","floor":68},{"not_picked":["PlaceholderMod:DissolvingSpikes","ReplayTheSpireMod:Scrap Shanks","PlaceholderMod:SeverePoisonStrike"],"picked":"Singing Bowl","floor":70},{"not_picked":["AT_ShrugMaster","Tactician+1","Capacitor+1"],"picked":"Singing Bowl","floor":71},{"not_picked":["Warcry","PlaceholderMod:HornyBlast","TheCursedMod:CircleOfFlame"],"picked":"Singing Bowl","floor":72},{"not_picked":["Gash","Go for the Eyes","Pommel Strike"],"picked":"Singing Bowl","floor":74},{"not_picked":["Sunder","ReplayTheSpireMod:System Scan","FollowUp"],"picked":"Singing Bowl","floor":76},{"not_picked":["Blur","Replay:DivineShield","Glacier"],"picked":"Singing Bowl","floor":77},{"not_picked":["Combust","Ball Lightning+1","Blade Dance"],"picked":"Singing Bowl","floor":78},{"not_picked":["Iron Wave","Underhanded Strike","AT_WindRun"],"picked":"Singing Bowl","floor":80},{"not_picked":["Evaluate+1","Replay:Bag of Tricks","Evolve"],"picked":"Singing Bowl","floor":81},{"not_picked":["Dodge and Roll","Body Slam","Flechettes"],"picked":"Singing Bowl","floor":82},{"not_picked":["Deflect","PlaceholderMod:OHStrongAttack","TheCursedMod:Wield"],"picked":"Singing Bowl","floor":83},{"not_picked":["Wish","REME_ShadowForm"],"picked":"AT_EssenceShift","floor":85},{"not_picked":["AT_FocusSwordFire+1","PlaceholderMod:Break","PathToVictory"],"picked":"Singing Bowl","floor":87},{"not_picked":["PlaceholderMod:Sweep","jedi:hex","PlaceholderMod:TriggerStrike"],"picked":"Singing Bowl","floor":89},{"not_picked":["REME_SpectralBlade","PlaceholderMod:InnerStable","Replay:BluntJabs"],"picked":"Singing Bowl","floor":91},{"not_picked":["TheCursedMod:FleshFromBone","PlaceholderMod:ConsolidateHit","PlaceholderMod:DiffusionPoison"],"picked":"Singing Bowl","floor":92}],"player_experience":6116,"relics_obtained":[{"floor":7,"key":"TheCursedMod:BloodyHarpoon"},{"floor":9,"key":"jedi:archwizardhat"},{"floor":10,"key":"reliquary:FerryPass"},{"floor":11,"key":"Replay:PocketPolymizer"},{"floor":11,"key":"AT_SunfireAegis"},{"floor":12,"key":"Ancient Tea Set"},{"floor":24,"key":"Anchor"},{"floor":26,"key":"Boot"},{"floor":28,"key":"REME_ArchaeologicalTools"},{"floor":30,"key":"Bag of Marbles"},{"floor":39,"key":"Orichalcum"},{"floor":41,"key":"reliquary:Boomerang"},{"floor":42,"key":"MawBank"},{"floor":43,"key":"reliquary:PartyBalloon"},{"floor":44,"key":"Centennial Puzzle"},{"floor":47,"key":"jedi:HeartOfTheCards"},{"floor":48,"key":"Oddly Smooth Stone"},{"floor":61,"key":"Shuriken"}],"event_choices":[{"cards_removed":["TheCursedMod:Strike_TheCursed"],"damage_healed":0,"gold_gain":0,"player_choice":"Purged","damage_taken":0,"max_hp_gain":0,"max_hp_loss":0,"event_name":"Purifier","floor":38,"gold_loss":0},{"damage_healed":0,"gold_gain":0,"player_choice":"Shed Blood","damage_taken":48,"max_hp_gain":5,"max_hp_loss":0,"event_name":"Forgotten Altar","floor":79,"gold_loss":0}],"is_beta":false,"boss_relics":[{"not_picked":["reliquary:Ember","jedi:battlestandard"],"picked":"Busted Crown"},{"not_picked":["TheCursedMod:FourLeafCloverCharm","TheCursedMod:OminousMark"],"picked":"AT_TrinityForce"},{"not_picked":["Sozu","Replay:Drink Me"],"picked":"Tiny House"},{"not_picked":["VoidEssence"],"picked":"MetallicRebirth"},{"not_picked":["Accursed"],"picked":"MetallicRebirth"}],"items_purged_floors":[64,67],"is_endless":true,"potions_floor_spawned":[4,7,10,16,21,24,28,33,37,42,48,50,56,57,65,66,70,76,77,80,85,87,89],"killed_by":"Hallownest:StalkingDevout","ascension_level":20}}