{"host":"o3n4et6u1y1w2h5j","time":1612927354,"event":{"mods":["AchievementEnabler","BaseMod","Block Reminder","Minty Spire (QoL Compilation)","Rare Cards Sparkle","Relic Stats","StSLib"],"gold_per_floor":[119,135,12,30,30,30,55,55,129,129,157,170,170,201,201,304,304,318,230,230,230,255,281,281,297,297,328,328,343,360,375,375,472,472,491,538,538,302,315,315,537,537,537,537,563,573,573,583,583,583,583,583,53,87,87],"floor_reached":56,"language":"ENG","playtime":5007,"items_purged":["Strike_B","Hello World+1"],"score":1329,"play_id":"9d609dd6-08e6-48a4-8269-73a3461b5307","local_time":"20210209192234","is_ascension_mode":true,"campfire_choices":[{"data":"Hello World","floor":6,"key":"SMITH"},{"data":"Biased Cognition","floor":10,"key":"SMITH"},{"floor":15,"key":"DIG"},{"data":"Fission","floor":28,"key":"SMITH"},{"data":"Double Energy","floor":32,"key":"SMITH"},{"floor":40,"key":"DIG"},{"floor":42,"key":"DIG"},{"floor":44,"key":"DIG"},{"floor":49,"key":"RECALL"},{"data":"Discovery","floor":52,"key":"SMITH"}],"circlet_count":0,"master_deck":["Zap","Dualcast","Machine Learning","Steam","Barrage","Turbo","Cold Snap","Machine Learning","Core Surge","Biased Cognition+1","Glacier","Heatsinks","Fission+1","Impatience","Consume","Double Energy+1","Defragment+1","Creative AI+1","Undo+1","Chill+1","Meteor Strike+1","Self Repair+1","Defragment+1","Discovery+1","Capacitor+1"],"relics":["Cracked Core","MealTicket","Kunai","Eternal Feather","Mercury Hourglass","Shovel","Frozen Egg 2","Inserter","Enchiridion","Red Mask","Singing Bowl","Ice Cream","Bag of Marbles","Astrolabe","Bird Faced Urn","Juzu Bracelet","Darkstone Periapt","Vajra","Dream Catcher","FossilizedHelix","ClockworkSouvenir","Centennial Puzzle","Bottled Flame"],"acts_visited":["Exordium","TheCity","TheBeyond","TheEnding"],"potions_floor_usage":[14,16,23,29,36,46,50,55],"damage_taken":[{"damage":1,"enemies":"Cultist","floor":1,"turns":4},{"damage":0,"enemies":"Jaw Worm","floor":2,"turns":3},{"damage":2,"enemies":"Small Slimes","floor":4,"turns":3},{"damage":10,"enemies":"Lagavulin","floor":7,"turns":7},{"damage":12,"enemies":"Gremlin Nob","floor":11,"turns":4},{"damage":13,"enemies":"Blue Slaver","floor":12,"turns":3},{"damage":0,"enemies":"3 Sentries","floor":14,"turns":5},{"damage":1,"enemies":"Hexaghost","floor":16,"turns":8},{"damage":16,"enemies":"3 Byrds","floor":18,"turns":5},{"damage":28,"enemies":"Masked Bandits","floor":22,"turns":5},{"damage":6,"enemies":"Gremlin Leader","floor":23,"turns":6},{"damage":3,"enemies":"Chosen","floor":25,"turns":4},{"damage":5,"enemies":"Book of Stabbing","floor":27,"turns":6},{"damage":6,"enemies":"Centurion and Healer","floor":29,"turns":6},{"damage":6,"enemies":"Cultist and Chosen","floor":30,"turns":4},{"damage":0,"enemies":"Sentry and Sphere","floor":31,"turns":7},{"damage":0,"enemies":"Automaton","floor":33,"turns":7},{"damage":14,"enemies":"3 Darklings","floor":35,"turns":4},{"damage":12,"enemies":"2 Orb Walkers","floor":36,"turns":5},{"damage":0,"enemies":"3 Shapes","floor":39,"turns":4},{"damage":14,"enemies":"Reptomancer","floor":45,"turns":8},{"damage":18,"enemies":"Transient","floor":46,"turns":5},{"damage":0,"enemies":"4 Shapes","floor":48,"turns":4},{"damage":10,"enemies":"Donu and Deca","floor":50,"turns":8},{"damage":10,"enemies":"Shield and Spear","floor":54,"turns":7},{"damage":84,"enemies":"The Heart","floor":55,"turns":11}],"seed_played":"-8617720506105025257","potions_obtained":[{"floor":12,"key":"SneckoOil"},{"floor":14,"key":"PowerPotion"},{"floor":22,"key":"Energy Potion"},{"floor":25,"key":"Strength Potion"},{"floor":27,"key":"LiquidMemories"},{"floor":33,"key":"Swift Potion"},{"floor":37,"key":"Block Potion"},{"floor":37,"key":"EssenceOfSteel"},{"floor":37,"key":"EssenceOfDarkness"},{"floor":48,"key":"LiquidMemories"}],"is_trial":false,"path_per_floor":["M","M","$","M","?","R","E","?","T","R","E","M","T","E","R","B",null,"M","$","?","?","?","E","?","M","T","E","R","M","M","M","R","B",null,"M","?","?","$","M","R","?","R","T","R","E","M","?","M","R","B",null,"R","$","E","B",null],"character_chosen":"DEFECT","items_purchased":["Cold Snap","Impatience","Defragment+1","Juzu Bracelet","ClockworkSouvenir","Capacitor+1","Centennial Puzzle","FocusPotion"],"campfire_rested":0,"item_purchase_floors":[3,19,38,38,53,53,53,53],"current_hp_per_floor":[67,67,67,65,65,65,55,55,55,55,43,30,30,30,39,38,68,52,67,67,51,23,19,19,16,16,11,23,19,15,15,27,27,74,62,50,50,65,78,78,78,78,78,78,80,74,71,86,86,86,86,86,86,88,40],"gold":87,"neow_bonus":"TRANSFORM_TWO_CARDS","is_daily":false,"chose_seed":false,"campfire_upgraded":5,"win_rate":0.0,"timestamp":1612927354,"path_taken":["M","?","$","M","?","R","E","?","T","R","E","?","?","E","R","BOSS","M","$","?","?","?","E","?","M","T","E","R","M","?","M","R","BOSS","M","?","?","$","M","R","?","R","T","R","E","M","?","M","R","BOSS","R","$","E","BOSS"],"items_purchased_type":["Card","Card","Card","Relic","Relic","Card","Relic","Potion"],"build_version":"2020-12-22","purchased_purges":2,"victory":true,"max_hp_per_floor":[68,68,68,68,68,68,68,68,68,68,68,68,68,68,68,68,68,68,68,68,68,68,70,70,70,70,70,70,72,74,74,74,74,74,76,76,76,76,78,78,78,78,78,78,80,82,84,86,86,86,86,86,86,88,88],"relic_stats":{"Darkstone Periapt":0,"Inserter":[52],"Singing Bowl":20,"counters":[26,142],"Astrolabe":["Undo","Chill","Meteor Strike"],"Eternal Feather":33,"Juzu Bracelet":1,"Mercury Hourglass":[539],"Dream Catcher":0,"Centennial Puzzle":[6],"Shovel":4,"Bird Faced Urn":[84],"MealTicket":30,"Kunai":[26],"obtain_stats":[{"Ice Cream":26,"Darkstone Periapt":40,"Inserter":17,"Singing Bowl":23,"Astrolabe":34,"Enchiridion":21,"Vajra":42,"Eternal Feather":11,"Juzu Bracelet":38,"Frozen Egg 2":15,"Mercury Hourglass":13,"ClockworkSouvenir":53,"Dream Catcher":44,"Centennial Puzzle":53,"Bottled Flame":54,"Shovel":14,"Bird Faced Urn":36,"MealTicket":7,"Red Mask":22,"Bag of Marbles":27,"Kunai":9,"Cracked Core":0,"FossilizedHelix":45},{"Ice Cream":12,"Darkstone Periapt":20,"Inserter":8,"Singing Bowl":11,"Astrolabe":17,"Enchiridion":9,"Vajra":20,"Eternal Feather":5,"Juzu Bracelet":19,"Frozen Egg 2":7,"Mercury Hourglass":6,"ClockworkSouvenir":24,"Dream Catcher":20,"Centennial Puzzle":24,"Bottled Flame":25,"Shovel":7,"Bird Faced Urn":19,"MealTicket":4,"Red Mask":10,"Bag of Marbles":13,"Kunai":4,"Cracked Core":0,"FossilizedHelix":21},{"Ice Cream":56,"Darkstone Periapt":99,"Inserter":36,"Singing Bowl":52,"Astrolabe":86,"Enchiridion":41,"Vajra":99,"Eternal Feather":21,"Juzu Bracelet":95,"Frozen Egg 2":28,"Mercury Hourglass":24,"ClockworkSouvenir":124,"Dream Catcher":99,"Centennial Puzzle":124,"Bottled Flame":131,"Shovel":28,"Bird Faced Urn":95,"MealTicket":17,"Red Mask":46,"Bag of Marbles":62,"Kunai":17,"Cracked Core":0,"FossilizedHelix":107}]},"card_choices":[{"not_picked":["Scrape","Leap"],"picked":"Barrage","floor":1},{"not_picked":["Beam Cell","Aggregate"],"picked":"Turbo","floor":2},{"not_picked":["Redo","Sunder"],"picked":"Machine Learning","floor":4},{"not_picked":["Static Discharge","Streamline"],"picked":"Core Surge","floor":7},{"not_picked":["Aggregate","BootSequence"],"picked":"Glacier","floor":11},{"not_picked":["FTL","Leap"],"picked":"Compile Driver","floor":12},{"not_picked":["Leap","Hyperbeam"],"picked":"Heatsinks","floor":14},{"not_picked":["Thunder Strike","Rainbow"],"picked":"Fission","floor":16},{"not_picked":["Cold Snap","Aggregate","Gash"],"picked":"SKIP","floor":18},{"not_picked":["Barrage","Heatsinks+1","Gash+1"],"picked":"Singing Bowl","floor":23},{"not_picked":["Hello World+1","Storm+1"],"picked":"Consume","floor":25},{"not_picked":["Steam","Compile Driver"],"picked":"Double Energy","floor":27},{"not_picked":["Sweeping Beam","FTL","Coolheaded"],"picked":"Singing Bowl","floor":29},{"not_picked":["Doom and Gloom","Force Field","Redo+1"],"picked":"Singing Bowl","floor":30},{"not_picked":["Ball Lightning","Rip and Tear"],"picked":"Defragment+1","floor":31},{"not_picked":["Electrodynamics+1","Rainbow"],"picked":"Creative AI+1","floor":33},{"not_picked":["Conserve Battery+1","Redo","Static Discharge+1"],"picked":"Singing Bowl","floor":35},{"not_picked":["Streamline+1","Doom and Gloom"],"picked":"Self Repair+1","floor":36},{"not_picked":["Melter+1","Redo","Hologram"],"picked":"Singing Bowl","floor":39},{"not_picked":["Gash+1","Self Repair+1","Fusion"],"picked":"Singing Bowl","floor":45},{"not_picked":["BootSequence","Beam Cell","Heatsinks+1"],"picked":"Singing Bowl","floor":46},{"not_picked":["Enlightenment","Mind Blast"],"picked":"Discovery","floor":47},{"not_picked":["Deep Breath","Violence","Dark Shackles"],"picked":"Singing Bowl","floor":47},{"not_picked":["Redo","Compile Driver+1","Steam"],"picked":"Singing Bowl","floor":48},{"not_picked":["Darkness","Genetic Algorithm+1","Leap+1"],"picked":"Singing Bowl","floor":54}],"player_experience":82866,"relics_obtained":[{"floor":7,"key":"MealTicket"},{"floor":9,"key":"Kunai"},{"floor":11,"key":"Eternal Feather"},{"floor":13,"key":"Mercury Hourglass"},{"floor":14,"key":"Shovel"},{"floor":15,"key":"Frozen Egg 2"},{"floor":21,"key":"Enchiridion"},{"floor":22,"key":"Red Mask"},{"floor":23,"key":"Singing Bowl"},{"floor":26,"key":"Ice Cream"},{"floor":27,"key":"Bag of Marbles"},{"floor":36,"key":"Bird Faced Urn"},{"floor":40,"key":"Darkstone Periapt"},{"floor":42,"key":"Vajra"},{"floor":44,"key":"Dream Catcher"},{"floor":45,"key":"FossilizedHelix"},{"floor":54,"key":"Bottled Flame"}],"event_choices":[{"damage_healed":0,"gold_gain":0,"cards_transformed":["Strike_B"],"player_choice":"Change","damage_taken":0,"max_hp_gain":0,"max_hp_loss":0,"event_name":"Living Wall","floor":5,"gold_loss":0,"cards_obtained":["Hello World"]},{"damage_healed":0,"gold_gain":0,"cards_transformed":["Defend_B"],"player_choice":"Transformed","damage_taken":0,"max_hp_gain":0,"max_hp_loss":0,"event_name":"Transmorgrifier","floor":8,"gold_loss":0,"cards_obtained":["Biased Cognition"]},{"damage_healed":0,"gold_gain":0,"player_choice":"Ignored","damage_taken":0,"max_hp_gain":0,"max_hp_loss":0,"event_name":"Vampires","floor":20,"gold_loss":0},{"damage_healed":0,"gold_gain":0,"player_choice":"Obtained Book","damage_taken":16,"max_hp_gain":0,"max_hp_loss":0,"event_name":"Cursed Tome","floor":21,"gold_loss":0},{"damage_healed":0,"gold_gain":0,"player_choice":"Fought Bandits","damage_taken":0,"max_hp_gain":0,"max_hp_loss":0,"event_name":"Masked Bandits","floor":22,"gold_loss":0},{"cards_removed":["Defend_B"],"damage_healed":0,"gold_gain":0,"player_choice":"Elegance","damage_taken":0,"max_hp_gain":0,"max_hp_loss":0,"event_name":"Back to Basics","floor":24,"gold_loss":0},{"damage_healed":0,"gold_gain":0,"player_choice":"Fight","damage_taken":0,"max_hp_gain":0,"max_hp_loss":0,"event_name":"Mysterious Sphere","floor":36,"gold_loss":0},{"damage_healed":0,"gold_gain":0,"player_choice":"Got Potions","damage_taken":0,"max_hp_gain":0,"max_hp_loss":0,"event_name":"Lab","floor":37,"gold_loss":0},{"damage_healed":0,"gold_gain":222,"player_choice":"Wore Mask","damage_taken":0,"max_hp_gain":0,"max_hp_loss":0,"event_name":"Tomb of Lord Red Mask","floor":41,"gold_loss":0},{"damage_healed":0,"gold_gain":0,"player_choice":"Memory 2","damage_taken":5,"max_hp_gain":0,"max_hp_loss":0,"event_name":"SensoryStone","floor":47,"gold_loss":0}],"is_beta":false,"boss_relics":[{"not_picked":["Calling Bell","Snecko Eye"],"picked":"Inserter"},{"not_picked":["Philosopher\u0027s Stone","SacredBark"],"picked":"Astrolabe"}],"items_purged_floors":[3,53],"is_endless":false,"potions_floor_spawned":[12,14,22,25,27,33,45,48],"ascension_level":2}}