{"host":"qy1e0kd24tpj3i2m","time":1612984098,"event":{"mods":["Act Like it!","BaseMod","Better Skull","Better Vampires","Colored Map","Colored Powertips","Custom Start","Faster Ascension Climbing","Friendly Minions","GifTheSpireLib","Gremlin Skip","Highlight Path","Minty Spire (QoL Compilation)","Permanent Neow","Poor People Problems","Quick Restart","Red Circlet Mod","Relic Filter Mod","Relic Sorter","Reorder Act Four","SacredBarkPlus","Shop Mod","StSLib","SuperFastMode","Transform Curses","没有小屋子和绿帽子啦"],"gold_per_floor":[16,30,30,80,91,91,65,92,92,92,111,135,135,158,158,158,158],"floor_reached":16,"language":"ZHS","playtime":455,"items_purged":[],"score":204,"play_id":"884a8801-21c8-4783-a929-29696889a7d0","local_time":"20210211040818","is_ascension_mode":true,"campfire_choices":[{"data":"Apotheosis","floor":6.0,"key":"SMITH"},{"data":"Searing Blow","floor":13.0,"key":"SMITH"},{"data":"Searing Blow+1","floor":15.0,"key":"SMITH"}],"circlet_count":0,"master_deck":["AscendersBane","Strike_R","Strike_R","Strike_R","Strike_R","Strike_R","Defend_R","Defend_R","Defend_R","Defend_R","Apotheosis+1","Rupture","Uppercut","Searing Blow+2","Armaments","Flame Barrier","Shrug It Off"],"relics":["Burning Blood","Unceasing Top","Meat on the Bone","Golden Idol"],"acts_visited":["Exordium"],"potions_floor_usage":[16],"damage_taken":[{"damage":3.0,"enemies":"Cultist","floor":1.0,"turns":4.0},{"damage":4.0,"enemies":"Small Slimes","floor":2.0,"turns":5.0},{"damage":3.0,"enemies":"Jaw Worm","floor":5.0,"turns":4.0},{"damage":27.0,"enemies":"Gremlin Nob","floor":8.0,"turns":4.0},{"damage":15.0,"enemies":"Gremlin Gang","floor":11.0,"turns":4.0},{"damage":24.0,"enemies":"Large Slime","floor":12.0,"turns":9.0},{"damage":3.0,"enemies":"Exordium Wildlife","floor":14.0,"turns":5.0},{"damage":43,"enemies":"Hexaghost","floor":16,"turns":9}],"seed_played":"-4202675517608472134","potions_obtained":[{"floor":5.0,"key":"AttackPotion"},{"floor":11.0,"key":"SteroidPotion"}],"is_trial":false,"path_per_floor":["M","M","?","?","M","R","$","E","T","?","M","M","R","M","R","B"],"character_chosen":"IRONCLAD","items_purchased":["Armaments"],"campfire_rested":0,"item_purchase_floors":[7],"current_hp_per_floor":[71,73,66,59,62,62,62,41,41,41,44,38,38,41,41,0,0],"gold":158,"neow_bonus":"RANDOM_COLORLESS_2","is_daily":false,"chose_seed":false,"campfire_upgraded":3,"win_rate":0.0,"timestamp":1612984098,"path_taken":["M","?","?","?","?","R","$","E","T","?","M","M","R","M","R","BOSS"],"items_purchased_type":["Card"],"build_version":"2020-12-22","purchased_purges":0,"victory":false,"max_hp_per_floor":[75,75,75,75,75,75,75,75,75,68,68,68,68,68,68,68,68],"card_choices":[{"not_picked":["HandOfGreed","Metamorphosis"],"picked":"Apotheosis","floor":0.0},{"not_picked":["Rampage","Twin Strike"],"picked":"Rupture","floor":1.0},{"not_picked":["Flex","Cleave"],"picked":"Uppercut","floor":2.0},{"not_picked":["Anger","Pummel"],"picked":"Searing Blow","floor":5.0},{"not_picked":["Havoc","Cleave"],"picked":"Flame Barrier","floor":8.0},{"not_picked":["Sword Boomerang","Intimidate","Immolate"],"picked":"SKIP","floor":11.0},{"not_picked":["Havoc","Sever Soul","Thunderclap"],"picked":"SKIP","floor":12.0},{"not_picked":["Sword Boomerang","Ghostly Armor"],"picked":"Shrug It Off","floor":14.0}],"player_experience":1016582,"relics_obtained":[{"floor":8.0,"key":"Unceasing Top"},{"floor":9.0,"key":"Meat on the Bone"}],"event_choices":[{"cards_removed":["Bash"],"damage_healed":0.0,"max_hp_gain":0.0,"max_hp_loss":0.0,"gold_gain":0.0,"event_name":"Golden Wing","player_choice":"Card Removal","floor":3.0,"gold_loss":0.0,"damage_taken":7.0},{"damage_healed":0.0,"max_hp_gain":0.0,"max_hp_loss":0.0,"gold_gain":50.0,"event_name":"FaceTrader","player_choice":"Touch","floor":4.0,"gold_loss":0.0,"damage_taken":7.0},{"damage_healed":0.0,"max_hp_gain":0.0,"max_hp_loss":7.0,"gold_gain":0.0,"event_name":"Golden Idol","player_choice":"Lose Max HP","floor":10.0,"gold_loss":0.0,"damage_taken":0.0,"relics_obtained":["Golden Idol"]}],"is_beta":false,"boss_relics":[],"items_purged_floors":[],"is_endless":false,"potions_floor_spawned":[5,11],"killed_by":"Hexaghost","ascension_level":20}}