{"host":"bxn2em57qlx5u4i0","time":1612981418,"event":{"mods":["BaseMod","Colored Map","Colored Powertips","Highlight Path","Minty Spire (QoL Compilation)","Random Character Button","Relic Sorter","Relic Stats","StSLib","SuperFastMode"],"gold_per_floor":[112,112,112,37,37,68,123,157,157,171,171,191,208,234,234,309,309,319,369,343,343,359,359,386,401,453,423,423,1,1,32,32,105,105,117,132,32,46,63,89,0,35,88,88,119,131,156,174,174,174,174,174,174,49,82,82],"floor_reached":57,"language":"ENG","playtime":2605,"items_purged":["Strike_G","Strike_G","Strike_G"],"score":3181,"play_id":"0072884f-f9ea-45cb-9861-01f78c16a429","local_time":"20210210132338","is_ascension_mode":true,"campfire_choices":[{"data":"Catalyst","floor":15.0,"key":"SMITH"},{"data":"Burst","floor":23.0,"key":"SMITH"},{"data":"Noxious Fumes","floor":28.0,"key":"SMITH"},{"data":"Catalyst","floor":30.0,"key":"SMITH"},{"data":"After Image","floor":32.0,"key":"SMITH"},{"data":"Malaise","floor":44.0,"key":"SMITH"},{"floor":49,"key":"RECALL"},{"data":"Wraith Form v2","floor":53,"key":"SMITH"}],"circlet_count":0,"master_deck":["AscendersBane","Defend_G","Defend_G","Defend_G","Defend_G","Defend_G","Survivor","Neutralize","Poisoned Stab+1","Malaise+1","Dagger Spray+1","Catalyst+1","Leg Sweep","Bullet Time","Leg Sweep","Adrenaline","Bane+1","Bouncing Flask","Backflip","Burst+1","Deadly Poison","Noxious Fumes+1","Catalyst+1","Escape Plan","After Image+1","After Image","Calculated Gamble","PiercingWail+1","Wraith Form v2+1","Catalyst","Catalyst","Footwork"],"relics":["Ring of the Snake","NeowsBlessing","Toy Ornithopter","Ancient Tea Set","Prayer Wheel","Meat on the Bone","Bottled Lightning","SlaversCollar","MutagenicStrength","PreservedInsect","Anchor","TwistedFunnel","Lantern","Philosopher\u0027s Stone","Calipers","Red Mask","Darkstone Periapt","Blood Vial","Whetstone","Strawberry"],"acts_visited":["Exordium","TheCity","TheBeyond","TheEnding"],"potions_floor_usage":[56,56,56,56],"damage_taken":[{"damage":0.0,"enemies":"2 Louse","floor":1.0,"turns":1.0},{"damage":0.0,"enemies":"3 Sentries","floor":6.0,"turns":1.0},{"damage":0.0,"enemies":"Lagavulin","floor":8.0,"turns":1.0},{"damage":7.0,"enemies":"Small Slimes","floor":10.0,"turns":5.0},{"damage":0.0,"enemies":"Jaw Worm","floor":12.0,"turns":5.0},{"damage":0.0,"enemies":"Lots of Slimes","floor":13.0,"turns":2.0},{"damage":42.0,"enemies":"3 Sentries","floor":14.0,"turns":13.0},{"damage":24.0,"enemies":"The Guardian","floor":16.0,"turns":19.0},{"damage":15.0,"enemies":"3 Byrds","floor":18.0,"turns":12.0},{"damage":11.0,"enemies":"2 Thieves","floor":20.0,"turns":4.0},{"damage":35.0,"enemies":"Snecko","floor":22.0,"turns":6.0},{"damage":30.0,"enemies":"Gremlin Leader","floor":24.0,"turns":8.0},{"damage":3.0,"enemies":"Chosen and Byrds","floor":25.0,"turns":6.0},{"damage":3.0,"enemies":"Slavers","floor":31.0,"turns":5.0},{"damage":6.0,"enemies":"Champ","floor":33.0,"turns":7.0},{"damage":1.0,"enemies":"3 Darklings","floor":35.0,"turns":3.0},{"damage":0.0,"enemies":"Orb Walker","floor":36.0,"turns":1.0},{"damage":0.0,"enemies":"Sphere and 2 Shapes","floor":38.0,"turns":6.0},{"damage":6.0,"enemies":"Jaw Worm Horde","floor":39.0,"turns":4.0},{"damage":0.0,"enemies":"Reptomancer","floor":40.0,"turns":4.0},{"damage":8.0,"enemies":"Nemesis","floor":42.0,"turns":7.0},{"damage":0.0,"enemies":"Reptomancer","floor":45.0,"turns":3.0},{"damage":0.0,"enemies":"Spire Growth","floor":46.0,"turns":5.0},{"damage":0.0,"enemies":"Giant Head","floor":47.0,"turns":3.0},{"damage":0,"enemies":"3 Darklings","floor":48,"turns":4},{"damage":27,"enemies":"Awakened One","floor":50,"turns":19},{"damage":13,"enemies":"Time Eater","floor":51,"turns":4},{"damage":0,"enemies":"Shield and Spear","floor":55,"turns":5},{"damage":16,"enemies":"The Heart","floor":56,"turns":7}],"seed_played":"-628744500696271264","potions_obtained":[{"floor":8.0,"key":"ColorlessPotion"},{"floor":10.0,"key":"ColorlessPotion"},{"floor":12.0,"key":"Explosive Potion"},{"floor":13.0,"key":"LiquidBronze"},{"floor":16.0,"key":"DuplicationPotion"},{"floor":18.0,"key":"Fruit Juice"},{"floor":20.0,"key":"SpeedPotion"},{"floor":24.0,"key":"Fire Potion"},{"floor":27.0,"key":"Fruit Juice"},{"floor":27.0,"key":"SteroidPotion"},{"floor":35.0,"key":"Poison Potion"},{"floor":42.0,"key":"Dexterity Potion"},{"floor":45.0,"key":"Weak Potion"},{"floor":47.0,"key":"EntropicBrew"}],"is_trial":false,"path_per_floor":["M","?","?","?","$","E","T","E","T","M","?","M","M","E","R","B",null,"M","?","M","?","M","R","E","M","T","?","R","$","R","E","R","B",null,"M","M","$","M","M","E","?","E","T","R","E","M","E","M","R","B","B",null,"R","$","E","B",null],"character_chosen":"THE_SILENT","items_purchased":["TwistedFunnel","Catalyst","Escape Plan","SpeedPotion"],"campfire_rested":0,"item_purchase_floors":[29,29,29,29],"current_hp_per_floor":[59,59,59,59,59,59,59,59,59,52,45,45,50,30,30,18,54,39,39,45,45,32,32,19,33,33,33,33,43,43,40,40,46,69,68,68,68,68,62,72,72,64,64,64,64,66,68,70,70,45,46,69,69,69,78,67],"gold":82,"neow_bonus":"THREE_ENEMY_KILL","is_daily":false,"chose_seed":false,"campfire_upgraded":7,"win_rate":0.0,"timestamp":1612981418,"path_taken":["M","?","?","?","$","E","?","E","T","M","?","M","M","E","R","BOSS","M","?","?","?","M","R","E","M","T","?","R","$","R","E","R","BOSS","M","M","$","?","M","E","?","E","T","R","E","M","E","M","R","BOSS","BOSS","R","$","E","BOSS"],"items_purchased_type":["Relic","Card","Card","Potion"],"build_version":"2020-12-22","purchased_purges":3,"victory":true,"max_hp_per_floor":[66,66,66,66,66,66,66,66,66,66,66,66,66,66,66,66,66,66,66,66,66,71,71,71,71,71,71,71,76,76,76,76,76,76,76,76,76,76,76,76,76,76,76,76,76,76,76,76,76,76,76,76,76,76,83,83],"relic_stats":{"Darkstone Periapt":0,"Blood Vial":14,"counters":[29,170],"Prayer Wheel":13,"PreservedInsect":422,"Whetstone":["Bane","Dagger Spray"],"obtain_stats":[{"TwistedFunnel":29,"Darkstone Periapt":42,"Lantern":31,"Calipers":40,"NeowsBlessing":0,"PreservedInsect":24,"Whetstone":47,"Ancient Tea Set":7,"Blood Vial":45,"SlaversCollar":17,"Anchor":26,"MutagenicStrength":21,"Strawberry":55,"Prayer Wheel":8,"Philosopher\u0027s Stone":34,"Red Mask":41,"Bottled Lightning":14,"Toy Ornithopter":6,"Ring of the Snake":0,"Meat on the Bone":9},{"TwistedFunnel":13,"Darkstone Periapt":21,"Lantern":14,"Calipers":20,"NeowsBlessing":0,"PreservedInsect":12,"Whetstone":24,"Ancient Tea Set":2,"Blood Vial":22,"SlaversCollar":8,"Anchor":13,"MutagenicStrength":10,"Strawberry":28,"Prayer Wheel":3,"Philosopher\u0027s Stone":15,"Red Mask":20,"Bottled Lightning":7,"Toy Ornithopter":2,"Ring of the Snake":0,"Meat on the Bone":3},{"TwistedFunnel":83,"Darkstone Periapt":120,"Lantern":88,"Calipers":113,"NeowsBlessing":0,"PreservedInsect":77,"Whetstone":131,"Ancient Tea Set":2,"Blood Vial":123,"SlaversCollar":47,"Anchor":83,"MutagenicStrength":63,"Strawberry":163,"Prayer Wheel":3,"Philosopher\u0027s Stone":95,"Red Mask":113,"Bottled Lightning":28,"Toy Ornithopter":2,"Ring of the Snake":0,"Meat on the Bone":3}],"Toy Ornithopter":53,"Ring of the Snake":[58],"Meat on the Bone":96},"card_choices":[{"not_picked":["Quick Slash","Sucker Punch"],"picked":"Poisoned Stab","floor":1.0},{"not_picked":["Venomology","Dagger Throw"],"picked":"Malaise","floor":6.0},{"not_picked":["Masterful Stab","Underhanded Strike","Infinite Blades"],"picked":"SKIP","floor":8.0},{"not_picked":["Accuracy","Deflect"],"picked":"Dagger Spray","floor":10.0},{"not_picked":["Accuracy","Blade Dance","Flying Knee"],"picked":"SKIP","floor":10.0},{"not_picked":["PiercingWail","Underhanded Strike"],"picked":"Catalyst","floor":12.0},{"not_picked":["Flying Knee","Slice"],"picked":"Leg Sweep","floor":12.0},{"not_picked":["Choke","Dodge and Roll"],"picked":"Bullet Time","floor":13.0},{"not_picked":["Bane","All Out Attack","Leg Sweep"],"picked":"SKIP","floor":13.0},{"not_picked":["Dagger Throw","Storm of Steel"],"picked":"Leg Sweep","floor":14.0},{"not_picked":["Phantasmal Killer","Glass Knife"],"picked":"Adrenaline","floor":16.0},{"not_picked":["Cloak And Dagger","Accuracy"],"picked":"Bane","floor":18.0},{"not_picked":["Eviscerate","Bane","Underhanded Strike"],"picked":"SKIP","floor":18.0},{"not_picked":["Outmaneuver","Cloak And Dagger"],"picked":"Bouncing Flask","floor":20.0},{"not_picked":["Sucker Punch","Outmaneuver"],"picked":"Backflip","floor":20.0},{"not_picked":["Outmaneuver","Dagger Throw"],"picked":"Burst","floor":22.0},{"not_picked":["Deflect","Dodge and Roll","Poisoned Stab+1"],"picked":"SKIP","floor":22.0},{"not_picked":["Phantasmal Killer","Outmaneuver","Caltrops"],"picked":"SKIP","floor":24.0},{"not_picked":["Quick Slash","Outmaneuver"],"picked":"Deadly Poison","floor":25.0},{"not_picked":["Reflex+1","Bouncing Flask"],"picked":"Noxious Fumes","floor":25.0},{"not_picked":["Phantasmal Killer","Prepared"],"picked":"After Image","floor":31.0},{"not_picked":["Malaise","Envenom"],"picked":"After Image","floor":33.0},{"not_picked":["Prepared","Blade Dance","Dagger Spray"],"picked":"SKIP","floor":35.0},{"not_picked":["Setup+1","Masterful Stab","Flying Knee+1"],"picked":"SKIP","floor":35.0},{"not_picked":["Quick Slash+1","Underhanded Strike","Outmaneuver"],"picked":"SKIP","floor":36.0},{"not_picked":["Doppelganger","Flechettes","Flying Knee"],"picked":"SKIP","floor":36.0},{"not_picked":["Underhanded Strike","Dodge and Roll","Concentrate"],"picked":"SKIP","floor":38.0},{"not_picked":["Blade Dance","Flying Knee","Dagger Throw"],"picked":"SKIP","floor":38.0},{"not_picked":["Cloak And Dagger","Underhanded Strike+1"],"picked":"Calculated Gamble","floor":39.0},{"not_picked":["Infinite Blades+1","Dagger Spray","PiercingWail"],"picked":"SKIP","floor":39.0},{"not_picked":["Quick Slash+1","Deadly Poison"],"picked":"PiercingWail+1","floor":40.0},{"not_picked":["Underhanded Strike","Backstab+1","Distraction"],"picked":"SKIP","floor":42.0},{"not_picked":["Blade Dance","PiercingWail"],"picked":"Wraith Form v2","floor":45.0},{"not_picked":["Dagger Throw+1","Backstab"],"picked":"Catalyst","floor":46.0},{"not_picked":["Deadly Poison","Backflip"],"picked":"Catalyst","floor":46.0},{"not_picked":["Skewer","Dodge and Roll","Acrobatics"],"picked":"SKIP","floor":47.0},{"not_picked":["All Out Attack","Skewer"],"picked":"Footwork","floor":48},{"not_picked":["PiercingWail","Terror+1","Heel Hook+1"],"picked":"SKIP","floor":48},{"not_picked":["Dodge and Roll","Deflect","Acrobatics"],"picked":"SKIP","floor":55}],"player_experience":3026116,"relics_obtained":[{"floor":6.0,"key":"Toy Ornithopter"},{"floor":7.0,"key":"Ancient Tea Set"},{"floor":8.0,"key":"Prayer Wheel"},{"floor":9.0,"key":"Meat on the Bone"},{"floor":14.0,"key":"Bottled Lightning"},{"floor":24.0,"key":"PreservedInsect"},{"floor":26.0,"key":"Anchor"},{"floor":31.0,"key":"Lantern"},{"floor":40.0,"key":"Calipers"},{"floor":42.0,"key":"Darkstone Periapt"},{"floor":45.0,"key":"Blood Vial"},{"floor":47.0,"key":"Whetstone"},{"floor":55,"key":"Strawberry"}],"event_choices":[{"damage_healed":0.0,"max_hp_gain":0.0,"max_hp_loss":0.0,"gold_gain":0.0,"event_name":"Living Wall","player_choice":"Grow","floor":2.0,"gold_loss":0.0,"damage_taken":0.0,"cards_upgraded":["Poisoned Stab"]},{"damage_healed":0.0,"max_hp_gain":0.0,"max_hp_loss":0.0,"gold_gain":0.0,"event_name":"Liars Game","player_choice":"Ignored","floor":3.0,"gold_loss":0.0,"damage_taken":0.0},{"cards_removed":["Strike_G"],"damage_healed":0.0,"max_hp_gain":0.0,"max_hp_loss":0.0,"gold_gain":0.0,"event_name":"The Cleric","player_choice":"Card Removal","floor":4.0,"gold_loss":75.0,"damage_taken":0.0},{"cards_removed":["Strike_G"],"damage_healed":0.0,"max_hp_gain":0.0,"max_hp_loss":0.0,"gold_gain":0.0,"event_name":"Golden Wing","player_choice":"Card Removal","floor":11.0,"gold_loss":0.0,"damage_taken":7.0},{"damage_healed":0.0,"max_hp_gain":0.0,"max_hp_loss":0.0,"gold_gain":100.0,"event_name":"The Joust","player_choice":"Bet on Murderer","floor":19.0,"gold_loss":50.0,"damage_taken":0.0},{"damage_healed":0.0,"max_hp_gain":0.0,"max_hp_loss":0.0,"gold_gain":0.0,"event_name":"Drug Dealer","player_choice":"Inject Mutagens","floor":21.0,"gold_loss":0.0,"damage_taken":0.0,"relics_obtained":["MutagenicStrength"]},{"damage_healed":0.0,"max_hp_gain":0.0,"max_hp_loss":0.0,"gold_gain":0.0,"event_name":"The Woman in Blue","player_choice":"Bought 2 Potions","floor":27.0,"gold_loss":0.0,"damage_taken":0.0},{"damage_healed":0.0,"max_hp_gain":0.0,"max_hp_loss":0.0,"gold_gain":0.0,"event_name":"Tomb of Lord Red Mask","player_choice":"Paid","floor":41.0,"gold_loss":89.0,"damage_taken":0.0,"relics_obtained":["Red Mask"]}],"is_beta":false,"boss_relics":[{"not_picked":["Cursed Key","Busted Crown"],"picked":"SlaversCollar"},{"not_picked":["SacredBark","Pandora\u0027s Box"],"picked":"Philosopher\u0027s Stone"}],"items_purged_floors":[29,37,54],"is_endless":false,"potions_floor_spawned":[8,10,12,13,16,18,20,24,35,36,42,45,46,47],"ascension_level":20}}