{"host":"sc0o2qwpf9j16a4i","time":1612983651,"event":{"mods":["AchievementEnabler","BaseMod","BetterRewards","Block Reminder","Colored Map","Colored Powertips","Custom Start","Highlight Path","Minty Spire (QoL Compilation)","Relic Stats"],"gold_per_floor":[117,129,140,41,216,246,8,39,109,128,159,159,187,201,201,297,297,307,307,0,0,0,26,36,61,87,8,28,54,54,101,101,202,202,214,19,0,0,18,61,61,75,138,181,26,26,60,92,92,92],"floor_reached":51,"language":"ENG","playtime":1778,"items_purged":[],"score":1222,"play_id":"d70c8689-eef6-4997-b469-4b1361e8f908","local_time":"20210210210051","daily_mods":["Insanity","Vintage","DeadlyEvents"],"is_ascension_mode":false,"campfire_choices":[{"data":"Havoc","floor":12,"key":"SMITH"},{"data":"1","floor":15,"key":"LIFT"},{"data":"2","floor":30,"key":"LIFT"},{"data":"3","floor":32,"key":"LIFT"},{"data":"True Grit","floor":41,"key":"SMITH"},{"data":"True Grit","floor":46,"key":"SMITH"},{"data":"Uppercut","floor":49,"key":"SMITH"}],"circlet_count":0,"master_deck":["Disarm+1","Iron Wave","Havoc+1","Warcry","Clothesline","Clash","Disarm","Dual Wield","Uppercut","Perfected Strike","Hemokinesis","Spot Weakness","Headbutt","Twin Strike","Dark Embrace","Havoc+1","Dark Embrace","Shockwave","Whirlwind","Clothesline","Havoc","True Grit+1","Disarm","Searing Blow","True Grit+1","Warcry","Clash","Pummel","Shrug It Off","Anger","Havoc","Sever Soul","Entrench","Flex","Shockwave","Clothesline","Intimidate","Headbutt","True Grit","Clash","Headbutt","Dual Wield","Flex","Iron Wave","True Grit","Rupture","Fire Breathing","Clash","Armaments","Pommel Strike","Second Wind","Disarm","Headbutt","Dual Wield","Second Wind","Barricade","Clothesline","Bite","Bite","Bite","Bite","Bite","Uppercut","Spot Weakness","Injury","Uppercut+1","Burning Pact","Parasite","Evolve","Injury","Wild Strike+1","Shame","Dark Embrace+1","True Grit+1"],"relics":["Burning Blood","Prayer Wheel","Toy Ornithopter","Bag of Preparation","Oddly Smooth Stone","Sling","White Beast Statue","Paper Frog","Akabeko","War Paint","Eternal Feather","Girya","Cursed Key","Boot","Mercury Hourglass","Torii","Bag of Marbles","Smiling Mask","Pen Nib","Dream Catcher","Du-Vu Doll","MealTicket","Black Star","Kunai","Lee\u0027s Waffle","Red Mask","Bottled Lightning","Molten Egg 2","CeramicFish","Nunchaku","Blue Candle","Art of War","Meat on the Bone","Bottled Flame","Toolbox","Lantern","Singing Bowl","Regal Pillow","Pear"],"acts_visited":["Exordium","TheCity","TheBeyond"],"potions_floor_usage":[3,6,10,11,13,16,18,24,28,33,33,40,42,44,44,47,50,50],"damage_taken":[{"damage":0,"enemies":"Small Slimes","floor":1,"turns":2},{"damage":0,"enemies":"Cultist","floor":2,"turns":1},{"damage":0,"enemies":"2 Louse","floor":3,"turns":3},{"damage":18,"enemies":"3 Sentries","floor":6,"turns":5},{"damage":12,"enemies":"Lagavulin","floor":8,"turns":6},{"damage":6,"enemies":"2 Fungi Beasts","floor":10,"turns":2},{"damage":9,"enemies":"3 Sentries","floor":11,"turns":4},{"damage":2,"enemies":"Gremlin Nob","floor":13,"turns":2},{"damage":8,"enemies":"Red Slaver","floor":14,"turns":2},{"damage":16,"enemies":"Hexaghost","floor":16,"turns":10},{"damage":0,"enemies":"Chosen","floor":18,"turns":1},{"damage":14,"enemies":"Book of Stabbing","floor":23,"turns":3},{"damage":0,"enemies":"Spheric Guardian","floor":24,"turns":2},{"damage":20,"enemies":"Slavers","floor":25,"turns":3},{"damage":0,"enemies":"Centurion and Healer","floor":28,"turns":3},{"damage":9,"enemies":"Book of Stabbing","floor":29,"turns":3},{"damage":55,"enemies":"Champ","floor":33,"turns":8},{"damage":1,"enemies":"3 Shapes","floor":35,"turns":4},{"damage":44,"enemies":"3 Darklings","floor":39,"turns":7},{"damage":1,"enemies":"Reptomancer","floor":40,"turns":4},{"damage":1,"enemies":"Maw","floor":42,"turns":4},{"damage":30,"enemies":"Nemesis","floor":44,"turns":3},{"damage":14,"enemies":"Reptomancer","floor":47,"turns":3},{"damage":8,"enemies":"Giant Head","floor":48,"turns":6},{"damage":60,"enemies":"Awakened One","floor":50,"turns":14}],"seed_played":"-137535688233381226","potions_obtained":[{"floor":1,"key":"Energy Potion"},{"floor":8,"key":"ColorlessPotion"},{"floor":10,"key":"SkillPotion"},{"floor":11,"key":"BloodPotion"},{"floor":13,"key":"BlessingOfTheForge"},{"floor":14,"key":"EssenceOfSteel"},{"floor":16,"key":"AttackPotion"},{"floor":18,"key":"LiquidMemories"},{"floor":24,"key":"SpeedPotion"},{"floor":28,"key":"LiquidMemories"},{"floor":33,"key":"Swift Potion"},{"floor":35,"key":"FearPotion"},{"floor":40,"key":"Block Potion"},{"floor":42,"key":"BloodPotion"},{"floor":44,"key":"Energy Potion"},{"floor":47,"key":"Ancient Potion"},{"floor":48,"key":"Ancient Potion"}],"is_trial":true,"path_per_floor":["M","M","M","$","?","E","$","E","T","M","E","R","E","M","R","B",null,"M","?","$","?","?","E","M","E","T","$","M","E","R","T","R","B",null,"M","$","?","T","M","E","R","M","T","E","$","R","E","E","R","B",null],"character_chosen":"IRONCLAD","items_purchased":["PowerPotion","FearPotion","Sling","Disarm","Clothesline","Mercury Hourglass","Uppercut","Lee\u0027s Waffle","Evolve","Toolbox"],"campfire_rested":0,"item_purchase_floors":[4,4,7,7,20,20,27,36,36,45],"current_hp_per_floor":[80,80,80,80,80,68,68,62,62,67,69,69,78,76,80,70,80,80,65,65,65,59,53,59,47,47,47,59,59,59,59,59,14,59,59,66,66,66,32,46,66,66,66,60,66,66,58,70,78,38],"gold":92,"neow_bonus":"","is_daily":false,"chose_seed":false,"campfire_upgraded":4,"win_rate":0.0,"timestamp":1612983651,"path_taken":["M","M","?","?","?","E","?","?","T","?","?","R","E","M","R","BOSS","M","?","$","?","?","E","M","E","T","$","M","?","R","?","R","BOSS","M","$","?","?","M","E","R","M","T","E","?","R","E","?","R","BOSS"],"items_purchased_type":["Potion","Potion","Relic","Card","Card","Relic","Card","Relic","Card","Relic"],"build_version":"2020-12-22","purchased_purges":0,"victory":true,"max_hp_per_floor":[80,80,80,80,80,80,80,80,80,80,80,80,80,80,80,80,80,80,85,85,85,59,59,59,59,59,59,59,59,59,59,59,59,59,59,66,66,66,66,66,66,66,66,66,66,66,66,78,78,78],"relic_stats":{"Regal Pillow":0,"Torii":40,"Singing Bowl":2,"CeramicFish":36,"Bag of Preparation":[44],"Cursed Key":4,"Boot":[16],"Smiling Mask":0,"Burning Blood":103,"Dream Catcher":0,"Nunchaku":[5],"Prayer Wheel":0,"MealTicket":6,"Kunai":[8],"Lee\u0027s Waffle":7,"counters":[25,104],"Blue Candle":[4],"Eternal Feather":32,"Pen Nib":[10],"War Paint":["Havoc","Disarm"],"Mercury Hourglass":[276],"Black Star":4,"Art of War":[4],"obtain_stats":[{"Lantern":47,"Regal Pillow":48,"Torii":23,"Singing Bowl":47,"CeramicFish":40,"Bag of Preparation":3,"Sling":7,"Cursed Key":17,"Boot":18,"Smiling Mask":25,"Burning Blood":0,"Dream Catcher":28,"Nunchaku":40,"Toolbox":45,"Prayer Wheel":1,"MealTicket":31,"Red Mask":37,"Kunai":35,"Paper Frog":9,"Girya":14,"Lee\u0027s Waffle":36,"Pear":48,"Blue Candle":42,"Oddly Smooth Stone":6,"Eternal Feather":13,"Pen Nib":26,"War Paint":11,"White Beast Statue":8,"Akabeko":10,"Mercury Hourglass":20,"Du-Vu Doll":29,"Bottled Flame":44,"Molten Egg 2":39,"Bag of Marbles":24,"Black Star":34,"Art of War":43,"Bottled Lightning":38,"Toy Ornithopter":2,"Meat on the Bone":44},{"Lantern":23,"Regal Pillow":24,"Torii":12,"Singing Bowl":23,"CeramicFish":20,"Bag of Preparation":3,"Sling":4,"Cursed Key":10,"Boot":11,"Smiling Mask":14,"Burning Blood":0,"Dream Catcher":15,"Nunchaku":20,"Toolbox":22,"Prayer Wheel":1,"MealTicket":16,"Red Mask":18,"Kunai":18,"Paper Frog":5,"Girya":9,"Lee\u0027s Waffle":18,"Pear":24,"Blue Candle":21,"Oddly Smooth Stone":4,"Eternal Feather":8,"Pen Nib":14,"War Paint":7,"White Beast Statue":5,"Akabeko":6,"Mercury Hourglass":11,"Du-Vu Doll":16,"Bottled Flame":22,"Molten Egg 2":19,"Bag of Marbles":13,"Black Star":17,"Art of War":21,"Bottled Lightning":18,"Toy Ornithopter":2,"Meat on the Bone":22},{"Lantern":84,"Regal Pillow":90,"Torii":41,"Singing Bowl":84,"CeramicFish":74,"Bag of Preparation":6,"Sling":11,"Cursed Key":37,"Boot":38,"Smiling Mask":46,"Burning Blood":0,"Dream Catcher":48,"Nunchaku":74,"Toolbox":81,"Prayer Wheel":2,"MealTicket":51,"Red Mask":63,"Kunai":63,"Paper Frog":17,"Girya":27,"Lee\u0027s Waffle":63,"Pear":90,"Blue Candle":78,"Oddly Smooth Stone":11,"Eternal Feather":25,"Pen Nib":46,"War Paint":23,"White Beast Statue":17,"Akabeko":19,"Mercury Hourglass":38,"Du-Vu Doll":51,"Bottled Flame":81,"Molten Egg 2":70,"Bag of Marbles":43,"Black Star":59,"Art of War":78,"Bottled Lightning":63,"Toy Ornithopter":3,"Meat on the Bone":81}],"Toy Ornithopter":31,"Meat on the Bone":12},"card_choices":[{"not_picked":["Entrench","Twin Strike"],"picked":"Second Wind","floor":6},{"not_picked":["Sword Boomerang","Cleave"],"picked":"Headbutt","floor":8},{"not_picked":["Clothesline","Pummel"],"picked":"Dual Wield","floor":11},{"not_picked":["Headbutt","Heavy Blade"],"picked":"Second Wind","floor":13},{"not_picked":["Bludgeon","Brutality"],"picked":"Barricade","floor":16},{"not_picked":["Exhume","Hemokinesis"],"picked":"Uppercut","floor":23},{"not_picked":["Clash+1","Perfected Strike"],"picked":"Spot Weakness","floor":25},{"not_picked":["Sword Boomerang","Twin Strike"],"picked":"Burning Pact","floor":29},{"not_picked":["Headbutt+1","Warcry"],"picked":"Wild Strike+1","floor":40},{"not_picked":["Twin Strike+1","Clash+1"],"picked":"Dark Embrace+1","floor":44},{"not_picked":["Blood for Blood+1","Infernal Blade+1"],"picked":"True Grit+1","floor":47},{"not_picked":["Rupture","True Grit","Sword Boomerang+1"],"picked":"Singing Bowl","floor":48}],"player_experience":1325119,"relics_obtained":[{"floor":1,"key":"Prayer Wheel"},{"floor":2,"key":"Toy Ornithopter"},{"floor":3,"key":"Bag of Preparation"},{"floor":6,"key":"Oddly Smooth Stone"},{"floor":8,"key":"White Beast Statue"},{"floor":9,"key":"Paper Frog"},{"floor":10,"key":"Akabeko"},{"floor":11,"key":"War Paint"},{"floor":13,"key":"Eternal Feather"},{"floor":14,"key":"Girya"},{"floor":18,"key":"Boot"},{"floor":23,"key":"Torii"},{"floor":24,"key":"Bag of Marbles"},{"floor":25,"key":"Smiling Mask"},{"floor":26,"key":"Pen Nib"},{"floor":28,"key":"Dream Catcher"},{"floor":29,"key":"Du-Vu Doll"},{"floor":31,"key":"MealTicket"},{"floor":35,"key":"Kunai"},{"floor":38,"key":"Bottled Lightning"},{"floor":39,"key":"Molten Egg 2"},{"floor":40,"key":"CeramicFish"},{"floor":40,"key":"Nunchaku"},{"floor":42,"key":"Blue Candle"},{"floor":43,"key":"Art of War"},{"floor":44,"key":"Meat on the Bone"},{"floor":44,"key":"Bottled Flame"},{"floor":47,"key":"Lantern"},{"floor":47,"key":"Singing Bowl"},{"floor":48,"key":"Regal Pillow"},{"floor":48,"key":"Pear"}],"event_choices":[{"damage_healed":0,"gold_gain":175,"player_choice":"AGREE","damage_taken":0,"max_hp_gain":0,"max_hp_loss":0,"event_name":"Liars Game","floor":5,"gold_loss":0,"cards_obtained":["Doubt"]},{"damage_healed":0,"gold_gain":0,"player_choice":"Shed Blood","damage_taken":20,"max_hp_gain":5,"max_hp_loss":0,"event_name":"Forgotten Altar","floor":19,"gold_loss":0},{"cards_removed":["Doubt"],"damage_healed":0,"gold_gain":0,"player_choice":"Elegance","damage_taken":0,"max_hp_gain":0,"max_hp_loss":0,"event_name":"Back to Basics","floor":21,"gold_loss":0},{"damage_healed":0,"gold_gain":0,"player_choice":"Became a vampire","damage_taken":0,"max_hp_gain":0,"max_hp_loss":26,"event_name":"Vampires","floor":22,"gold_loss":0,"cards_obtained":["Bite","Bite","Bite","Bite","Bite"]},{"damage_healed":0,"gold_gain":0,"player_choice":"Paid","damage_taken":0,"relics_obtained":["Red Mask"],"max_hp_gain":0,"max_hp_loss":0,"event_name":"Tomb of Lord Red Mask","floor":37,"gold_loss":19}],"is_beta":false,"boss_relics":[{"not_picked":["Runic Pyramid","Tiny House"],"picked":"Cursed Key"},{"not_picked":["SlaversCollar","Velvet Choker"],"picked":"Black Star"}],"items_purged_floors":[],"is_endless":false,"potions_floor_spawned":[1,8,10,11,13,14,16,18,23,24,25,28,29,33,35,39,40,42,44,47,48],"ascension_level":0}}