{"host":"8t5dkgm85abdp22d","time":1612940028,"event":{"mods":["Act Like it!","BaseMod","Colored Powertips","Gensokyo","Hallownest","Minty Spire (QoL Compilation)","Reliquary","Ryuuou龙王","StSLib","TheWitcher","UnlockEverythingMod","Yakumo Yukari mod","【遗物卡牌】REMEMod","残留之物"],"gold_per_floor":[230,230,8,23,41,72,72,100,125,125,95,128,128,139,139,243,243,262,262,276,293,293,318,334,344,344,371,371,371,400,417,417,521,521,532,532,544,567,583,615,625,658,683,696,721,754,765,794,794,794,794,794,170,196,196],"floor_reached":56,"language":"ZHS","playtime":2304,"items_purged":["Defend_purpleEX","Defend_purpleEX"],"score":1870,"play_id":"e729be0d-6b6d-4cba-8cd2-577a39f920a3","local_time":"20210210145348","is_ascension_mode":true,"campfire_choices":[{"data":"GluttonyofRealm_purpleEX","floor":10.0,"key":"SMITH"},{"data":"REME_Flogging","floor":13.0,"key":"SMITH"},{"data":"RuptureOfTimeAndSpace_purple","floor":15.0,"key":"SMITH"},{"floor":32.0,"key":"RECALL"},{"data":"1","floor":49.0,"key":"LIFT"},{"data":"2","floor":52.0,"key":"LIFT"}],"circlet_count":0,"master_deck":["AT_purpleEX","AT_purpleEX","Defend_purpleEX","Defend_purpleEX","Observe_purple_1","Observe_purple_2","REME_Flogging+1","RuptureOfTimeAndSpace_purple+1","Boundary_LifeAndDeath_purple","AdvanceAttack_purple+1","PositiveMatter_Antimatter_Universe_purple+1","Charmbait_purple+1","ButterflyHabitatTemple_purple+1","ExternalForce_HighSpeedFlying_purple+1","MeetDecomposer_purple","ContainerChange_purple"],"relics":["Boundary_crack","Memoryfragments_purpleEX","REME_ComplimentaryCards","Hallownest:DreamNailRelic","Boot","reliquary:Aerogel","reliquary:TatteredRug","reliquary:PorcupineQuills","Fusion Hammer","Red Mask","Molten Egg 2","Tiny Chest","Hallownest:WatcherSealRelic","reliquary:Knoch","Mango","Black Star","Girya","Parasol_purpleEX","Ancient Tea Set","MealTicket","reliquary:RoseTintedGlasses","reliquary:SilkGlove","Letter Opener","HornCleat","Anchor","CeramicFish","ClockworkSouvenir","reliquary:Boomerang","reliquary:PrincelyHelmet","reliquary:Firecrackers","Unceasing Top"],"acts_visited":["Exordium","Hallownest:Greenpath","Hallownest:CityofTears","TheEnding"],"potions_floor_usage":[55,55,55,55],"damage_taken":[{"damage":3.0,"enemies":"Hallownest:2_MossCreeps","floor":1.0,"turns":4.0},{"damage":0.0,"enemies":"Hallownest:2_Tiktiks_and_1_Crawlid","floor":4.0,"turns":2.0},{"damage":0.0,"enemies":"Hallownest:2_Baldur","floor":5.0,"turns":2.0},{"damage":31.0,"enemies":"Hallownest:eliteCrystalGuardian","floor":6.0,"turns":5.0},{"damage":25.0,"enemies":"Hallownest:eliteMossKnight","floor":8.0,"turns":7.0},{"damage":22.0,"enemies":"Hallownest:eliteCrystalGuardian","floor":12.0,"turns":4.0},{"damage":0.0,"enemies":"Hallownest:Guard_and_Warrior","floor":14.0,"turns":4.0},{"damage":0.0,"enemies":"Hallownest:BossFalseKnight","floor":16.0,"turns":6.0},{"damage":10.0,"enemies":"Hallownest:2_Mistakes","floor":18.0,"turns":4.0},{"damage":0.0,"enemies":"Hallownest:3_Youths","floor":20.0,"turns":3.0},{"damage":0.0,"enemies":"Hallownest:Master_and_Novice","floor":21.0,"turns":2.0},{"damage":33.0,"enemies":"Hallownest:eliteSoulWarrior","floor":23.0,"turns":5.0},{"damage":6.0,"enemies":"Hallownest:monsterShrumalOgre","floor":24.0,"turns":2.0},{"damage":5.0,"enemies":"Hallownest:2_Husk_Sentries","floor":25.0,"turns":2.0},{"damage":0.0,"enemies":"Hallownest:Nosk","floor":27.0,"turns":2.0},{"damage":0.0,"enemies":"Hallownest:eliteSoulWarrior","floor":30.0,"turns":2.0},{"damage":0.0,"enemies":"Hallownest:monsterMisterMushroom","floor":31.0,"turns":2.0},{"damage":15.0,"enemies":"Hallownest:BossMantisLord","floor":33.0,"turns":4.0},{"damage":0.0,"enemies":"Gensokyo:3_Boulders","floor":35.0,"turns":2.0},{"damage":0.0,"enemies":"Gensokyo:AncientGuardian","floor":37.0,"turns":2.0},{"damage":1.0,"enemies":"Gensokyo:4_Bats","floor":39.0,"turns":2.0},{"damage":16.0,"enemies":"Gensokyo:Kasen","floor":40.0,"turns":4.0},{"damage":0.0,"enemies":"Gensokyo:Sharpion","floor":41.0,"turns":2.0},{"damage":6.0,"enemies":"Gensokyo:Doremy","floor":42.0,"turns":3.0},{"damage":19.0,"enemies":"Gensokyo:Dusk_and_Dawn","floor":44.0,"turns":3.0},{"damage":7.0,"enemies":"Gensokyo:Marisa","floor":46.0,"turns":4.0},{"damage":0.0,"enemies":"Gensokyo:SeedOfUnknown","floor":47.0,"turns":3.0},{"damage":0.0,"enemies":"Gensokyo:Doremy","floor":48.0,"turns":4.0},{"damage":0.0,"enemies":"Gensokyo:Yuyuko","floor":50.0,"turns":4.0},{"damage":3.0,"enemies":"Shield and Spear","floor":54.0,"turns":4.0},{"damage":3,"enemies":"The Heart","floor":55,"turns":5}],"seed_played":"-5423275885680093529","potions_obtained":[{"floor":1.0,"key":"FearPotion"},{"floor":5.0,"key":"PlaceholderMod:PlaceholderPotion"},{"floor":14.0,"key":"ColorlessPotion"},{"floor":21.0,"key":"SteroidPotion"},{"floor":24.0,"key":"LiquidBronze"},{"floor":27.0,"key":"PowerPotion"},{"floor":39.0,"key":"LiquidMemories"},{"floor":54.0,"key":"EntropicBrew"}],"is_trial":false,"path_per_floor":["M","?","$","M","M","E","?","E","T","R","$","E","R","M","R","B",null,"M","?","M","M","?","E","M","M","T","E","?","?","E","M","R","B",null,"M","?","M","T","M","E","M","E","T","M","T","E","M","E","R","B",null,"R","$","E","B",null],"character_chosen":"Youkari","items_purchased":["GluttonyofRealm_purpleEX","ClockworkSouvenir","reliquary:Boomerang","Fruit Juice","reliquary:PrincelyHelmet","SteroidPotion"],"campfire_rested":0,"item_purchase_floors":[3,53,53,53,53,53],"current_hp_per_floor":[70,70,70,73,76,48,48,28,28,28,28,14,14,22,22,31,81,78,78,85,92,92,67,62,63,63,67,67,63,71,77,77,82,131,139,139,143,143,151,142,148,144,144,132,132,125,129,132,132,132,163,163,168,168,165],"gold":196,"neow_bonus":"HUNDRED_GOLD","is_daily":false,"chose_seed":false,"campfire_upgraded":3,"win_rate":0.0,"timestamp":1612940028,"path_taken":["M","?","?","M","M","E","?","E","T","R","$","E","R","M","R","BOSS","M","?","M","?","?","E","M","M","T","E","?","?","E","M","R","BOSS","M","?","M","?","M","E","M","E","T","M","?","E","?","E","R","BOSS","R","$","E","BOSS"],"items_purchased_type":["Card","Relic","Relic","Potion","Relic","Potion"],"build_version":"2020-12-22","purchased_purges":2,"victory":true,"max_hp_per_floor":[70,70,70,73,76,76,69,69,69,69,69,73,73,77,77,81,81,85,85,89,93,93,97,97,101,101,105,105,105,109,113,113,131,131,139,139,143,143,151,155,159,159,159,163,163,163,163,163,163,163,163,163,168,168,168],"card_choices":[{"not_picked":["SharpContractionReality_purple","EighthInstrument_OneDividesIntoTwo_purple","WingOfChimera_purple"],"picked":"SKIP","floor":1.0},{"not_picked":["DarkRealmRedLine_purple","WorldDissolvedintheRealm_purple","Mirror_WaveAndshot_purple"],"picked":"SKIP","floor":4.0},{"not_picked":["ExistenceContinue_purple","Erosivefilter_purple","MetroBOOM_purple"],"picked":"SKIP","floor":5.0},{"not_picked":["StateErode_purple","Boundary_ObjectiveBoundary_purple","Mirror_FormAndEmptin_purple"],"picked":"SKIP","floor":6.0},{"not_picked":["Anti_communist_purple","EighthInstrument_OneDividesIntoTwo_purple","StateDuplicate_purple"],"picked":"SKIP","floor":8.0},{"not_picked":["Line_surface_state_purple","PurpleNeedle_purple","Computing_the_future_purpleEX"],"picked":"SKIP","floor":12.0},{"not_picked":["WeekHit_purple","OmniscientAndOmnipotent_Monster_purple"],"picked":"RuptureOfTimeAndSpace_purple","floor":14.0},{"not_picked":["Computing_the_future_purpleEX","D_absorption_purple"],"picked":"Boundary_LifeAndDeath_purple","floor":16.0},{"not_picked":["Umbrella_purple+1","OpenedBox_purple"],"picked":"AdvanceAttack_purple+1","floor":18.0},{"not_picked":["ExistenceContinue_purple","SharpContractionReality_purple","RuleDissolution_purple"],"picked":"SKIP","floor":20.0},{"not_picked":["Line_surface_state_purple+1","Fantasy_PerpetualMotionMachine_purple","Realm_recovery_purpleEX"],"picked":"SKIP","floor":21.0},{"not_picked":["SfantasyHide_purple","StateErode_purple+1"],"picked":"PositiveMatter_Antimatter_Universe_purple+1","floor":23.0},{"not_picked":["Mirror_FormAndEmptin_purple","DimensionStaggered_purple"],"picked":"Charmbait_purple+1","floor":24.0},{"not_picked":["Charmbait_purple+1","Fantasy_PerpetualMotionMachine_purple","Mirror_WaveAndshot_purple"],"picked":"SKIP","floor":25.0},{"not_picked":["Mirror_FourBoundary_purple","RuleDissolution_purple"],"picked":"GluttonyofRealm_purpleEX+1","floor":27.0},{"not_picked":["StateErode_purple+1","Line_surface_state_purple","Worldmountain_purple+1"],"picked":"SKIP","floor":30.0},{"not_picked":["RuleDissolution_purple","RuptureOfTimeAndSpace_purple","Realm_recovery_purpleEX"],"picked":"SKIP","floor":31.0},{"not_picked":["Bait_HighSpeedFlying_purple+1","OmniscientAndOmnipotent_Monster_purple+1"],"picked":"ButterflyHabitatTemple_purple+1","floor":35.0},{"not_picked":["Photoelasticity_Doppler_Effect_purple+1","WatchEChange_purple+1"],"picked":"ExternalForce_HighSpeedFlying_purple+1","floor":37.0},{"not_picked":["Photoelasticity_Doppler_Effect_purple+1","Mirror_FormAndEmptin_purple+1","Charmbait_purple+1"],"picked":"SKIP","floor":39.0},{"not_picked":["Boundary_LightAndDark_purple+1","AdvanceAttack_purple+1","ExistenceContinue_purple+1"],"picked":"SKIP","floor":40.0},{"not_picked":["StateErode_purple+1","OmniscientAndOmnipotent_Monster_purple+1"],"picked":"MeetDecomposer_purple","floor":41.0},{"not_picked":["StateErode_purple+1","Line_surface_state_purple+1","StretchesForeverDream_purple+1"],"picked":"SKIP","floor":42.0},{"not_picked":["MeetDecomposer_purple","Boundary_DynamicStaticEquilibrium_purple","Line_surface_state_purple"],"picked":"SKIP","floor":44.0},{"not_picked":["Mirror_WaveAndshot_purple+1","Umbrella_purple+1"],"picked":"ContainerChange_purple","floor":46.0},{"not_picked":["RuleDissolution_purple","SharpContractionReality_purple+1","Boundary_of_Extermination_purpleEX+1"],"picked":"SKIP","floor":47.0},{"not_picked":["StateErode_purple+1","EighthInstrument_OneDividesIntoTwo_purple+1","SharpContractionReality_purple+1"],"picked":"SKIP","floor":48.0},{"not_picked":["Mirror_Drifter_purple+1","Shallow_ocean_purpleEX+1","OpenedBox_purple"],"picked":"SKIP","floor":54.0}],"player_experience":73475,"relics_obtained":[{"floor":6.0,"key":"Boot"},{"floor":8.0,"key":"reliquary:Aerogel"},{"floor":9.0,"key":"reliquary:TatteredRug"},{"floor":12.0,"key":"reliquary:PorcupineQuills"},{"floor":23.0,"key":"Tiny Chest"},{"floor":27.0,"key":"reliquary:FerryPass"},{"floor":30.0,"key":"reliquary:Knoch"},{"floor":33.0,"key":"Mango"},{"floor":40.0,"key":"Girya"},{"floor":40.0,"key":"Parasol_purpleEX"},{"floor":42.0,"key":"Ancient Tea Set"},{"floor":42.0,"key":"MealTicket"},{"floor":43.0,"key":"reliquary:RoseTintedGlasses"},{"floor":45.0,"key":"reliquary:SilkGlove"},{"floor":46.0,"key":"Letter Opener"},{"floor":46.0,"key":"HornCleat"},{"floor":48.0,"key":"Anchor"},{"floor":48.0,"key":"CeramicFish"},{"floor":54.0,"key":"reliquary:Firecrackers"},{"floor":54.0,"key":"Unceasing Top"}],"event_choices":[],"is_beta":false,"boss_relics":[{"not_picked":["REME_DemonsWealth","REME_LowDesire"],"picked":"Fusion Hammer"},{"not_picked":["reliquary:RedCape","Philosopher\u0027s Stone"],"picked":"Black Star"}],"items_purged_floors":[3,11],"is_endless":false,"potions_floor_spawned":[1,5,14,21,23,24,25,27,31,39,41,46,47,48,54],"ascension_level":3}}