{"host":"qustdn0y8cxl4low","time":1612993752,"event":{"mods":["Act Like it!","Ascension Reborn","BaseMod","Bestiary","BetterRewards","Colored Powertips","Downfall","Gensokyo","Lobotomy","Minty Spire (QoL Compilation)","Permanent Neow","Remilia（蕾米莉亚）","Replay The Spire","RumiaBox-露米娅的神秘盒子","Ryuuou龙王","Shop Mod","Spicy Shops","StSLib","TestMod","The Blue Laboratory","The Gatherer","Thieving Mod","Yakumo Yukari mod","Yuyuko","everything is the same but u backflip on backflip","noobMod","篝火指南"],"gold_per_floor":[29,112,112,42,54,6,36,50,66,71,93,155,172,172,196,316,316,62,392,415,636,648,362,362,380,414,175,175,3,21,58,80,198,198,33,46,64,81,81,53,85,85,71,71,109,131,4,484,500,511],"floor_reached":51,"language":"ZHS","playtime":3200,"items_purged":["Regret","Gatherer:Strike_Gatherer+1","Gatherer:Defend_Gatherer+1","Hallucinations","Languid"],"score":280,"play_id":"44ac6528-8e64-4c8f-bb8f-78ec1d8d2f65","local_time":"20210211054912","is_ascension_mode":true,"metric_token":1749,"campfire_choices":[{"data":"Gatherer:UpgradeBag","floor":1,"key":"SMITH"}],"circlet_count":0,"master_deck":["Gatherer:Strike_Gatherer+1","Gatherer:Strike_Gatherer+1","Gatherer:Strike_Gatherer+1","Gatherer:Strike_Gatherer+1","Gatherer:Defend_Gatherer+1","Gatherer:Defend_Gatherer+1","Gatherer:Defend_Gatherer+1","Gatherer:Defend_Gatherer+1","Gatherer:Centralize+1","Gatherer:FlowerWhip+3","Gatherer:UpgradeBag+1","Gatherer:AlchemyTrial+1","Gatherer:WoolGloves","Gatherer:FlowerWhip+3","Gatherer:QuickSynthesis","Gatherer:Overflowing+1","Gatherer:MindSearch+1","expansioncontent:QuickStudy+1","Gatherer:Duplicator+1","Gatherer:UpgradeBag","Gatherer:Liquidism","Gatherer:Misfortune","Gatherer:WitheringStrike","Gatherer:Snatch+1","Gatherer:AlchemyTrial+1","Gatherer:GatherMaterial+1","expansioncontent:StudyTheSpire","Gatherer:Duplicator+1","Gatherer:RecipeChange+1","Gatherer:TacticalStrike+1","Gatherer:BigPouch+1","Gatherer:WitheringStrike+1","Gatherer:QuickSynthesis+1","Gatherer:Examine+1","Gatherer:AlchemyTrial+1","Gatherer:EnergyBasket+1","Gatherer:EnergyBasket+1","Gatherer:FinishingStrike+1","testmod-Recap+1","Gatherer:AlchemyTrial+1"],"relics":["Gatherer:MiracleBag","ice","testmod-CasingShield","MerchantsRug","Replay:Multitool","Replay:Rubber Ducky","testmod-LifeArmor","ReplayTheSpireMod:Lightbulb","Toxic Egg 2","testmod-ArcanaOfDestiny","Prayer Wheel","Medical Kit","Membership Card","ReplayTheSpireMod:CursedCoin","Mummified Hand","HornCleat","Pet Ghost","ReplayTheSpireMod:Shallot","Oddly Smooth Stone","The Courier","Mirror","PreservedInsect","Strange Spoon","testmod-ObsoleteBoomerang","testmod-Hope","Meat on the Bone","testmod-CyclicPeriapt","MagicDraw1","Replay:Bottled Flurry","Shuriken","Kunai","Gensokyo:DualWield","Golden Egg","Frozen Egg 2","testmod-Acrobat","Akabeko","MealTicket","Iron Hammer","Snack Pack","White Beast Statue","Toy Ornithopter"],"acts_visited":["Exordium","TheCity","TheCity"],"potions_floor_usage":[21,21,21,22,26,27,33,50,51,51],"damage_taken":[{"damage":0,"enemies":"Gensokyo:3_Fairies","floor":2,"turns":3},{"damage":0,"enemies":"Gensokyo:2_Kodama","floor":5,"turns":2},{"damage":0,"enemies":"Gensokyo:Gryphon","floor":8,"turns":2},{"damage":0,"enemies":"Gensokyo:LivingMonolith","floor":9,"turns":2},{"damage":0,"enemies":"downfall:FleeingMerchant","floor":10,"turns":4},{"damage":0,"enemies":"Gensokyo:VengefulSpirit","floor":11,"turns":2},{"damage":0,"enemies":"Gensokyo:Gryphon_and_Rabbit","floor":13,"turns":2},{"damage":0,"enemies":"Gensokyo:LivingMonolith","floor":15,"turns":2},{"damage":0,"enemies":"WA_ARCHETYPE_RETAIN","floor":16,"turns":2},{"damage":0,"enemies":"Shell Parasite","floor":20,"turns":2},{"damage":4,"enemies":"downfall:FleeingMerchant","floor":21,"turns":3},{"damage":0,"enemies":"Chosen","floor":22,"turns":2},{"damage":0,"enemies":"Snecko","floor":25,"turns":2},{"damage":0,"enemies":"Book of Stabbing","floor":26,"turns":4},{"damage":0,"enemies":"Shelled Parasite and Fungi","floor":30,"turns":1},{"damage":0,"enemies":"Gremlin Leader","floor":31,"turns":1},{"damage":0,"enemies":"Snake Plant","floor":32,"turns":1},{"damage":5,"enemies":"IC_MUSHROOM_ARCHETYPE","floor":33,"turns":2},{"damage":0,"enemies":"Gensokyo:AncientGuardian","floor":36,"turns":2},{"damage":0,"enemies":"Gensokyo:3_Boulders","floor":37,"turns":1},{"damage":0,"enemies":"Gensokyo:Dusk_and_Dawn","floor":38,"turns":1},{"damage":0,"enemies":"Gensokyo:Kasen","floor":45,"turns":1},{"damage":0,"enemies":"Gensokyo:4_Bats","floor":46,"turns":1},{"damage":0,"enemies":"Gensokyo:SeedOfUnknown","floor":49,"turns":1},{"damage":0,"enemies":"SI_POISON_ARCHETYPE","floor":50,"turns":1},{"damage":0,"enemies":"Malkuth","floor":51,"turns":3},{"damage":0,"enemies":"Hod","floor":51,"turns":2},{"damage":12,"enemies":"Geburah","floor":51,"turns":6},{"damage":2,"enemies":"Binah","floor":51,"turns":7},{"damage":31,"enemies":"Angela","floor":51,"turns":4}],"seed_played":"-2260316166866184293","potions_obtained":[{"floor":2,"key":"LifebloodPotion"},{"floor":2,"key":"LifebloodPotion"},{"floor":5,"key":"Fire Potion"},{"floor":9,"key":"blueLaboratory:NullPotion"},{"floor":11,"key":"blueLaboratory:HorrorPotion"},{"floor":13,"key":"blueLaboratory:NullPotion"},{"floor":13,"key":"Block Potion"},{"floor":15,"key":"blueLaboratory:PyrophylliteBrew"},{"floor":16,"key":"blueLaboratory:HummingbirdPotion"},{"floor":20,"key":"blueLaboratory:BottledHope"},{"floor":21,"key":"Weak Potion"},{"floor":22,"key":"testmod-SpacePotion"},{"floor":22,"key":"blueLaboratory:BottledHope"},{"floor":25,"key":"Swift Potion"},{"floor":26,"key":"blueLaboratory:TrueEctoplasm"},{"floor":26,"key":"SkillPotion"},{"floor":30,"key":"blueLaboratory:CorrosionFlask"},{"floor":31,"key":"blueLaboratory:BubblePotion"},{"floor":31,"key":"Energy Potion"},{"floor":33,"key":"blueLaboratory:EmptyBottle"},{"floor":36,"key":"Fire Potion"},{"floor":37,"key":"Energy Potion"},{"floor":38,"key":"blueLaboratory:BottleOfVodka"},{"floor":45,"key":"Reflective Coating"},{"floor":46,"key":"blueLaboratory:LouseDecoction"},{"floor":49,"key":"blueLaboratory:ImpenetrablePotion"},{"floor":49,"key":"AttackPotion"}],"is_trial":false,"path_per_floor":["R","M","?","?","M","COS","T","M","M","$","M","R","M","T","M","B",null,"R","?","M","$","M","$","T","M","E","R","?","R","M","E","M","B",null,"R","M","M","M","?","R","T","R","$","?","E","M","R","?","M","B",null],"character_chosen":"THE_GATHERER","items_purchased":["MerchantsRug","Gatherer:UpgradeBag","DollysMirror","Medical Kit","expansioncontent:QuickStudy","Gatherer:Duplicator+1","Membership Card","ReplayTheSpireMod:CursedCoin","Mummified Hand","Gatherer:Liquidism","Gatherer:Misfortune","HornCleat","Pet Ghost","Gatherer:AlchemyTrial","Gatherer:GatherMaterial+1","expansioncontent:StudyTheSpire","The Courier","Mirror","PreservedInsect","testmod-SpacePotion","Strange Spoon","Orrery","testmod-ObsoleteBoomerang","MagicDraw1","Replay:Bottled Flurry","Shuriken","Kunai","Golden Egg","Frozen Egg 2","testmod-Acrobat","testmod-Recap+1","Iron Hammer","Snack Pack","White Beast Statue","Toy Ornithopter"],"campfire_rested":0,"item_purchase_floors":[0,0,10,18,18,18,21,21,21,21,21,23,23,23,23,23,27,27,27,27,27,27,29,35,35,35,35,40,40,40,43,47,47,47,47],"current_hp_per_floor":[77,77,77,77,77,77,77,77,77,77,77,77,77,77,77,82,82,82,82,82,78,78,78,92,92,92,92,92,92,92,92,92,101,102,102,102,102,102,102,102,102,102,102,87,87,87,87,87,90,107],"gold":635,"neow_bonus":"","is_daily":false,"chose_seed":false,"campfire_upgraded":1,"win_rate":0.0,"timestamp":1612993752,"path_taken":["R","M","?","?","M","COS","T","?","M","$","M","R","M","?","M","BOSS","R","?","M","$","?","$","T","M","E","R","?","R","?","E","M","BOSS","R","M","M","M","?","R","T","R","$","?","E","M","R","?","M","BOSS"],"items_purchased_type":["Relic","Card","Relic","Relic","Card","Card","Relic","Relic","Relic","Card","Card","Relic","Relic","Card","Card","Card","Relic","Relic","Relic","Potion","Relic","Relic","Relic","Relic","Relic","Relic","Relic","Relic","Relic","Relic","Card","Relic","Relic","Relic","Relic"],"build_version":"2020-12-22","purchased_purges":5,"victory":true,"max_hp_per_floor":[77,77,77,77,77,77,77,77,77,77,77,77,77,77,77,82,82,82,82,82,82,82,82,92,92,92,92,92,92,92,92,92,102,102,102,102,102,102,102,102,102,102,102,102,102,102,102,102,102,107],"card_choices":[{"not_picked":["Gatherer:VenomBarrier","Gatherer:WoolGloves","Gatherer:PotentialSlash"],"picked":"SKIP","floor":2},{"not_picked":["Gatherer:PotentialSlash","Gatherer:BambuSword"],"picked":"Gatherer:AlchemyTrial","floor":5},{"not_picked":["Gatherer:CollectorsShot","Gatherer:AcidicSpray","Gatherer:Convert"],"picked":"SKIP","floor":8},{"not_picked":["Gatherer:Herbalism","Gatherer:BigPouch"],"picked":"Gatherer:WoolGloves","floor":9},{"not_picked":["Gatherer:FragileHammer","Gatherer:SealedBomb"],"picked":"Gatherer:Enchant","floor":10},{"not_picked":["Gatherer:GatherMaterial","Gatherer:Frenzy"],"picked":"Gatherer:QuickSynthesis","floor":11},{"not_picked":["Gatherer:RecoveryHerb","Gatherer:SealedBomb","Gatherer:OddSpoils"],"picked":"SKIP","floor":13},{"not_picked":["Gatherer:AromaProtection+1","Gatherer:CollectorsShot"],"picked":"Gatherer:Overflowing+1","floor":15},{"not_picked":["Gatherer:FlamingBottle","Gatherer:CursedBlade"],"picked":"Gatherer:MindSearch+1","floor":16},{"not_picked":["Gatherer:BambuSword+1","Gatherer:Nutrients+1","Gatherer:CollectorsShot"],"picked":"SKIP","floor":20},{"not_picked":["Gatherer:PotentialSlash","Gatherer:ScherryThrow+1","Gatherer:TreeGrowth+1"],"picked":"SKIP","floor":20},{"not_picked":["Gatherer:AcidicSpray+1","Gatherer:GatherMaterial+1"],"picked":"Gatherer:UpgradeBag","floor":21},{"not_picked":["Gatherer:WoolGloves+1","Gatherer:ColorfulGarden"],"picked":"Gatherer:WitheringStrike","floor":22},{"not_picked":["Gatherer:TacticalStrike","Gatherer:AcidicSpray+1"],"picked":"Gatherer:Snatch+1","floor":22},{"not_picked":["Gatherer:Snatch","Gatherer:Duality"],"picked":"Gatherer:Duplicator+1","floor":25},{"not_picked":["Gatherer:FeelingFine+1","Gatherer:GatherMaterial+1","Gatherer:ScherryThrow+1"],"picked":"SKIP","floor":25},{"not_picked":["Gatherer:DrugPower","Gatherer:Herbalism+1","Gatherer:RecoveryHerb+1"],"picked":"SKIP","floor":26},{"not_picked":["Gatherer:VenomBarrier+1","Gatherer:SealedBomb"],"picked":"Gatherer:RecipeChange+1","floor":27},{"not_picked":["Gatherer:Uplift+1","Gatherer:BalancedGrowth+1"],"picked":"Gatherer:TacticalStrike+1","floor":27},{"not_picked":["Gatherer:AcidicSpray","Gatherer:Convert+1"],"picked":"Gatherer:BigPouch+1","floor":30},{"not_picked":["Gatherer:FragileHammer","Gatherer:SaveValuables+1","Gatherer:Frenzy"],"picked":"SKIP","floor":30},{"not_picked":["Gatherer:GatherMaterial+1","Gatherer:ScherryThrow"],"picked":"Gatherer:WitheringStrike+1","floor":31},{"not_picked":["Gatherer:WoolGloves+1","Gatherer:FlowerFalling"],"picked":"Gatherer:QuickSynthesis+1","floor":32},{"not_picked":["Gatherer:WitheringStrike","Gatherer:BalancedGrowth","Gatherer:GlowingPlant+1"],"picked":"SKIP","floor":32},{"not_picked":["Gatherer:FinishingStrike","Gatherer:LuckyClover"],"picked":"Gatherer:Examine+1","floor":33},{"not_picked":["Gatherer:RecipeChange+1","Gatherer:Herbalism+1"],"picked":"Gatherer:AlchemyTrial+1","floor":36},{"not_picked":["Gatherer:AromaProtection+1","Gatherer:FlowerFalling","Gatherer:TreeGrowth+1"],"picked":"SKIP","floor":36},{"not_picked":["Gatherer:Frenzy+1","Gatherer:Misfortune"],"picked":"Gatherer:EnergyBasket+1","floor":37},{"not_picked":["Gatherer:ScherryThrow","Gatherer:Duality","Gatherer:DrugPower"],"picked":"SKIP","floor":37},{"not_picked":["Gatherer:CollectorsShot","Gatherer:AcidicSpray"],"picked":"Gatherer:EnergyBasket+1","floor":38},{"not_picked":["Gatherer:Duality+1","Gatherer:AromaProtection+1","Gatherer:SaveValuables+1"],"picked":"SKIP","floor":38},{"not_picked":["Gatherer:Duality","Gatherer:ColorfulGarden+1","Gatherer:AcidicSpray+1"],"picked":"SKIP","floor":45},{"not_picked":["Gatherer:BambuSword+1","Gatherer:GatherMaterial+1"],"picked":"Gatherer:AlchemyTrial+1","floor":46},{"not_picked":["Gatherer:AcidicSpray+1","Gatherer:Transmute+1","Gatherer:Duality+1"],"picked":"SKIP","floor":46},{"not_picked":["Gatherer:FlowerBeam+1","Gatherer:AcidicSpray+1","Gatherer:DrugPower+1"],"picked":"SKIP","floor":49},{"not_picked":["Gatherer:RecipeChange+1","Gatherer:FlowerBeam+1","Gatherer:EchoOfNature+1"],"picked":"SKIP","floor":49}],"player_experience":217516,"relics_obtained":[{"floor":7,"key":"Replay:Multitool"},{"floor":7,"key":"Replay:Rubber Ducky"},{"floor":14,"key":"ReplayTheSpireMod:Lightbulb"},{"floor":14,"key":"Toxic Egg 2"},{"floor":15,"key":"testmod-ArcanaOfDestiny"},{"floor":16,"key":"Prayer Wheel"},{"floor":24,"key":"Pear"},{"floor":24,"key":"ReplayTheSpireMod:Shallot"},{"floor":26,"key":"Oddly Smooth Stone"},{"floor":30,"key":"testmod-Hope"},{"floor":31,"key":"Meat on the Bone"},{"floor":33,"key":"testmod-CyclicPeriapt"},{"floor":41,"key":"testmod-HeartOfStrike"},{"floor":41,"key":"Akabeko"},{"floor":45,"key":"MealTicket"}],"event_choices":[{"damage_healed":0,"gold_gain":400,"player_choice":"Sell","damage_taken":0,"max_hp_gain":0,"max_hp_loss":0,"event_name":"恩洛斯的盘子","floor":48,"relics_lost":["testmod-TestBox"],"gold_loss":0}],"is_beta":false,"boss_relics":[{"not_picked":["Philosopher\u0027s Stone","testmod-Recursion"],"picked":"Gatherer:MiracleBag"},{"not_picked":["Sozu","Replay:Drink Me"],"picked":"Busted Crown"}],"items_purged_floors":[21,21,23,29,35],"is_endless":false,"potions_floor_spawned":[2,5,13,15,16,22,26,31,49,51,51,51,51,51],"ascension_level":-20}}