{"host":"ogz7heqpirojfnr2","time":1612932851,"event":{"mods":["BaseMod","Downfall","KinomotoSakuraMod(木之本樱)","Lobotomy","LobotomyExtend","Marisa（F雨　魔理沙）","Minty Spire (QoL Compilation)","Remilia（蕾米莉亚）","Replay The Spire","RumiaBox-露米娅的神秘盒子","StSLib","The Animator","The Servant 0.9.4","WarShipGirlsR/战舰少女R mod","Youmu（魂魄妖梦）","Yuri Mod","Yuyuko"],"gold_per_floor":[111,111,177,227,267,267,298,309,309,322,322,385,188,222,222,324,324,344,359,284,334,384,384,411,373,373,222,222,233,283,294,294,394,394,404,423,473,523,573,605,605,252,327,346,378,428,428,461,461,461,461],"floor_reached":50,"language":"ZHS","playtime":1954,"items_purged":["Corruption","Corruption","Reaper","Reaper"],"score":811,"play_id":"5f94ddbd-fc0e-4b1c-afd1-f16c89cc01a1","local_time":"20210210125411","is_ascension_mode":true,"campfire_choices":[{"data":"Clash","floor":6,"key":"SMITH"},{"floor":11,"key":"REST"},{"data":"Fiend Fire","floor":15,"key":"PURGE"},{"floor":23,"key":"REST"},{"data":"Double Tap","floor":28,"key":"SMITH"},{"data":"Clash","floor":28,"key":"SMITH"},{"floor":32,"key":"REST"},{"data":"Immolate","floor":41,"key":"SMITH"},{"data":"Bloodletting","floor":41,"key":"SMITH"},{"floor":47,"key":"RECALL"},{"floor":49,"key":"REST"}],"circlet_count":0,"master_deck":["Clash+1","Clash","Bloodletting+1","Limit Break","Bludgeon","Double Tap+1","Brutality","Immolate+1","Clash+1","Flex+1","Thunderclap","Inflame+1","Cleave","Wraith","Flex","Heavy Blade+1","Thunderclap+1"],"relics":["Black Blood","ReplayTheSpireMod:TigerMarble","SsserpentHead","Incense Burner","Paper Frog","SumBook","ReplayTheSpireMod:Ninjato","SoulBox","Golden Egg","Nilry\u0027s Codex","MawBank","Replay:Arrowhead","TungstenRod","Happy Flower","Replay:Mystery Machine","Blue Doll"],"acts_visited":["Exordium","TheCity","TheBeyond"],"potions_floor_usage":[16,16,16,31,33,50,50,50],"damage_taken":[{"damage":14,"enemies":"Jaw Worm","floor":1,"turns":3},{"damage":10,"enemies":"Cultist","floor":3,"turns":4},{"damage":39,"enemies":"Lagavulin","floor":7,"turns":4},{"damage":2,"enemies":"Small Slimes","floor":8,"turns":2},{"damage":25,"enemies":"2 Fungi Beasts","floor":10,"turns":3},{"damage":0,"enemies":"3 Louse","floor":12,"turns":2},{"damage":23,"enemies":"3 Sentries","floor":14,"turns":3},{"damage":76,"enemies":"Fading Forest","floor":16,"turns":11},{"damage":5,"enemies":"Chosen","floor":18,"turns":2},{"damage":26,"enemies":"2 Thieves","floor":19,"turns":3},{"damage":7,"enemies":"Replay:Snechameleon","floor":24,"turns":5},{"damage":6,"enemies":"Centurion and Healer","floor":29,"turns":2},{"damage":4,"enemies":"Cultist and Chosen","floor":31,"turns":4},{"damage":39,"enemies":"Pondfish","floor":33,"turns":5},{"damage":9,"enemies":"Orb Walker","floor":35,"turns":1},{"damage":4,"enemies":"3 Darklings","floor":36,"turns":3},{"damage":31,"enemies":"R_Hoarder","floor":40,"turns":8},{"damage":19,"enemies":"Sphere and 2 Shapes","floor":44,"turns":3},{"damage":2,"enemies":"Reptomancer","floor":45,"turns":3},{"damage":64,"enemies":"Giant Head","floor":48,"turns":7},{"damage":87,"enemies":"Replay:Hell Engine","floor":50,"turns":6}],"seed_played":"-7088995624251998181","potions_obtained":[{"floor":1,"key":"bronze:BurnAndBuffPotion"},{"floor":7,"key":"EntropicBrew"},{"floor":10,"key":"ElixirPotion"},{"floor":18,"key":"champ:CounterPotion"},{"floor":31,"key":"Fruit Juice"},{"floor":33,"key":"SpeedPotion"},{"floor":35,"key":"champ:CounterPotion"},{"floor":36,"key":"BlessingOfTheForge"},{"floor":45,"key":"LiquidMemories"}],"is_trial":false,"path_per_floor":["M","?","M","?","?","R","E","M","T","M","R","M","$","E","R","B",null,"M","M","$","?","?","R","E","$","T","$","R","M","?","M","R","B",null,"M","M","?","?","?","E","R","$","T","M","E","?","R","E","R","B"],"character_chosen":"IRONCLAD","items_purchased":["SumBook","Flex","Heavy Blade","Happy Flower"],"campfire_rested":4,"item_purchase_floors":[13,27,42,42],"current_hp_per_floor":[72,72,68,68,68,68,35,39,39,20,44,50,50,57,57,11,63,64,60,60,60,44,68,67,67,67,67,67,67,52,59,86,85,89,90,90,90,90,90,74,74,74,74,67,77,77,77,25,52,0,0],"gold":461,"neow_bonus":"RANDOM_COMMON_RELIC","is_daily":false,"chose_seed":false,"campfire_upgraded":5,"win_rate":0.0,"timestamp":1612932851,"path_taken":["M","?","?","?","?","R","E","M","T","M","R","?","?","E","R","BOSS","M","M","$","?","?","R","E","?","T","$","R","M","?","M","R","BOSS","M","M","?","?","?","E","R","$","T","M","E","?","R","E","R","BOSS"],"items_purchased_type":["Relic","Card","Card","Relic"],"build_version":"2020-12-22","purchased_purges":4,"victory":false,"max_hp_per_floor":[80,80,80,80,80,80,80,80,80,80,80,80,80,80,80,80,80,80,80,80,80,80,80,80,80,80,80,80,80,85,90,90,90,90,90,90,90,90,90,90,90,90,90,90,90,90,90,90,90,90,90],"card_choices":[{"not_picked":["ReplayTheSpireMod:LeadingStrike","Twin Strike","ReplayTheSpireMod:Strike From Hell"],"picked":"SKIP","floor":1},{"not_picked":["Replay:Undeath\u0027s Touch","Clothesline"],"picked":"Clash","floor":3},{"not_picked":["Pummel","ReplayTheSpireMod:Strike From Hell"],"picked":"Clash","floor":7},{"not_picked":["Searing Blow","Evolve"],"picked":"Bloodletting","floor":8},{"not_picked":["Wild Strike","Twin Strike"],"picked":"Limit Break","floor":10},{"not_picked":["Twin Strike","Wild Strike","Carnage"],"picked":"SKIP","floor":12},{"not_picked":["Exhume","ReplayTheSpireMod:LeadingStrike","ReplayTheSpireMod:Stacked"],"picked":"SKIP","floor":14},{"not_picked":["Fire Breathing","Hemokinesis"],"picked":"Shrug It Off","floor":18},{"not_picked":["Headbutt+1","Rampage+1","Defy Death"],"picked":"SKIP","floor":19},{"not_picked":["Warcry","Disarm"],"picked":"Clash","floor":24},{"not_picked":["True Grit","Cleave"],"picked":"Thunderclap","floor":29},{"not_picked":["Flame Barrier","Searing Blow","Reaper"],"picked":"SKIP","floor":31},{"not_picked":["Run Through+1","Clothesline+1"],"picked":"Inflame+1","floor":35},{"not_picked":["ReplayTheSpireMod:LeadingStrike","Perfected Strike"],"picked":"Cleave","floor":36},{"not_picked":["Hemokinesis","Armaments+1"],"picked":"Flex","floor":40},{"not_picked":["Life Link+1","Replay:Undeath\u0027s Touch+1","Havoc+1"],"picked":"SKIP","floor":44},{"not_picked":["Dropkick+1","Reckless Charge","Armaments+1"],"picked":"SKIP","floor":45},{"not_picked":["Limit Break","Headbutt+1"],"picked":"Thunderclap+1","floor":48}],"player_experience":123763,"relics_obtained":[{"floor":7,"key":"Incense Burner"},{"floor":9,"key":"Paper Frog"},{"floor":14,"key":"ReplayTheSpireMod:Ninjato"},{"floor":22,"key":"Nilry\u0027s Codex"},{"floor":24,"key":"MawBank"},{"floor":26,"key":"Replay:Arrowhead"},{"floor":40,"key":"TungstenRod"},{"floor":45,"key":"Replay:Mystery Machine"},{"floor":48,"key":"Blue Doll"}],"event_choices":[{"damage_healed":0,"gold_gain":0,"player_choice":"Trade","damage_taken":0,"relics_obtained":["SsserpentHead"],"max_hp_gain":0,"max_hp_loss":0,"event_name":"FaceTrader","floor":2,"gold_loss":0},{"damage_healed":0,"gold_gain":0,"player_choice":"Obtained Book","damage_taken":16,"max_hp_gain":0,"max_hp_loss":0,"event_name":"Cursed Tome","floor":22,"gold_loss":0},{"damage_healed":0,"gold_gain":0,"player_choice":"Shed Blood","damage_taken":20,"max_hp_gain":5,"max_hp_loss":0,"event_name":"Forgotten Altar","floor":30,"gold_loss":0},{"damage_healed":0,"gold_gain":0,"player_choice":"Ignored","damage_taken":0,"max_hp_gain":0,"max_hp_loss":0,"event_name":"OrinTheCat","floor":37,"gold_loss":0},{"damage_healed":0,"gold_gain":0,"player_choice":"Ignored","damage_taken":0,"max_hp_gain":0,"max_hp_loss":0,"event_name":"Tomb of Lord Red Mask","floor":38,"gold_loss":0},{"cards_removed":["Shrug It Off"],"damage_healed":0,"gold_gain":0,"player_choice":"Removed Skill","damage_taken":0,"max_hp_gain":0,"max_hp_loss":0,"event_name":"Falling","floor":39,"gold_loss":0},{"cards_removed":["Replay:Many Hands"],"damage_healed":0,"gold_gain":0,"player_choice":"Purged","damage_taken":0,"max_hp_gain":0,"max_hp_loss":0,"event_name":"Purifier","floor":46,"gold_loss":0}],"is_beta":false,"boss_relics":[{"not_picked":["Cursed Key","Runic Cube"],"picked":"SoulBox"},{"not_picked":["Ring of Chaos","Black Star"],"picked":"Black Blood"}],"items_purged_floors":[20,25,27,42],"is_endless":false,"potions_floor_spawned":[1,7,10,14,18,19,31,33,35,36,45],"killed_by":"Replay:Hell Engine","ascension_level":5}}