{"host":"wbn3xdfsa5pc2kse","time":1612927122,"event":{"mods":["AchievementEnabler","BaseMod","Bestiary","Colored Map","Colored Powertips","Curses Come First","Highlight Path","Minty Spire (QoL Compilation)","Permanent Neow","Rare Cards Sparkle","Relic Stats","StSLib"],"gold_per_floor":[17,28,28,43,54,54,85,85,155,180,180,180,205,243,243,332,332,346,217,241,241,254,293,293,316,340,374,394,394,415,454,454,550,550,564,564,588,611,561,904,920,953,953,996,996,1016,1032,478,478,478,478,478,128,169,169,169],"floor_reached":55,"language":"ZHT","playtime":2745,"items_purged":["Strike_G","Strike_G","Defend_G"],"score":1512,"play_id":"fac3e818-3eb2-4bdd-bd6b-683da44b40de","local_time":"20210210111842","is_ascension_mode":true,"campfire_choices":[{"data":"Blade Dance","floor":6.0,"key":"SMITH"},{"data":"Blade Dance","floor":8.0,"key":"SMITH"},{"floor":11.0,"key":"REST"},{"data":"Footwork","floor":15.0,"key":"SMITH"},{"data":"A Thousand Cuts","floor":24.0,"key":"SMITH"},{"data":"Well Laid Plans","floor":29.0,"key":"SMITH"},{"data":"Strike_G","floor":32.0,"key":"PURGE"},{"data":"Strike_G","floor":45.0,"key":"PURGE"},{"floor":49.0,"key":"RECALL"},{"data":"Bullet Time","floor":52.0,"key":"SMITH"}],"circlet_count":0,"master_deck":["AscendersBane","Defend_G+1","Defend_G","Defend_G+1","Survivor","Neutralize","Blade Dance+1","Blade Dance+1","Blade Dance+1","PiercingWail","Leg Sweep","Well Laid Plans+1","Footwork+1","A Thousand Cuts+1","Infinite Blades","Cloak And Dagger","Dodge and Roll","Acrobatics+1","Backflip","Bullet Time+1","PiercingWail","After Image+1","Blade Dance+1","Accuracy+1","Night Terror"],"relics":["Ring of the Snake","Pocketwatch","Ninja Scroll","Blood Vial","Golden Idol","Odd Mushroom","Unceasing Top","Coffee Dripper","Meat on the Bone","PreservedInsect","Prayer Wheel","Peace Pipe","WristBlade","Old Coin","StrikeDummy","Art of War","Bottled Tornado","Toolbox","War Paint","Incense Burner"],"acts_visited":["TheBeyond","TheEnding"],"potions_floor_usage":[55,55],"damage_taken":[{"damage":0.0,"enemies":"Jaw Worm","floor":1.0,"turns":6.0},{"damage":3.0,"enemies":"2 Louse","floor":2.0,"turns":5.0},{"damage":6.0,"enemies":"Cultist","floor":4.0,"turns":3.0},{"damage":12.0,"enemies":"Exordium Thugs","floor":5.0,"turns":4.0},{"damage":32.0,"enemies":"Gremlin Nob","floor":7.0,"turns":4.0},{"damage":2.0,"enemies":"3 Sentries","floor":10.0,"turns":4.0},{"damage":5.0,"enemies":"The Mushroom Lair","floor":13.0,"turns":4.0},{"damage":7.0,"enemies":"Gremlin Nob","floor":14.0,"turns":3.0},{"damage":1.0,"enemies":"The Guardian","floor":16.0,"turns":18.0},{"damage":0.0,"enemies":"3 Byrds","floor":18.0,"turns":2.0},{"damage":16.0,"enemies":"Spheric Guardian","floor":20.0,"turns":4.0},{"damage":23.0,"enemies":"Shelled Parasite and Fungi","floor":22.0,"turns":6.0},{"damage":30.0,"enemies":"Gremlin Leader","floor":23.0,"turns":7.0},{"damage":8.0,"enemies":"Chosen and Byrds","floor":25.0,"turns":5.0},{"damage":20.0,"enemies":"Slavers","floor":27.0,"turns":3.0},{"damage":0.0,"enemies":"Snecko","floor":28.0,"turns":3.0},{"damage":0.0,"enemies":"Shelled Parasite and Fungi","floor":30.0,"turns":6.0},{"damage":5.0,"enemies":"Book of Stabbing","floor":31.0,"turns":5.0},{"damage":20.0,"enemies":"Champ","floor":33.0,"turns":9.0},{"damage":4.0,"enemies":"3 Shapes","floor":35.0,"turns":5.0},{"damage":0.0,"enemies":"3 Darklings","floor":37.0,"turns":5.0},{"damage":0.0,"enemies":"Transient","floor":38.0,"turns":5.0},{"damage":0.0,"enemies":"Giant Head","floor":40.0,"turns":6.0},{"damage":2.0,"enemies":"Spire Growth","floor":41.0,"turns":4.0},{"damage":15.0,"enemies":"Reptomancer","floor":42.0,"turns":5.0},{"damage":33.0,"enemies":"Nemesis","floor":44.0,"turns":7.0},{"damage":0.0,"enemies":"3 Darklings","floor":46.0,"turns":4.0},{"damage":12.0,"enemies":"Jaw Worm Horde","floor":47.0,"turns":8.0},{"damage":19.0,"enemies":"Donu and Deca","floor":50.0,"turns":5.0},{"damage":6.0,"enemies":"Shield and Spear","floor":54.0,"turns":6.0},{"damage":56,"enemies":"The Heart","floor":55,"turns":8}],"seed_played":"4166122272741325787","potions_obtained":[{"floor":1.0,"key":"Explosive Potion"},{"floor":4.0,"key":"FairyPotion"},{"floor":7.0,"key":"Explosive Potion"},{"floor":13.0,"key":"Ancient Potion"},{"floor":18.0,"key":"FairyPotion"},{"floor":27.0,"key":"Dexterity Potion"},{"floor":30.0,"key":"EntropicBrew"},{"floor":35.0,"key":"Explosive Potion"},{"floor":37.0,"key":"Fire Potion"},{"floor":38.0,"key":"Strength Potion"},{"floor":46.0,"key":"Energy Potion"}],"is_trial":false,"path_per_floor":["M","M","?","M","M","R","E","R","T","E","R","?","?","E","R","B",null,"M","$","M","?","M","E","R","M","T","E","M","R","M","E","R","B",null,"M","?","M","M","?","E","M","E","T","E","R","M","M","$","R","B",null,"R","$","E","B"],"character_chosen":"THE_SILENT","items_purchased":["Cloak And Dagger","Bottled Tornado","Toolbox","Swift Potion","War Paint"],"campfire_rested":1,"item_purchase_floors":[19,48,48,53,53],"current_hp_per_floor":[59,56,56,50,38,38,6,6,6,4,23,23,20,15,15,16,49,51,51,37,31,10,2,2,30,30,24,38,38,40,37,37,31,53,51,51,53,55,55,57,57,44,44,25,25,39,41,41,41,36,54,54,54,50,0,0],"gold":169,"neow_bonus":"REMOVE_TWO","is_daily":false,"chose_seed":false,"campfire_upgraded":6,"win_rate":0.0,"timestamp":1612927122,"path_taken":["M","M","?","M","M","R","E","R","T","E","R","?","?","E","R","BOSS","M","$","M","?","M","E","R","?","T","E","M","R","M","E","R","BOSS","M","?","M","M","?","E","M","E","T","E","R","M","M","$","R","BOSS","R","$","E","BOSS"],"items_purchased_type":["Card","Relic","Relic","Potion","Relic"],"build_version":"2020-12-22","purchased_purges":3,"victory":false,"max_hp_per_floor":[66,66,66,66,66,66,66,66,66,66,66,60,60,60,60,60,60,60,60,60,60,60,60,60,60,60,60,60,60,60,60,60,60,60,60,60,60,60,60,60,60,60,60,60,60,60,60,60,60,60,60,60,60,60,60,60],"relic_stats":{"counters":[13,77],"Golden Idol":93,"PreservedInsect":318,"War Paint":["Defend_G","Defend_G"],"Blood Vial":26,"Peace Pipe":1,"Prayer Wheel":6,"Art of War":[6],"obtain_stats":[{"Golden Idol":0,"PreservedInsect":0,"Incense Burner":54,"Odd Mushroom":0,"Bottled Tornado":48,"War Paint":53,"Old Coin":40,"Blood Vial":0,"Peace Pipe":0,"WristBlade":34,"Ninja Scroll":0,"Toolbox":48,"Prayer Wheel":0,"Coffee Dripper":0,"Art of War":44,"StrikeDummy":42,"Unceasing Top":0,"Ring of the Snake":0,"Pocketwatch":0,"Meat on the Bone":0},{"Golden Idol":0,"PreservedInsect":0,"Incense Burner":12,"Odd Mushroom":0,"Bottled Tornado":10,"War Paint":11,"Old Coin":5,"Blood Vial":0,"Peace Pipe":0,"WristBlade":1,"Ninja Scroll":0,"Toolbox":10,"Prayer Wheel":0,"Coffee Dripper":0,"Art of War":8,"StrikeDummy":7,"Unceasing Top":0,"Ring of the Snake":0,"Pocketwatch":0,"Meat on the Bone":0},{"Golden Idol":0,"PreservedInsect":0,"Incense Burner":69,"Odd Mushroom":0,"Bottled Tornado":58,"War Paint":63,"Old Coin":30,"Blood Vial":0,"Peace Pipe":0,"WristBlade":9,"Ninja Scroll":0,"Toolbox":58,"Prayer Wheel":0,"Coffee Dripper":0,"Art of War":46,"StrikeDummy":39,"Unceasing Top":0,"Ring of the Snake":0,"Pocketwatch":0,"Meat on the Bone":0}],"Unceasing Top":[2],"Ring of the Snake":[23],"Pocketwatch":[22],"Meat on the Bone":60},"card_choices":[{"not_picked":["Calculated Gamble","Leg Sweep"],"picked":"Blade Dance","floor":1.0},{"not_picked":["Sucker Punch","Distraction"],"picked":"Blade Dance","floor":2.0},{"not_picked":["Caltrops","Sucker Punch"],"picked":"Blade Dance","floor":4.0},{"not_picked":["Dodge and Roll","Deadly Poison"],"picked":"PiercingWail","floor":5.0},{"not_picked":["Expertise","Flying Knee"],"picked":"Leg Sweep","floor":7.0},{"not_picked":["Noxious Fumes","Flying Knee"],"picked":"Well Laid Plans","floor":10.0},{"not_picked":["Flying Knee","Die Die Die"],"picked":"Footwork","floor":13.0},{"not_picked":["Catalyst","Concentrate","Slice"],"picked":"SKIP","floor":14.0},{"not_picked":["Bullet Time","Wraith Form v2"],"picked":"A Thousand Cuts","floor":16.0},{"not_picked":["Backstab","All Out Attack"],"picked":"Infinite Blades","floor":18.0},{"not_picked":["Prepared","Quick Slash"],"picked":"Dodge and Roll","floor":20.0},{"not_picked":["Deflect","Outmaneuver","All Out Attack"],"picked":"SKIP","floor":22.0},{"not_picked":["Blade Dance","Underhanded Strike"],"picked":"Acrobatics+1","floor":23.0},{"not_picked":["Dagger Throw","Quick Slash"],"picked":"Backflip","floor":25.0},{"not_picked":["Underhanded Strike","Endless Agony"],"picked":"Bullet Time","floor":27.0},{"not_picked":["Bane","Outmaneuver"],"picked":"PiercingWail","floor":28.0},{"not_picked":["Masterful Stab","Heel Hook","Bouncing Flask"],"picked":"SKIP","floor":28.0},{"not_picked":["Deadly Poison+1","Flying Knee","Dodge and Roll"],"picked":"SKIP","floor":30.0},{"not_picked":["Heel Hook+1","Slice+1","Sucker Punch"],"picked":"SKIP","floor":30.0},{"not_picked":["Concentrate","Cloak And Dagger","Quick Slash"],"picked":"SKIP","floor":31.0},{"not_picked":["Phantasmal Killer","Venomology"],"picked":"After Image","floor":33.0},{"not_picked":["Outmaneuver","Noxious Fumes","Blade Dance"],"picked":"SKIP","floor":35.0},{"not_picked":["PiercingWail","Slice+1","Glass Knife"],"picked":"SKIP","floor":35.0},{"not_picked":["Acrobatics","Flying Knee+1"],"picked":"Blade Dance+1","floor":37.0},{"not_picked":["Prepared","Quick Slash","Acrobatics"],"picked":"SKIP","floor":37.0},{"not_picked":["Die Die Die","Sucker Punch+1","Dagger Throw+1"],"picked":"SKIP","floor":38.0},{"not_picked":["Cloak And Dagger","Dagger Throw","Underhanded Strike"],"picked":"SKIP","floor":38.0},{"not_picked":["Reflex","Predator","Venomology"],"picked":"SKIP","floor":40.0},{"not_picked":["Dodge and Roll","Cloak And Dagger","Flying Knee"],"picked":"SKIP","floor":41.0},{"not_picked":["Dagger Throw","Outmaneuver","Sucker Punch"],"picked":"SKIP","floor":41.0},{"not_picked":["Cloak And Dagger","Dodge and Roll+1"],"picked":"Accuracy+1","floor":42.0},{"not_picked":["Quick Slash+1","Deflect+1","Backflip"],"picked":"SKIP","floor":44.0},{"not_picked":["Corpse Explosion","Flying Knee","Bane"],"picked":"SKIP","floor":46.0},{"not_picked":["Backflip","Acrobatics","Blade Dance"],"picked":"SKIP","floor":46.0},{"not_picked":["Poisoned Stab","Deflect"],"picked":"Night Terror","floor":47.0},{"not_picked":["Blade Dance","Slice+1","Quick Slash"],"picked":"SKIP","floor":47.0},{"not_picked":["Dagger Spray","Acrobatics","Deflect"],"picked":"SKIP","floor":54.0}],"player_experience":799305,"relics_obtained":[{"floor":7.0,"key":"Pocketwatch"},{"floor":9.0,"key":"Ninja Scroll"},{"floor":10.0,"key":"Blood Vial"},{"floor":13.0,"key":"Odd Mushroom"},{"floor":14.0,"key":"Unceasing Top"},{"floor":23.0,"key":"Meat on the Bone"},{"floor":26.0,"key":"PreservedInsect"},{"floor":27.0,"key":"Prayer Wheel"},{"floor":31.0,"key":"Peace Pipe"},{"floor":40.0,"key":"Old Coin"},{"floor":42.0,"key":"StrikeDummy"},{"floor":44.0,"key":"Art of War"},{"floor":54.0,"key":"Incense Burner"}],"event_choices":[{"damage_healed":0.0,"max_hp_gain":0.0,"max_hp_loss":0.0,"gold_gain":0.0,"event_name":"Living Wall","player_choice":"Grow","floor":3.0,"gold_loss":0.0,"damage_taken":0.0,"cards_upgraded":["Blade Dance"]},{"damage_healed":0.0,"max_hp_gain":0.0,"max_hp_loss":6.0,"gold_gain":0.0,"event_name":"Golden Idol","player_choice":"Lose Max HP","floor":12.0,"gold_loss":0.0,"damage_taken":0.0,"relics_obtained":["Golden Idol"]},{"damage_healed":0.0,"max_hp_gain":0.0,"max_hp_loss":0.0,"gold_gain":0.0,"event_name":"Mushrooms","player_choice":"Fought Mushrooms","floor":13.0,"gold_loss":0.0,"damage_taken":0.0},{"damage_healed":0.0,"max_hp_gain":0.0,"max_hp_loss":0.0,"gold_gain":0.0,"event_name":"Knowing Skull","player_choice":"","floor":21.0,"potions_obtained":[],"gold_loss":0.0,"damage_taken":6.0,"cards_obtained":[]},{"damage_healed":0.0,"max_hp_gain":0.0,"max_hp_loss":0.0,"gold_gain":0.0,"event_name":"Tomb of Lord Red Mask","player_choice":"Ignored","floor":36.0,"gold_loss":0.0,"damage_taken":0.0},{"damage_healed":0.0,"max_hp_gain":0.0,"max_hp_loss":0.0,"gold_gain":0.0,"event_name":"Designer","player_choice":"Upgrade","floor":39.0,"gold_loss":50.0,"damage_taken":0.0,"cards_upgraded":["After Image"]}],"is_beta":false,"boss_relics":[{"not_picked":["Calling Bell","SlaversCollar"],"picked":"Coffee Dripper"},{"not_picked":["Philosopher\u0027s Stone","Black Star"],"picked":"WristBlade"}],"items_purged_floors":[19,48,53],"is_endless":false,"potions_floor_spawned":[1,4,7,13,18,22,27,30,35,37,38,46,47,54],"killed_by":"The Heart","ascension_level":16}}