{"host":"fhujvjnj99vjue08","time":1612982287,"event":{"mods":["2.2 Compatiblity","AchievementEnabler","Aspiration","Astrologer","BaseMod","Beaked The Cultist","BetterRewards","CatGirl Mod","Colored Map","Colored Powertips","Conjunction","Conspire","Custom Start","Downfall","Friendly Minions","GifTheSpireLib","Googly Eyes","Halation","Highlight Path","Hubris","Hyrulean Relics","Infinite Spire","Magitek Elite","Mimic Mod","Minty Spire (QoL Compilation)","Replay The Spire","Reworked Bosses","Shop Mod","StSLib","Strawberry Spire","Stuff the Spire","The Bug Knight","The Gatherer","The Jungle","The Servant 0.9.4","TheBandit","TheFirefly","egg","thorton"],"gold_per_floor":[99,99,110,20,5,21,95,95,110,121,21,36,56,91,104,202,202,2,21,36,36,62,62,97,125,138,151,161,179,22,47,64,167,167,167,186,461,473,527,540,575,575,609,628,628,638,667,679,692,692,692,692],"floor_reached":50,"language":"ENG","playtime":4302,"items_purged":["bronze:Strike","bronze:Strike"],"score":702,"play_id":"17ba5f51-0a73-42f2-b68e-a4c5800b367c","local_time":"20210210183807","is_ascension_mode":false,"campfire_choices":[{"floor":1,"key":"RECALL"},{"data":"bronze:WhirlingStrike","floor":8,"key":"SMITH"},{"data":"bronze:Branch","floor":11,"key":"SMITH"},{"data":"bronze:Iterate","floor":18,"key":"SMITH"},{"data":"bronze:MaxOutput","floor":23,"key":"SMITH"},{"data":"bronze:BronzeOrb","floor":35,"key":"SMITH"},{"data":"bronze:HyperBeam","floor":42,"key":"SMITH"},{"data":"bronze:FineTuning","floor":45,"key":"SMITH"}],"circlet_count":0,"master_deck":["bronze:Strike","bronze:Strike","bronze:Defend","bronze:Defend","bronze:Defend","bronze:Defend","bronze:Replicate","bronze:Goto","bronze:Replicate","bronze:WhirlingStrike+1","bronze:Overheat","bronze:Turbo","bronze:FineTuning+1","bronze:Branch+1","bronze:MaxOutput+1","bronze:Flail","bronze:Iterate+1","bronze:HyperBeam+1","bronze:Fortify+1","bronze:BugBarrage","bronze:BronzeOrb+1","bronze:DelayedSlice+1","bronze:Virus","bronze:Iterate+1","strawberrySpire:Dropbox","Panache+1","Dark Shackles","bronze:Backtrace","bronze:DelayedGuard","bronze:Mutator+1","Regret","bronze:MaxOutput+1","bronze:Iterate","bronze:Repair+1","bronze:ForceShield+1","bronze:CloningBeam","ReplayTheSpireMod:Book of Names+1","bronze:Verify+1"],"relics":["bronze:BronzeCore","downfall:HeartBlessingRed","Guard_Bracelet","aspiration:PoetsPen_weak","downfall:HeartBlessingGreen","downfall:HeartBlessingBlue","Ring of Peace","infinitespire:Eraser","halation:SelfBoilingWater","Ornamental Fan","Frozen Egg 2","ReplayTheSpireMod:ShopPack","Smiling Mask","conspire:SpecialSausage","infinitespire:Joker Card","StuffTheSpire:NeowsTribute","infinitespire:Satchel"],"acts_visited":["Exordium","Exordium","TheBeyond"],"potions_floor_usage":[12,14,14,16,24,30,33,41,43,44,48,49],"damage_taken":[{"damage":5,"enemies":"Small Slimes","floor":3,"turns":3},{"damage":0,"enemies":"downfall:FleeingMerchant","floor":4,"turns":4},{"damage":10,"enemies":"downfall:FleeingMerchant","floor":5,"turns":4},{"damage":0,"enemies":"Cultist","floor":6,"turns":2},{"damage":6,"enemies":"Jaw Worm","floor":9,"turns":2},{"damage":5,"enemies":"Gremlin Gang","floor":10,"turns":3},{"damage":7,"enemies":"Blue Slaver","floor":12,"turns":2},{"damage":0,"enemies":"Exordium Wildlife","floor":13,"turns":2},{"damage":10,"enemies":"Lagavulin","floor":14,"turns":4},{"damage":0,"enemies":"Large Slime","floor":15,"turns":3},{"damage":41,"enemies":"IC_STATUS_ARCHETYPE","floor":16,"turns":6},{"damage":6,"enemies":"Shell Parasite","floor":19,"turns":3},{"damage":0,"enemies":"theJungle:MUSHROOMGANG","floor":20,"turns":1},{"damage":12,"enemies":"conspire:MimicChest","floor":22,"turns":5},{"damage":0,"enemies":"theJungle:2_Snecko_Cultists","floor":24,"turns":5},{"damage":0,"enemies":"theJungle:Cassacara","floor":25,"turns":4},{"damage":0,"enemies":"theJungle:2_Snecko_Cultists","floor":26,"turns":3},{"damage":0,"enemies":"theJungle:Snecko_Cultist_And_Trap","floor":27,"turns":4},{"damage":0,"enemies":"theJungle:SlimyTreeVines","floor":28,"turns":2},{"damage":0,"enemies":"Snake Plant","floor":29,"turns":3},{"damage":3,"enemies":"downfall:FleeingMerchant","floor":30,"turns":4},{"damage":0,"enemies":"theJungle:2_Phrogs","floor":31,"turns":2},{"damage":3,"enemies":"theJungle:Snecko_Cultist_And_Trap","floor":32,"turns":2},{"damage":22,"enemies":"DF_ARCHETYPE_CLAW","floor":33,"turns":6},{"damage":0,"enemies":"Orb Walker","floor":36,"turns":1},{"damage":0,"enemies":"3 Shapes","floor":38,"turns":2},{"damage":0,"enemies":"2 Orb Walkers","floor":39,"turns":4},{"damage":5,"enemies":"Sphere and 2 Shapes","floor":40,"turns":4},{"damage":9,"enemies":"Spire Growth","floor":41,"turns":5},{"damage":6,"enemies":"R_Hoarder","floor":43,"turns":5},{"damage":0,"enemies":"Spire Growth","floor":44,"turns":3},{"damage":0,"enemies":"Maw","floor":46,"turns":4},{"damage":42,"enemies":"Nightmare","floor":47,"turns":8},{"damage":3,"enemies":"Transient","floor":48,"turns":5},{"damage":0,"enemies":"Spire Growth","floor":49,"turns":4},{"damage":101,"enemies":"SI_POISON_ARCHETYPE","floor":50,"turns":5}],"seed_played":"-1529012396620004065","potions_obtained":[{"floor":3,"key":"Slimebound:ThreeZeroPotion"},{"floor":9,"key":"conspire:TimeTravelPotion"},{"floor":10,"key":"DuplicationPotion"},{"floor":12,"key":"Weak Potion"},{"floor":19,"key":"AttackPotion"},{"floor":20,"key":"DuplicationPotion"},{"floor":25,"key":"bronze:CleanCodePotion"},{"floor":26,"key":"bronze:BurnAndBuffPotion"},{"floor":43,"key":"Energy Potion"},{"floor":47,"key":"Adrenaline Potion"}],"is_trial":false,"path_per_floor":["R","?","M","$","$","M","T","R","M","M","R","M","M","E","M","B",null,"R","M","M","?","?","R","MIM","E","M","M","M","M","$","E","M","B",null,"R","M","?","M","?","M","MIM","R","E","M","R","M","NM","M","M","B"],"character_chosen":"THE_AUTOMATON","items_purchased":["Frozen Egg 2","ReplayTheSpireMod:ShopPack"],"campfire_rested":0,"item_purchase_floors":[30,30],"current_hp_per_floor":[77,77,72,72,62,62,62,62,56,51,51,44,44,34,34,13,77,87,81,81,81,69,69,69,69,69,69,69,69,66,66,69,47,87,87,87,87,87,87,82,73,73,73,73,73,79,47,54,70,0,0,0],"gold":692,"neow_bonus":"TEN_PERCENT_HP_BONUS","is_daily":false,"chose_seed":false,"campfire_upgraded":7,"win_rate":0.0,"timestamp":1612982287,"path_taken":["R","?","M","?","$","M","T","R","M","M","R","M","M","E","M","BOSS","R","M","?","?","?","R","MIM","E","M","M","M","?","$","E","M","BOSS","R","M","?","?","?","M","MIM","R","E","M","R","M","NM","M","M","BOSS"],"items_purchased_type":["Relic","Relic"],"build_version":"2020-12-22","purchased_purges":2,"victory":false,"max_hp_per_floor":[77,77,77,77,77,77,77,77,77,77,77,77,77,77,77,77,77,87,87,87,87,87,87,87,87,87,87,87,87,87,87,87,87,87,87,87,87,87,87,87,87,87,87,87,87,87,87,87,87,87,87,87],"card_choices":[{"not_picked":["bronze:Shield","bronze:DigitalCarnage"],"picked":"bronze:WhirlingStrike","floor":3},{"not_picked":["bronze:Repair","bronze:Frontload"],"picked":"bronze:Overheat","floor":4},{"not_picked":["bronze:Deprecate","bronze:ChildClass","bronze:Safeguard"],"picked":"SKIP","floor":5},{"not_picked":["bronze:Overload","bronze:Allocate"],"picked":"bronze:Turbo","floor":6},{"not_picked":["bronze:BitShift","bronze:Branch"],"picked":"bronze:FineTuning","floor":9},{"not_picked":["bronze:Assembly","bronze:WildBeam"],"picked":"bronze:Branch","floor":10},{"not_picked":["bronze:Shield","bronze:CutThrough"],"picked":"bronze:MaxOutput","floor":12},{"not_picked":["bronze:Overload","bronze:Iterate","bronze:Frontload"],"picked":"SKIP","floor":13},{"not_picked":["bronze:BitShift","bronze:ItsAFeature"],"picked":"bronze:Flail","floor":14},{"not_picked":["bronze:BronzeOrb","bronze:BuggyMess"],"picked":"bronze:Iterate","floor":15},{"not_picked":["bronze:Assembly","bronze:BurnOut"],"picked":"bronze:HyperBeam","floor":16},{"not_picked":["bronze:Turbo","bronze:Overheat","bronze:DarkDash"],"picked":"SKIP","floor":19},{"not_picked":["bronze:Invalidate+1","bronze:Frontload+1","bronze:Shield"],"picked":"SKIP","floor":20},{"not_picked":["bronze:ChildClass+1","bronze:BitShift"],"picked":"bronze:Fortify+1","floor":22},{"not_picked":["bronze:BuggyMess","bronze:BronzeArmor"],"picked":"bronze:BugBarrage","floor":24},{"not_picked":["bronze:Invalidate","bronze:Format"],"picked":"bronze:BronzeOrb","floor":25},{"not_picked":["bronze:ClassDefault","bronze:Invalidate+1","bronze:BitShift"],"picked":"SKIP","floor":26},{"not_picked":["bronze:BugBarrage","bronze:DarkDash+1"],"picked":"bronze:DelayedSlice+1","floor":27},{"not_picked":["bronze:ClassDefault+1","bronze:DelayedGuard"],"picked":"bronze:Virus","floor":28},{"not_picked":["bronze:Overheat","bronze:GetLatest+1","bronze:BitShift+1"],"picked":"SKIP","floor":29},{"not_picked":["bronze:DelayedSlice","bronze:BitShift"],"picked":"bronze:Iterate+1","floor":30},{"not_picked":["StuffTheSpire:Recharge","Panache"],"picked":"strawberrySpire:Dropbox","floor":30},{"not_picked":["StuffTheSpire:FreeRealEstate","StuffTheSpire:PlasmaPunch"],"picked":"Panache","floor":30},{"not_picked":["Bandage Up","Specialist"],"picked":"Dark Shackles","floor":30},{"not_picked":["bronze:Turbo","bronze:DelayedSlice"],"picked":"bronze:Backtrace","floor":31},{"not_picked":["bronze:Shield+1","bronze:DarkDash"],"picked":"bronze:DelayedGuard","floor":32},{"not_picked":["bronze:HardenedForm+1","bronze:AlphaBuild"],"picked":"bronze:Mutator+1","floor":33},{"not_picked":["bronze:Safeguard","bronze:Overheat+1","bronze:Turbo"],"picked":"SKIP","floor":36},{"not_picked":["bronze:ClassDefault+1","bronze:Safeguard+1","bronze:BronzeOrb"],"picked":"SKIP","floor":38},{"not_picked":["bronze:Overload+1","bronze:Frontload+1"],"picked":"bronze:MaxOutput+1","floor":40},{"not_picked":["bronze:ForLoop","bronze:ChildClass"],"picked":"bronze:Iterate","floor":41},{"not_picked":["bronze:DelayedSlice+1","bronze:CutThrough+1"],"picked":"bronze:Repair+1","floor":43},{"not_picked":["bronze:BitShift","bronze:BugBarrage"],"picked":"bronze:ForceShield+1","floor":44},{"not_picked":["bronze:Shell","bronze:ChildClass+1"],"picked":"bronze:CloningBeam","floor":46},{"not_picked":["infinitespire:SevenWalls","infinitespire:Menacing"],"picked":"ReplayTheSpireMod:Book of Names","floor":47},{"not_picked":["bronze:AlphaBuild","bronze:HardenedForm+1"],"picked":"bronze:Verify+1","floor":47},{"not_picked":["bronze:Frontload","bronze:GetLatest","bronze:CutThrough"],"picked":"SKIP","floor":48},{"not_picked":["bronze:WildBeam","bronze:Shell","bronze:Safeguard"],"picked":"SKIP","floor":49}],"player_experience":333584,"relics_obtained":[{"floor":14,"key":"Guard_Bracelet"},{"floor":21,"key":"Ring of Peace"},{"floor":22,"key":"infinitespire:Eraser"},{"floor":24,"key":"halation:SelfBoilingWater"},{"floor":25,"key":"Ornamental Fan"},{"floor":31,"key":"Smiling Mask"},{"floor":41,"key":"infinitespire:Joker Card"},{"floor":43,"key":"StuffTheSpire:NeowsTribute"},{"floor":47,"key":"infinitespire:Satchel"}],"event_choices":[{"damage_healed":0,"gold_gain":0,"player_choice":"Fight","damage_taken":0,"max_hp_gain":0,"max_hp_loss":0,"event_name":"Mysterious Sphere","floor":39,"gold_loss":0}],"is_beta":false,"boss_relics":[{"not_picked":["Ring of Chaos","Pandora\u0027s Box"],"picked":"aspiration:PoetsPen_weak"},{"not_picked":["Honey Jar","Sozu"],"picked":"conspire:SpecialSausage"}],"items_purged_floors":[4,30],"is_endless":true,"potions_floor_spawned":[3,9,10,12,19,20,25,26,29,32,39,43,46,47],"killed_by":"SI_POISON_ARCHETYPE","ascension_level":0}}