{"host":"hzswyuuwdl03wwzr","time":1612926699,"event":{"mods":["100% Spire Juice","ATMod(∞¢Ë™Mod)","AchievementEnabler","Act Like it!","BaseMod","Bossed Relics","CapriCore","Hallownest","Lobotomy","LobotomyExtend","Luminous","Marisa£®ÏF”Í°°ƒß¿Ì…≥£©","Minty Spire (QoL Compilation)","MostiFishMod","Pale of the Ancients","Quick Restart","Reimu£®≤©¿ˆ¡È√Œ£©","Reliquary","Replay The Spire","StSLib","The Cursed","The Hierophant","The Immortal","The Runesmith","WarShipGirlsR/’ΩΩ¢…Ÿ≈ÆR mod","Warlord Emblem","Youmu£®ªÍ∆«—˝√Œ£©","Yuyuko","°æπ¶ƒ‹Mod°øªÏ„Á÷Æª∑–ﬁ∏¥≤π∂°","°æ“≈ŒÔø®≈∆°øREMEMod"],"gold_per_floor":[116,133,133,227,255,235,235],"floor_reached":6,"language":"ZHS","playtime":319,"items_purged":[],"score":36,"play_id":"cc45a9d4-891d-4d48-ae46-f3d8ba59b97a","local_time":"20210210111139","is_ascension_mode":false,"campfire_choices":[],"circlet_count":0,"master_deck":["hierophant:Strike_Hierophant","hierophant:Strike_Hierophant","hierophant:Strike_Hierophant","hierophant:Strike_Hierophant","hierophant:Punish","hierophant:Defend_Hierophant","hierophant:Defend_Hierophant","hierophant:Defend_Hierophant","hierophant:Defend_Hierophant","hierophant:ChurchCoffers","hierophant:Encroach","hierophant:OrnateBuckler","Poor:ReiMu","hierophant:BulkyChest","hierophant:Exaltation"],"relics":["hierophant:PropheticMaskRelic","AT_ATBox","REME_ComplimentaryCards","DaveBox","Nloth\u0027s Gift","SynthV:TestCard","LetterFromLob","YidongShenshe:ReiMu"],"acts_visited":["Exordium"],"potions_floor_usage":[],"damage_taken":[{"damage":1,"enemies":"Cultist","floor":1,"turns":5},{"damage":8,"enemies":"Small Slimes","floor":2,"turns":6},{"damage":3,"enemies":"Jaw Worm","floor":5,"turns":7},{"damage":16,"enemies":"Replay:BlueRogue","floor":6,"turns":4}],"seed_played":"-3157634806858729192","potions_obtained":[],"is_trial":false,"path_per_floor":["M","M","?","?","M","E"],"character_chosen":"HIEROPHANT","items_purchased":[],"campfire_rested":0,"item_purchase_floors":[],"current_hp_per_floor":[74,66,66,36,33,17,17],"gold":235,"neow_bonus":"THREE_CARDS","is_daily":false,"chose_seed":false,"campfire_upgraded":0,"win_rate":0.0,"timestamp":1612926699,"path_taken":["M","M","?","?","M","E"],"items_purchased_type":[],"build_version":"2020-12-22","purchased_purges":0,"victory":false,"max_hp_per_floor":[75,75,75,75,75,75,75],"card_choices":[{"not_picked":["hierophant:Endure","hierophant:Remorse"],"picked":"hierophant:Encroach","floor":1},{"not_picked":["hierophant:FaithHealing","hierophant:HolyVerse","hierophant:PassingBell","hierophant:AuricBeam"],"picked":"hierophant:OrnateBuckler","floor":2},{"not_picked":["hierophant:Smite","hierophant:Chorus","hierophant:Martyrdom","hierophant:MorningPrayer"],"picked":"hierophant:BulkyChest","floor":4},{"not_picked":["hierophant:Refuge","hierophant:HammerAndAnvil","hierophant:SolarFlare","hierophant:Purify"],"picked":"hierophant:Exaltation","floor":4},{"not_picked":["hierophant:AuricBeam","hierophant:ConvertCurrency","hierophant:Sermon","hierophant:Encroach","hierophant:Endure"],"picked":"SKIP","floor":5}],"player_experience":37264,"relics_obtained":[{"floor":1,"key":"SynthV:TestCard"},{"floor":1,"key":"LetterFromLob"}],"event_choices":[{"damage_healed":0,"gold_gain":0,"player_choice":"¥¯◊ﬂ…Ò…Á","damage_taken":0,"relics_obtained":["YidongShenshe:ReiMu"],"max_hp_gain":0,"max_hp_loss":0,"event_name":"yidonshenshe","floor":3,"gold_loss":0,"cards_obtained":["Poor:ReiMu"]}],"is_beta":false,"boss_relics":[],"items_purged_floors":[],"is_endless":false,"potions_floor_spawned":[],"killed_by":"Replay:BlueRogue","ascension_level":0}}