{"host":"5z7rhcocprldured","time":1612992383,"event":{"mods":["2.2 Compatiblity","AchievementEnabler","BaseMod","Best Route Mod","Better Altar","Better Match","Better Note","Better Sensory Stone","Better Skull","Better Third Choice","BetterRewards","Block Reminder","Colored Map","Colored Powertips","Emptier Cage","Googly Eyes","Hermit","Marisa????????","Minty Spire (QoL Compilation)","Permanent Neow","Potionbrewer","Rare Cards Sparkle","StSLib","Synergy Search","The Cursed","The Hierophant","The Runesmith","Unceasing Turn Reminder"],"gold_per_floor":[119,119,134,134,151,176,176,187,187,187,203,234,234,234,234,338,338,354,354,354,369,369,369,70,70,70,70,82,98,128,128,128,226,226,241,241,258,278,328,328,34,65,65,80,94,94,107,121,121,121,121,121,70,98,98,98],"floor_reached":55,"language":"ENG","playtime":2538,"items_purged":["Strike_B"],"score":952,"play_id":"ee5152a8-176a-4efa-a25d-3912a0557fd8","local_time":"20210210212623","is_ascension_mode":false,"campfire_choices":[{"data":"Self Repair","floor":7,"key":"SMITH"},{"floor":10,"key":"REST"},{"data":"Machine Learning","floor":15,"key":"SMITH"},{"floor":23,"key":"RECALL"},{"data":"Defragment","floor":25,"key":"SMITH"},{"data":"Buffer","floor":32,"key":"SMITH"},{"data":"Rainbow","floor":40,"key":"SMITH"},{"data":"Echo Form","floor":49,"key":"SMITH"},{"data":"Genetic Algorithm","floor":52,"key":"SMITH"}],"circlet_count":0,"master_deck":["Strike_B","Strike_B","Strike_B","Defend_B","Zap","Dualcast","Apotheosis+1","Self Repair+1","Conserve Battery","The Bomb","Doom and Gloom","Genetic Algorithm+1","Aggregate","Auto Shields","Machine Learning+1","Streamline","Buffer+1","Defragment+1","Streamline","Rainbow+1","Chaos+1","White Noise+1","Parasite","Echo Form+1","Cold Snap+1","Cold Snap","Reinforced Body+1"],"relics":["Cracked Core","Strange Spoon","StrikeDummy","potionbrewer:MortarAndPestle","Pantograph","Mummified Hand","Nuclear Battery","Toy Ornithopter","Singing Bowl","Vajra","Gremlin Horn","Mango","Anchor","FaceOfCleric","potionbrewer:BhaskarasWheel","Emotion Chip","Juzu Bracelet","ClockworkSouvenir","Torii","Akabeko"],"acts_visited":["Exordium","TheCity","TheBeyond","TheEnding"],"potions_floor_usage":[29,42,55,55,55,55],"damage_taken":[{"damage":10,"enemies":"Jaw Worm","floor":1,"turns":3},{"damage":12,"enemies":"Small Slimes","floor":3,"turns":3},{"damage":0,"enemies":"Cultist","floor":5,"turns":3},{"damage":32,"enemies":"3 Sentries","floor":6,"turns":5},{"damage":24,"enemies":"Large Slime","floor":8,"turns":5},{"damage":6,"enemies":"Blue Slaver","floor":11,"turns":3},{"damage":1,"enemies":"Gremlin Nob","floor":12,"turns":3},{"damage":29,"enemies":"Hexaghost","floor":16,"turns":7},{"damage":0,"enemies":"Chosen","floor":18,"turns":4},{"damage":0,"enemies":"Spheric Guardian","floor":21,"turns":4},{"damage":21,"enemies":"Snake Plant","floor":28,"turns":4},{"damage":4,"enemies":"3 Cultists","floor":29,"turns":5},{"damage":7,"enemies":"Book of Stabbing","floor":30,"turns":5},{"damage":34,"enemies":"Collector","floor":33,"turns":7},{"damage":10,"enemies":"Orb Walker","floor":35,"turns":4},{"damage":8,"enemies":"3 Darklings","floor":37,"turns":3},{"damage":15,"enemies":"Jaw Worm Horde","floor":38,"turns":4},{"damage":31,"enemies":"Mind Bloom Boss Battle","floor":39,"turns":5},{"damage":23,"enemies":"Giant Head","floor":42,"turns":9},{"damage":8,"enemies":"4 Shapes","floor":44,"turns":5},{"damage":10,"enemies":"Writhing Mass","floor":45,"turns":6},{"damage":19,"enemies":"Jaw Worm Horde","floor":47,"turns":4},{"damage":6,"enemies":"Sphere and 2 Shapes","floor":48,"turns":5},{"damage":44,"enemies":"Donu and Deca","floor":50,"turns":7},{"damage":38,"enemies":"Shield and Spear","floor":54,"turns":6}],"seed_played":"5071392927758165786","potions_obtained":[{"floor":1,"key":"Ancient Potion"},{"floor":5,"key":"FearPotion"},{"floor":16,"key":"FearPotion"},{"floor":21,"key":"SmokeBomb"},{"floor":28,"key":"AttackPotion"},{"floor":33,"key":"potionbrewer:FreezingPotion"},{"floor":35,"key":"LiquidMemories"},{"floor":44,"key":"PotionOfCapacity"},{"floor":48,"key":"potionbrewer:SplittingPotion"}],"is_trial":false,"path_per_floor":["M","?","M","?","M","E","R","M","T","R","M","E","T","?","R","B",null,"M","?","T","M","?","R","$","R","T","?","M","M","E","?","R","B",null,"M","?","M","M","?","R","$","E","T","M","M","?","M","M","R","B",null,"R","$","E","B"],"character_chosen":"DEFECT","items_purchased":["Apotheosis","Self Repair","Strange Spoon","Defragment","Vajra","Juzu Bracelet","ClockworkSouvenir","Cold Snap"],"campfire_rested":1,"item_purchase_floors":[0,0,0,24,24,41,41,53],"current_hp_per_floor":[75,75,73,73,75,53,53,39,39,61,65,74,74,67,67,46,75,75,75,75,77,77,77,77,77,77,91,85,93,95,95,95,72,96,99,99,100,98,85,85,85,80,80,83,86,86,68,88,88,80,116,116,116,99,0,0],"gold":98,"neow_bonus":"","is_daily":false,"chose_seed":false,"campfire_upgraded":7,"win_rate":0.0,"timestamp":1612992383,"path_taken":["M","?","?","?","M","E","R","M","T","R","M","E","?","?","R","BOSS","M","?","?","M","?","R","$","R","T","?","M","?","E","?","R","BOSS","M","?","M","?","?","R","?","E","T","M","M","?","M","M","R","BOSS","R","$","E","BOSS"],"items_purchased_type":["Card","Card","Relic","Card","Relic","Relic","Relic","Card"],"build_version":"2020-12-22","purchased_purges":1,"victory":false,"max_hp_per_floor":[75,75,75,75,75,75,75,75,75,75,75,75,75,75,75,75,75,75,75,75,77,77,77,77,77,77,91,91,93,95,95,95,96,96,99,99,100,103,106,106,106,109,109,110,113,113,114,115,115,116,116,116,116,117,117,117],"card_choices":[{"not_picked":["Gash","Go for the Eyes"],"picked":"Conserve Battery","floor":1},{"not_picked":["Bandage Up","Impatience"],"picked":"The Bomb","floor":2},{"not_picked":["Ball Lightning","White Noise"],"picked":"Doom and Gloom","floor":3},{"not_picked":["Ball Lightning","Rebound"],"picked":"Genetic Algorithm","floor":5},{"not_picked":["Static Discharge","Compile Driver"],"picked":"Aggregate","floor":6},{"not_picked":["White Noise","Tempest"],"picked":"Auto Shields","floor":8},{"not_picked":["Gash","Compile Driver"],"picked":"Machine Learning","floor":11},{"not_picked":["FTL","Redo"],"picked":"Streamline","floor":12},{"not_picked":["Amplify","Hyperbeam"],"picked":"Buffer","floor":16},{"not_picked":["Fusion","BootSequence+1","Storm"],"picked":"SKIP","floor":18},{"not_picked":["Conserve Battery","Self Repair","Leap"],"picked":"Singing Bowl","floor":21},{"not_picked":["Beam Cell","Rip and Tear+1"],"picked":"Streamline","floor":28},{"not_picked":["Sweeping Beam","Turbo","Fusion"],"picked":"Singing Bowl","floor":29},{"not_picked":["Barrage","Heatsinks","Go for the Eyes"],"picked":"Singing Bowl","floor":30},{"not_picked":["Reboot","Thunder Strike"],"picked":"Rainbow","floor":33},{"not_picked":["Auto Shields","Barrage+1","Steam"],"picked":"Singing Bowl","floor":35},{"not_picked":["Hologram+1","Cold Snap"],"picked":"Chaos+1","floor":37},{"not_picked":["Beam Cell+1","Static Discharge+1","Leap"],"picked":"Singing Bowl","floor":38},{"not_picked":["Rebound","Hologram+1","Leap+1"],"picked":"Singing Bowl","floor":39},{"not_picked":["Hyperbeam","Beam Cell+1","Redo"],"picked":"Singing Bowl","floor":42},{"not_picked":["Ball Lightning","Hologram"],"picked":"White Noise+1","floor":44},{"not_picked":["Rebound","Barrage","Hologram"],"picked":"Singing Bowl","floor":45},{"not_picked":["FTL+1","Beam Cell+1"],"picked":"Echo Form","floor":47},{"not_picked":["Heatsinks","Aggregate+1"],"picked":"Cold Snap+1","floor":48},{"not_picked":["Gash+1","Beam Cell"],"picked":"Reinforced Body+1","floor":54}],"player_experience":168560,"relics_obtained":[{"floor":6,"key":"StrikeDummy"},{"floor":9,"key":"potionbrewer:MortarAndPestle"},{"floor":12,"key":"Pantograph"},{"floor":13,"key":"Mummified Hand"},{"floor":20,"key":"Singing Bowl"},{"floor":26,"key":"Gremlin Horn"},{"floor":27,"key":"Mango"},{"floor":30,"key":"Anchor"},{"floor":39,"key":"Emotion Chip"},{"floor":42,"key":"Torii"},{"floor":54,"key":"Akabeko"}],"event_choices":[{"damage_healed":0,"gold_gain":1,"player_choice":"1","damage_taken":0,"max_hp_gain":0,"max_hp_loss":0,"event_name":"betterStone:BetterStone","floor":2,"gold_loss":0},{"damage_healed":0,"gold_gain":0,"player_choice":"Grow","damage_taken":0,"max_hp_gain":0,"max_hp_loss":0,"event_name":"Living Wall","floor":4,"gold_loss":0,"cards_upgraded":["Apotheosis"]},{"cards_removed":["Defend_B"],"damage_healed":0,"gold_gain":0,"player_choice":"Card Removal","damage_taken":7,"max_hp_gain":0,"max_hp_loss":0,"event_name":"Golden Wing","floor":14,"gold_loss":0},{"damage_healed":0,"gold_gain":0,"player_choice":"Gave Potion","damage_taken":0,"relics_obtained":["Toy Ornithopter"],"max_hp_gain":0,"max_hp_loss":0,"event_name":"WeMeetAgain","floor":19,"gold_loss":0},{"cards_removed":["Defend_B"],"damage_healed":0,"gold_gain":0,"player_choice":"Offered Basic","damage_taken":0,"max_hp_gain":0,"max_hp_loss":0,"event_name":"Bonfire Elementals","floor":22,"gold_loss":0},{"damage_healed":0,"gold_gain":0,"player_choice":"Relic","damage_taken":0,"max_hp_gain":0,"max_hp_loss":0,"event_name":"Wheel of Change","floor":27,"gold_loss":0},{"damage_healed":0,"gold_gain":0,"player_choice":"Trade","damage_taken":0,"relics_obtained":["FaceOfCleric"],"max_hp_gain":0,"max_hp_loss":0,"event_name":"FaceTrader","floor":31,"gold_loss":0},{"cards_removed":["Apotheosis"],"damage_healed":0,"gold_gain":0,"player_choice":"Give","damage_taken":0,"max_hp_gain":0,"max_hp_loss":0,"event_name":"betterNote:BetterNote","floor":36,"gold_loss":0,"cards_obtained":["Bouncing Flask"]},{"damage_healed":0,"gold_gain":0,"player_choice":"Fight","damage_taken":0,"max_hp_gain":0,"max_hp_loss":0,"event_name":"MindBloom","floor":39,"gold_loss":0},{"cards_removed":["Defend_B"],"damage_healed":0,"gold_gain":0,"player_choice":"Removed Skill","damage_taken":0,"max_hp_gain":0,"max_hp_loss":0,"event_name":"Falling","floor":46,"gold_loss":0}],"is_beta":false,"boss_relics":[{"not_picked":["Runesmith:UraniumAnvil","Philosopher\u0027s Stone"],"picked":"Nuclear Battery"},{"not_picked":["Pandora\u0027s Box","Empty Cage"],"picked":"potionbrewer:BhaskarasWheel"}],"items_purged_floors":[24],"is_endless":false,"potions_floor_spawned":[1,5,16,21,28,33,35,38,44,48],"killed_by":"The Heart","ascension_level":0}}