{"host":"kqjncq1jgqa58i7s","time":1612962194,"event":{"mods":["AchievementEnabler","BaseMod","Colored Map","Minty Spire (QoL Compilation)","Relic Stats"],"gold_per_floor":[116,132,146,161,161,161,188,188,237,270,270,286,311,50,50,126,126,141,161,211,211,229,229,262,279,352,352,367,383,383,394,394,468,468,486,501,512,18,30,63,63,338,338,353,13,23,23,39,39,39,39,39],"floor_reached":51,"language":"ENG","playtime":3189,"items_purged":["Strike_P"],"score":1521,"play_id":"c704a7a3-2748-4c2e-9567-856dfd50c929","local_time":"20210210140314","is_ascension_mode":true,"campfire_choices":[{"data":"Eruption","floor":6.0,"key":"SMITH"},{"data":"Fasting2","floor":15.0,"key":"SMITH"},{"data":"Omniscience","floor":23.0,"key":"SMITH"},{"floor":27.0,"key":"REST"},{"floor":30.0,"key":"REST"},{"floor":32.0,"key":"REST"},{"floor":47.0,"key":"REST"},{"floor":49,"key":"REST"}],"circlet_count":0,"master_deck":["AscendersBane","Strike_P","Defend_P","Defend_P","Defend_P","Defend_P","Eruption+1","Vigilance","Consecrate","FollowUp","Indignation","BattleHymn","Evaluate","DeusExMachina","Fasting2+1","Omniscience+1","MasterReality","Tantrum","Crescendo+1","DeceiveReality","WaveOfTheHand","Omniscience","TalkToTheHand","Master of Strategy","SpiritShield","TalkToTheHand","ClearTheMind"],"relics":["SlaversCollar","Omamori","Ancient Tea Set","Anchor","Darkstone Periapt","StrikeDummy","ClockworkSouvenir","Sozu","Smiling Mask","Sundial","Cursed Key","Strange Spoon","Blood Vial","Shovel"],"acts_visited":["Exordium","TheCity","TheBeyond"],"potions_floor_usage":[],"damage_taken":[{"damage":9.0,"enemies":"Cultist","floor":1.0,"turns":5.0},{"damage":0.0,"enemies":"Small Slimes","floor":2.0,"turns":2.0},{"damage":0.0,"enemies":"Jaw Worm","floor":3.0,"turns":4.0},{"damage":3.0,"enemies":"Blue Slaver","floor":4.0,"turns":4.0},{"damage":0.0,"enemies":"Gremlin Nob","floor":7.0,"turns":2.0},{"damage":14.0,"enemies":"3 Sentries","floor":10.0,"turns":4.0},{"damage":10.0,"enemies":"Lots of Slimes","floor":12.0,"turns":4.0},{"damage":8.0,"enemies":"Gremlin Nob","floor":13.0,"turns":3.0},{"damage":0.0,"enemies":"Hexaghost","floor":16.0,"turns":5.0},{"damage":4.0,"enemies":"3 Byrds","floor":18.0,"turns":6.0},{"damage":0.0,"enemies":"Chosen","floor":19.0,"turns":4.0},{"damage":1.0,"enemies":"Centurion and Healer","floor":22.0,"turns":4.0},{"damage":30.0,"enemies":"Slavers","floor":24.0,"turns":4.0},{"damage":15.0,"enemies":"Cultist and Chosen","floor":25.0,"turns":4.0},{"damage":8.0,"enemies":"Snake Plant","floor":28.0,"turns":4.0},{"damage":10.0,"enemies":"Snecko","floor":29.0,"turns":3.0},{"damage":0.0,"enemies":"Chosen and Byrds","floor":31.0,"turns":3.0},{"damage":34.0,"enemies":"Collector","floor":33.0,"turns":6.0},{"damage":3.0,"enemies":"Orb Walker","floor":35.0,"turns":5.0},{"damage":0.0,"enemies":"3 Shapes","floor":36.0,"turns":3.0},{"damage":1.0,"enemies":"Spire Growth","floor":37.0,"turns":5.0},{"damage":40.0,"enemies":"Jaw Worm Horde","floor":39.0,"turns":4.0},{"damage":6.0,"enemies":"Nemesis","floor":40.0,"turns":5.0},{"damage":0.0,"enemies":"3 Darklings","floor":44.0,"turns":4.0},{"damage":0.0,"enemies":"Spire Growth","floor":46.0,"turns":5.0},{"damage":10,"enemies":"Maw","floor":48,"turns":5},{"damage":22,"enemies":"Donu and Deca","floor":50,"turns":9},{"damage":23,"enemies":"Time Eater","floor":51,"turns":8}],"seed_played":"-372367084423178656","potions_obtained":[{"floor":2.0,"key":"CultistPotion"},{"floor":3.0,"key":"SteroidPotion"},{"floor":10.0,"key":"Regen Potion"},{"floor":13.0,"key":"Energy Potion"}],"is_trial":false,"path_per_floor":["M","M","M","M","?","R","E","T","T","E","$","M","E","$","R","B",null,"M","M","?","?","M","R","E","M","T","R","M","M","R","M","R","B",null,"M","M","M","$","M","E","?","?","T","M","$","M","R","M","R","B","B"],"character_chosen":"WATCHER","items_purchased":["ClockworkSouvenir","Omniscience","TalkToTheHand","Strange Spoon","Master of Strategy","Shovel"],"campfire_rested":5,"item_purchase_floors":[14,14,38,38,38,45],"current_hp_per_floor":[52,52,52,49,42,42,42,42,42,28,28,18,15,15,15,15,55,51,51,51,51,50,50,20,5,5,25,17,7,27,27,47,13,54,51,51,50,50,10,4,4,4,4,6,6,8,28,20,40,20,0,0],"gold":39,"neow_bonus":"BOSS_RELIC","is_daily":false,"chose_seed":false,"campfire_upgraded":3,"win_rate":0.0,"timestamp":1612962194,"path_taken":["M","M","?","M","?","R","E","?","T","E","?","M","E","$","R","BOSS","M","?","?","?","M","R","E","?","T","R","M","M","R","M","R","BOSS","M","M","M","$","M","E","?","?","T","?","?","M","R","M","R","BOSS","BOSS"],"items_purchased_type":["Relic","Card","Card","Relic","Card","Relic"],"build_version":"2020-12-22","purchased_purges":1,"victory":false,"max_hp_per_floor":[68,68,68,68,68,68,68,68,68,68,68,68,68,68,68,68,68,68,68,68,68,68,68,68,68,68,68,68,68,68,68,68,68,68,68,68,68,68,68,68,68,68,68,68,68,68,68,68,68,68,68,68],"relic_stats":{"Darkstone Periapt":0,"Sozu":8,"Blood Vial":10,"Strange Spoon":[52],"Shovel":0,"counters":[28,124],"Sundial":[4],"Smiling Mask":25,"Cursed Key":1,"obtain_stats":[{"Darkstone Periapt":10,"Omamori":7,"Ancient Tea Set":8,"Smiling Mask":24,"Cursed Key":34,"ClockworkSouvenir":14,"Sozu":17,"Blood Vial":40,"SlaversCollar":0,"Strange Spoon":38,"Anchor":9,"Shovel":45,"Sundial":26,"PureWater":0,"StrikeDummy":13},{"Darkstone Periapt":6,"Omamori":5,"Ancient Tea Set":5,"Smiling Mask":13,"Cursed Key":18,"ClockworkSouvenir":8,"Sozu":9,"Blood Vial":23,"SlaversCollar":0,"Strange Spoon":21,"Anchor":5,"Shovel":24,"Sundial":14,"PureWater":0,"StrikeDummy":8},{"Darkstone Periapt":21,"Omamori":17,"Ancient Tea Set":17,"Smiling Mask":51,"Cursed Key":71,"ClockworkSouvenir":28,"Sozu":33,"Blood Vial":93,"SlaversCollar":0,"Strange Spoon":84,"Anchor":17,"Shovel":97,"Sundial":55,"PureWater":0,"StrikeDummy":28}]},"card_choices":[{"not_picked":["CrushJoints","SandsOfTime"],"picked":"Consecrate","floor":1.0},{"not_picked":["Collect","Adaptation"],"picked":"FollowUp","floor":2.0},{"not_picked":["FollowUp","Consecrate","Halt"],"picked":"SKIP","floor":3.0},{"not_picked":["FollowUp","Consecrate"],"picked":"Indignation","floor":4.0},{"not_picked":["FollowUp","Judgement"],"picked":"BattleHymn","floor":7.0},{"not_picked":["PathToVictory","Protect"],"picked":"Evaluate","floor":10.0},{"not_picked":["BowlingBash","Study"],"picked":"DeusExMachina","floor":12.0},{"not_picked":["Prostrate","PathToVictory"],"picked":"Fasting2","floor":13.0},{"not_picked":["Omniscience","SpiritShield"],"picked":"MasterReality","floor":16.0},{"not_picked":["CarveReality","PathToVictory","WindmillStrike"],"picked":"SKIP","floor":18.0},{"not_picked":["JustLucky","Pray"],"picked":"Tantrum","floor":19.0},{"not_picked":["CarveReality","ThirdEye"],"picked":"Crescendo+1","floor":22.0},{"not_picked":["Halt","BowlingBash","ThirdEye"],"picked":"SKIP","floor":24.0},{"not_picked":["PathToVictory","Worship"],"picked":"DeceiveReality","floor":25.0},{"not_picked":["ThirdEye","CrushJoints"],"picked":"Conclude","floor":28.0},{"not_picked":["SashWhip","Vengeance","Crescendo"],"picked":"SKIP","floor":29.0},{"not_picked":["Halt","Consecrate"],"picked":"WaveOfTheHand","floor":31.0},{"not_picked":["Judgement","ConjureBlade"],"picked":"Omniscience","floor":33.0},{"not_picked":["EmptyFist","Fasting2","WindmillStrike"],"picked":"SKIP","floor":35.0},{"not_picked":["CutThroughFate+1","WheelKick","SashWhip"],"picked":"SKIP","floor":36.0},{"not_picked":["FollowUp+1","Wireheading","FlurryOfBlows"],"picked":"SKIP","floor":37.0},{"not_picked":["BowlingBash","PathToVictory","EmptyFist"],"picked":"SKIP","floor":39.0},{"not_picked":["ReachHeaven","MentalFortress"],"picked":"SpiritShield","floor":40.0},{"not_picked":["Crescendo","BowlingBash"],"picked":"TalkToTheHand","floor":44.0},{"not_picked":["BowlingBash","Vengeance"],"picked":"ClearTheMind","floor":46.0},{"not_picked":["Swivel+1","Consecrate+1","Worship"],"picked":"SKIP","floor":48}],"player_experience":1672133,"relics_obtained":[{"floor":7.0,"key":"Omamori"},{"floor":8.0,"key":"Ancient Tea Set"},{"floor":9.0,"key":"Anchor"},{"floor":10.0,"key":"Darkstone Periapt"},{"floor":13.0,"key":"StrikeDummy"},{"floor":24.0,"key":"Smiling Mask"},{"floor":26.0,"key":"Sundial"},{"floor":40.0,"key":"Blood Vial"}],"event_choices":[{"cards_removed":["Strike_P"],"damage_healed":0.0,"max_hp_gain":0.0,"max_hp_loss":0.0,"gold_gain":0.0,"event_name":"Golden Wing","player_choice":"Card Removal","floor":5.0,"gold_loss":0.0,"damage_taken":7.0},{"damage_healed":0.0,"max_hp_gain":0.0,"max_hp_loss":0.0,"gold_gain":50.0,"event_name":"Nest","player_choice":"Stole From Cult","floor":20.0,"gold_loss":0.0,"damage_taken":0.0},{"cards_removed":["Strike_P"],"damage_healed":0.0,"max_hp_gain":0.0,"max_hp_loss":0.0,"gold_gain":0.0,"event_name":"Purifier","player_choice":"Purged","floor":21.0,"gold_loss":0.0,"damage_taken":0.0},{"cards_removed":["Conclude"],"damage_healed":0.0,"max_hp_gain":0.0,"max_hp_loss":0.0,"gold_gain":0.0,"event_name":"Falling","player_choice":"Removed Attack","floor":41.0,"gold_loss":0.0,"damage_taken":0.0},{"damage_healed":0.0,"max_hp_gain":0.0,"max_hp_loss":0.0,"gold_gain":275.0,"event_name":"Golden Shrine","player_choice":"Desecrate","floor":42.0,"gold_loss":0.0,"damage_taken":0.0,"cards_obtained":["Regret"]}],"is_beta":false,"boss_relics":[{"not_picked":["Astrolabe","Runic Pyramid"],"picked":"Sozu"},{"not_picked":["Velvet Choker","Busted Crown"],"picked":"Cursed Key"}],"items_purged_floors":[38],"is_endless":false,"potions_floor_spawned":[2,3,7,10,13,19,22,33,35,37,40,46,48],"killed_by":"Time Eater","ascension_level":20}}