{"host":"jk128xwopof5cegv","time":1612969251,"event":{"mods":["AchievementEnabler","BaseMod","BetterRewards","Downfall","Gold Saver","Hermit","Minty Spire (QoL Compilation)","Quick Restart","StSLib","The Blackbeard","The Disciple","Wandering Minibosses"],"gold_per_floor":[687,687,699,699,710,738,738,752,775,775,775,775,810,815,815,805,805],"floor_reached":16,"language":"ENG","playtime":1155,"items_purged":[],"score":168,"play_id":"5e9a6da6-ac1c-427a-bf8b-2f41199450a7","local_time":"20210210160051","is_ascension_mode":true,"campfire_choices":[{"data":"Body Slam","floor":7,"key":"SMITH"},{"floor":10,"key":"REST"},{"floor":15,"key":"REST"}],"circlet_count":0,"master_deck":["Strike_R","Strike_R","Strike_R","Strike_R","Defend_R","Defend_R","Defend_R","Defend_R","Bash","Body Slam","Body Slam+1","Thunderclap","Flame Barrier"],"relics":["Burning Blood","Gremlin Horn","Regal Pillow","Bronze Scales","Golden Idol","Boot"],"acts_visited":["Exordium"],"potions_floor_usage":[6,13],"damage_taken":[{"damage":6,"enemies":"Cultist","floor":1,"turns":3},{"damage":3,"enemies":"Jaw Worm","floor":3,"turns":4},{"damage":2,"enemies":"Small Slimes","floor":5,"turns":3},{"damage":75,"enemies":"3 Sentries","floor":6,"turns":18},{"damage":0,"enemies":"3 Louse","floor":8,"turns":3},{"damage":36,"enemies":"Gremlin Nob","floor":13,"turns":5},{"damage":16,"enemies":"Exordium Thugs","floor":14,"turns":7},{"damage":62,"enemies":"The Guardian","floor":16,"turns":15}],"seed_played":"3853838347946106990","potions_obtained":[{"floor":1,"key":"LiquidMemories"},{"floor":6,"key":"BloodPotion"},{"floor":13,"key":"SmokeBomb"}],"is_trial":false,"path_per_floor":["M","?","M","?","M","E","R","M","T","R","?","?","E","M","R","B"],"character_chosen":"IRONCLAD","items_purchased":["Body Slam","Gremlin Horn"],"campfire_rested":2,"item_purchase_floors":[0,0],"current_hp_per_floor":[70,70,73,78,82,13,13,19,19,59,38,38,25,15,55,0,0],"gold":805,"neow_bonus":"","is_daily":false,"chose_seed":false,"campfire_upgraded":1,"win_rate":0.0,"timestamp":1612969251,"path_taken":["M","?","M","?","M","E","R","M","T","R","?","?","E","M","R","BOSS"],"items_purchased_type":["Card","Relic"],"build_version":"2020-12-22","purchased_purges":0,"victory":false,"max_hp_per_floor":[80,80,80,85,85,85,85,85,85,85,85,85,85,85,85,85,85],"card_choices":[{"not_picked":["Blood for Blood","Sword Boomerang","Headbutt"],"picked":"SKIP","floor":1},{"not_picked":["Sword Boomerang","Clothesline"],"picked":"Body Slam","floor":3},{"not_picked":["Perfected Strike","Heavy Blade"],"picked":"Thunderclap","floor":5},{"not_picked":["Perfected Strike","Flex"],"picked":"Flame Barrier","floor":6},{"not_picked":["Bloodletting","Flex","Burning Pact"],"picked":"SKIP","floor":8},{"not_picked":["True Grit","Spot Weakness","Flex"],"picked":"SKIP","floor":13},{"not_picked":["Dropkick","Hemokinesis","Uppercut"],"picked":"SKIP","floor":14}],"player_experience":356183,"relics_obtained":[{"floor":6,"key":"Regal Pillow"},{"floor":9,"key":"Bronze Scales"},{"floor":13,"key":"Boot"}],"event_choices":[{"damage_healed":0,"gold_gain":0,"player_choice":"Ignored","damage_taken":0,"max_hp_gain":0,"max_hp_loss":0,"event_name":"Liars Game","floor":2,"gold_loss":0},{"damage_healed":0,"gold_gain":0,"player_choice":"Donut","damage_taken":0,"max_hp_gain":5,"max_hp_loss":0,"event_name":"Big Fish","floor":4,"gold_loss":0},{"damage_healed":0,"gold_gain":0,"player_choice":"Take Damage","damage_taken":21,"relics_obtained":["Golden Idol"],"max_hp_gain":0,"max_hp_loss":0,"event_name":"Golden Idol","floor":11,"gold_loss":0},{"cards_removed":["Strike_R"],"damage_healed":0,"gold_gain":0,"player_choice":"Offered Basic","damage_taken":0,"max_hp_gain":0,"max_hp_loss":0,"event_name":"Bonfire Elementals","floor":12,"gold_loss":0}],"is_beta":false,"boss_relics":[],"items_purged_floors":[],"is_endless":false,"potions_floor_spawned":[1,6,13],"killed_by":"The Guardian","ascension_level":1}}