{"host":"avfk0uqadyfnr875","time":1612929576,"event":{"mods":["2.2 Compatiblity","Act Like it!","BaseMod","Chen","Colored Powertips","Downfall","Gensokyo","Koishi","KomeijiMod","Marisa£®ÏF”Í°°ƒß¿Ì…≥£©","Minty Spire (QoL Compilation)","Pale of the Ancients","Quick Restart","READ ME - Guardian Mod","Reimu£®≤©¿ˆ¡È√Œ£©","Shop Mod","StSLib","The Administrix","The Animator"],"gold_per_floor":[124,136,136,51,64,364,364],"floor_reached":6,"language":"ZHS","playtime":441,"items_purged":[],"score":47,"play_id":"32445900-05e6-4ff0-a57d-781d800c4d0b","local_time":"20210210115936","is_ascension_mode":true,"campfire_choices":[],"circlet_count":0,"master_deck":["animator:Strike_NoGameNoLife","animator:Defend_NoGameNoLife","animator:Strike","animator:Strike","animator:Strike","animator:Defend","animator:Defend","animator:Defend","animator:DolaSchwi","animator:DolaCouronne","animator:OrikoMikuni","animator:Benimaru","Pain","Gensokyo:TarnishedGold","animator:Entoma"],"relics":["animator:LivingPicture","animator:TheMissingPiece","Incense Burner","Gensokyo:LunaticRedEyes","RuthlessExorcism:ReiMu"],"acts_visited":["Gensokyo:Gensokyo"],"potions_floor_usage":[6],"damage_taken":[{"damage":6,"enemies":"Gensokyo:2_Kodama","floor":1,"turns":4},{"damage":2,"enemies":"Gensokyo:Gryphon","floor":2,"turns":4},{"damage":6,"enemies":"Gensokyo:3_Fairies","floor":5,"turns":4},{"damage":32,"enemies":"Gensokyo:Aya","floor":6,"turns":5}],"seed_played":"-6214444816927036388","potions_obtained":[{"floor":2,"key":"DistilledChaos"}],"is_trial":false,"path_per_floor":["M","M","?","COS","M","E"],"character_chosen":"THE_ANIMATOR","items_purchased":[],"campfire_rested":0,"item_purchase_floors":[],"current_hp_per_floor":[38,36,36,36,30,0,0],"gold":364,"neow_bonus":"ONE_RARE_RELIC","is_daily":false,"chose_seed":false,"campfire_upgraded":0,"win_rate":0.0,"timestamp":1612929576,"path_taken":["M","M","?","COS","M","E"],"items_purchased_type":[],"build_version":"2020-12-22","purchased_purges":0,"victory":false,"max_hp_per_floor":[66,66,66,66,66,66,66],"card_choices":[{"not_picked":["animator:Emonzaemon","animator:IrohaTamaki"],"picked":"animator:OrikoMikuni","floor":1},{"not_picked":["animator:Demiurge","animator:Konayuki"],"picked":"animator:Benimaru","floor":2},{"not_picked":["animator:OrikoMikuni","animator:TukaLunaMarceau"],"picked":"animator:Entoma","floor":5}],"player_experience":379879,"relics_obtained":[],"event_choices":[],"is_beta":false,"boss_relics":[],"items_purged_floors":[],"is_endless":false,"potions_floor_spawned":[2],"killed_by":"Gensokyo:Aya","ascension_level":6}}