{"host":"ogz7heqpirojfnr2","time":1612934492,"event":{"mods":["BaseMod","Downfall","KinomotoSakuraMod(木之本樱)","Lobotomy","LobotomyExtend","Marisa（F雨　魔理沙）","Minty Spire (QoL Compilation)","Remilia（蕾米莉亚）","Replay The Spire","RumiaBox-露米娅的神秘盒子","StSLib","The Animator","The Servant 0.9.4","WarShipGirlsR/战舰少女R mod","Youmu（魂魄妖梦）","Yuri Mod","Yuyuko"],"gold_per_floor":[99,115,130,130,142,167,167,180,226,242,242,242,258,275,275,371,371,382,382,401,401,326,326,326,326,326,343,343,95,125,125,125],"floor_reached":31,"language":"ZHS","playtime":1604,"items_purged":["ReplayTheSpireMod:From All Sides"],"score":324,"play_id":"fcc8898e-0d06-4e9e-9394-e930dc47124d","local_time":"20210210132132","is_ascension_mode":true,"campfire_choices":[{"data":"Infinite Blades","floor":7.0,"key":"SMITH"},{"floor":11.0,"key":"REST"},{"floor":15,"key":"REST"},{"data":"Blade Dance","floor":23,"key":"SMITH"},{"floor":25,"key":"REST"}],"circlet_count":0,"master_deck":["Survivor","Neutralize","Quick Slash","After Image","Infinite Blades+1","Cloak And Dagger","Dagger Spray","Terror","Acrobatics","Venomology","Blade Dance+1","Backflip","Dagger Throw","ReplayTheSpireMod:Shiv Toss","Bullet Time","Venomology","Terror","Blade Dance","Well Laid Plans","Tools of the Trade","A Thousand Cuts","Burst","Prepared","PiercingWail+1","Hidden Blade","Die Die Die","Concentrate","Infinite Blades","Blade Dance"],"relics":["Ring of the Snake","CogitoBucket","Baka","LetterFromLob","Prayer Wheel","GodSword7","Prayer Wheel","Toy Ornithopter","Pandora\u0027s Box","ChaoDraw","Blue Candle","Iron Hammer","Centennial Puzzle"],"acts_visited":["Exordium","TheCity"],"potions_floor_usage":[16,16,16,18,18,27,30,30,30,31],"damage_taken":[{"damage":0.0,"enemies":"Small Slimes","floor":1.0,"turns":3.0},{"damage":4.0,"enemies":"Jaw Worm","floor":2.0,"turns":2.0},{"damage":3.0,"enemies":"Cultist","floor":3.0,"turns":4.0},{"damage":21.0,"enemies":"Lots of Slimes","floor":5.0,"turns":5.0},{"damage":14.0,"enemies":"Gremlin Nob","floor":6.0,"turns":4.0},{"damage":30.0,"enemies":"2 Fungi Beasts","floor":8.0,"turns":5.0},{"damage":0.0,"enemies":"Red Slaver","floor":10.0,"turns":5.0},{"damage":8.0,"enemies":"Large Slime","floor":13.0,"turns":5.0},{"damage":5,"enemies":"Lots of Slimes","floor":14,"turns":2},{"damage":24,"enemies":"Slime Boss","floor":16,"turns":7},{"damage":90,"enemies":"3 Byrds","floor":18,"turns":6},{"damage":22,"enemies":"2 Thieves","floor":20,"turns":2},{"damage":23,"enemies":"Chosen and Byrds","floor":24,"turns":5},{"damage":24,"enemies":"Centurion and Healer","floor":27,"turns":5},{"damage":51,"enemies":"Gremlin Leader","floor":30,"turns":5},{"damage":9,"enemies":"Snecko","floor":31,"turns":4}],"seed_played":"-1053614665515415557","potions_obtained":[{"floor":3.0,"key":"Fire Potion"},{"floor":5.0,"key":"GhostInAJar"},{"floor":10.0,"key":"Weak Potion"},{"floor":13.0,"key":"AttackPotion"},{"floor":16,"key":"Fire Potion"},{"floor":18,"key":"CunningPotion"},{"floor":21,"key":"DuplicationPotion"},{"floor":21,"key":"Toxic Potion"}],"is_trial":false,"path_per_floor":["M","M","M","?","M","E","R","M","T","M","R","?","M","M","R","B",null,"M","?","M","?","$","R","M","R","T","M","?","$","E","M"],"character_chosen":"THE_SILENT","items_purchased":["Iron Hammer"],"campfire_rested":3,"item_purchase_floors":[29],"current_hp_per_floor":[70,66,63,60,59,45,45,15,15,15,34,34,26,21,40,31,57,35,76,54,54,54,54,31,53,53,45,40,40,4,0,0],"gold":125,"neow_bonus":"","is_daily":false,"chose_seed":false,"campfire_upgraded":2,"win_rate":0.0,"timestamp":1612934492,"path_taken":["M","M","M","?","M","E","R","M","T","M","R","?","M","?","R","BOSS","M","?","?","?","$","R","M","R","T","?","?","?","E","M"],"items_purchased_type":["Relic"],"build_version":"2020-12-22","purchased_purges":1,"victory":false,"max_hp_per_floor":[70,70,70,70,66,66,66,66,66,66,66,66,66,66,66,66,66,66,76,76,76,76,76,76,76,76,76,76,76,76,76,76],"card_choices":[{"not_picked":["Tactician","Flechettes","Blur"],"picked":"SKIP","floor":1.0},{"not_picked":["Deadly Poison","ReplayTheSpireMod:Scrap Shanks","Dagger Spray"],"picked":"SKIP","floor":2.0},{"not_picked":["Poisoned Stab","Deadly Poison"],"picked":"Quick Slash","floor":3.0},{"not_picked":["Dagger Spray","Bane"],"picked":"After Image","floor":5.0},{"not_picked":["Setup","Fluid Movement"],"picked":"Infinite Blades","floor":5.0},{"not_picked":["Draining Mist","ReplayTheSpireMod:Shiv Toss"],"picked":"Cloak And Dagger","floor":6.0},{"not_picked":["Underhanded Strike","Deflect"],"picked":"Dagger Spray","floor":8.0},{"not_picked":["Expertise","Deflect"],"picked":"Terror","floor":8.0},{"not_picked":["Prepared","Quick Slash"],"picked":"Acrobatics","floor":10.0},{"not_picked":["Underhanded Strike","Deadly Poison"],"picked":"Venomology","floor":10.0},{"not_picked":["Finisher","Bane","Draining Mist"],"picked":"SKIP","floor":10.0},{"not_picked":["Bouncing Flask","Outmaneuver"],"picked":"Blade Dance","floor":13.0},{"not_picked":["Concentrate","Draining Mist"],"picked":"Backflip","floor":13.0},{"not_picked":["Skewer","Dagger Spray","Dodge and Roll"],"picked":"SKIP","floor":13.0},{"not_picked":["Expertise","Calculated Gamble"],"picked":"Dagger Throw","floor":14},{"not_picked":["Slice","Poisoned Stab"],"picked":"ReplayTheSpireMod:Shiv Toss","floor":14},{"not_picked":["Caltrops","Predator","Bane"],"picked":"SKIP","floor":14},{"not_picked":["ReplayTheSpireMod:From All Sides","Venomology"],"picked":"Bullet Time","floor":16},{"not_picked":["Backflip","Flying Knee"],"picked":"PiercingWail+1","floor":18},{"not_picked":["Slice","Deadly Poison"],"picked":"Hidden Blade","floor":18},{"not_picked":["ReplayTheSpireMod:Tripwire+1","Deflect","Acrobatics"],"picked":"SKIP","floor":18},{"not_picked":["Backflip+1","Dash","All Out Attack"],"picked":"SKIP","floor":20},{"not_picked":["Quick Slash","Dash","Underhanded Strike+1"],"picked":"SKIP","floor":20},{"not_picked":["Sucker Punch","Hidden Blade+1","PiercingWail+1"],"picked":"SKIP","floor":20},{"not_picked":["Poisoned Stab","Underhanded Strike"],"picked":"Die Die Die","floor":24},{"not_picked":["Backflip","Reflex"],"picked":"Concentrate","floor":24},{"not_picked":["Draining Mist","Bouncing Flask","Dodge and Roll+1"],"picked":"SKIP","floor":24},{"not_picked":["Predator","Deflect"],"picked":"Infinite Blades","floor":27},{"not_picked":["PiercingWail","Predator","Tactician"],"picked":"SKIP","floor":27},{"not_picked":["Blur","Deflect","All Out Attack"],"picked":"SKIP","floor":27},{"not_picked":["Draining Mist+1","Acrobatics+1"],"picked":"Blade Dance","floor":30}],"player_experience":125717,"relics_obtained":[{"floor":1.0,"key":"Baka"},{"floor":3.0,"key":"LetterFromLob"},{"floor":6.0,"key":"GodSword7"},{"floor":8.0,"key":"Prayer Wheel"},{"floor":9.0,"key":"Toy Ornithopter"},{"floor":26,"key":"ChaoDraw"},{"floor":30,"key":"Centennial Puzzle"}],"event_choices":[{"damage_healed":0.0,"max_hp_gain":0.0,"max_hp_loss":0.0,"gold_gain":0.0,"event_name":"Scrap Ooze","player_choice":"Success","floor":4.0,"gold_loss":0.0,"damage_taken":3.0,"relics_obtained":["Prayer Wheel"]},{"damage_healed":0.0,"max_hp_gain":0.0,"max_hp_loss":0.0,"gold_gain":0.0,"event_name":"The Woman in Blue","player_choice":"Bought 0 Potions","floor":12.0,"gold_loss":0.0,"damage_taken":0.0},{"cards_removed":["Poison Darts"],"damage_healed":31,"gold_gain":0,"player_choice":"Offered Rare","damage_taken":0,"max_hp_gain":10,"max_hp_loss":0,"event_name":"Bonfire Elementals","floor":19,"gold_loss":0},{"damage_healed":0,"gold_gain":0,"player_choice":"Got Potions","damage_taken":0,"max_hp_gain":0,"max_hp_loss":0,"event_name":"Lab","floor":21,"gold_loss":0}],"is_beta":false,"boss_relics":[{"not_picked":["Snecko Eye","Ectoplasm"],"picked":"Pandora\u0027s Box"}],"items_purged_floors":[22],"is_endless":false,"potions_floor_spawned":[3,5,10,13,16,18,24],"killed_by":"Snecko","ascension_level":5}}