{"host":"3498uni0c31c9bdm","time":1612921088,"event":{"mods":["BaseMod","Better Match","Better Note","Better Sensory Stone","Better Skull","Better Third Choice","Colored Map","Minty Spire (QoL Compilation)","Quick Restart","RNG Fix","Random Character Button","Replay The Spire","Shop Mod","Smile Girya","StSLib","Unceasing Turn Reminder"],"gold_per_floor":[117,135,135,145,157,157,187,187,187,187,187,187,38,58,58,76,76,154,154,169,184,184,184,184,212,212,251,251,277,277,346,365,384,384,384,384],"floor_reached":35,"language":"ENG","playtime":763,"items_purged":[],"score":531,"play_id":"bc2820ca-2411-454a-8e7a-f916e85d419f","local_time":"20210210123808","is_ascension_mode":true,"campfire_choices":[{"floor":6,"key":"RECALL"},{"floor":15,"key":"REST"},{"floor":17,"key":"REST"},{"floor":26,"key":"REST"},{"floor":30,"key":"REST"},{"floor":34,"key":"DIG"}],"circlet_count":0,"master_deck":["AscendersBane","Strike_B","Strike_B","Strike_B","Strike_B","Defend_B+1","Defend_B","Defend_B+1","Defend_B","Zap","White Noise","ReplayGash","Bash","Flex","Limit Break","Regret","Barrage","Static Discharge","ReplayTheSpireMod:Omega Cannon","Loop","Panic Button+1","Limit Break","Thunder Strike","Sweeping Beam","Crystallizer","ReplayTheSpireMod:Splinters","Ball Lightning+1","Conserve Battery","Loop"],"relics":["NeowsBlessing","Iron Core","Lantern","Cables","Juzu Bracelet","Carrot","Blue Doll","Black Star","MutagenicStrength","Gremlin Food","Nunchaku","Orichalcum","CeramicFish","MealTicket","Dream Catcher","Replay:Wax Seal"],"acts_visited":["Exordium","TheCity"],"potions_floor_usage":[7,7,35,35],"damage_taken":[{"damage":0,"enemies":"2 Louse","floor":1,"turns":1},{"damage":0,"enemies":"Jaw Worm","floor":2,"turns":1},{"damage":0,"enemies":"Cultist","floor":4,"turns":1},{"damage":7,"enemies":"Looter","floor":5,"turns":4},{"damage":28,"enemies":"Gremlin Nob","floor":7,"turns":4},{"damage":4,"enemies":"3 Louse","floor":14,"turns":2},{"damage":16,"enemies":"2 Fungi Beasts","floor":16,"turns":3},{"damage":38,"enemies":"Hexaghost","floor":18,"turns":5},{"damage":11,"enemies":"2 Thieves","floor":20,"turns":2},{"damage":14,"enemies":"Shell Parasite","floor":21,"turns":2},{"damage":0,"enemies":"Slavers","floor":25,"turns":1},{"damage":17,"enemies":"Gremlin Leader","floor":27,"turns":4},{"damage":0,"enemies":"Sentry and Sphere","floor":29,"turns":2},{"damage":38,"enemies":"Snake Plant","floor":32,"turns":3},{"damage":4,"enemies":"Chosen and Byrds","floor":33,"turns":3},{"damage":22,"enemies":"Collector","floor":35,"turns":3}],"seed_played":"5956666824596451675","potions_obtained":[{"floor":2,"key":"PowerPotion"},{"floor":4,"key":"PowerPotion"},{"floor":25,"key":"Swift Potion"},{"floor":27,"key":"Block Potion"}],"is_trial":false,"path_per_floor":["M","M","?","M","M","R","E","PTL","PTL","?","T","?","$","M","R","M","R_BF","B",null,"M","M","?","?","?","E","R","E","T","M","R","?","M","M","R_BF","B"],"character_chosen":"DEFECT","items_purchased":["Blue Doll"],"campfire_rested":4,"item_purchase_floors":[13],"current_hp_per_floor":[68,68,68,68,61,61,33,33,33,33,33,33,33,29,51,35,57,19,61,50,36,36,36,36,36,58,41,41,41,63,63,25,21,21,0,0],"gold":384,"neow_bonus":"THREE_ENEMY_KILL","is_daily":false,"chose_seed":false,"campfire_upgraded":0,"win_rate":0.0,"timestamp":1612921088,"path_taken":["M","M","?","M","M","R","E","PTL","PTL","?","T","?","$","M","R","M","R_BF","BOSS","M","M","?","?","?","E","R","E","T","M","R","?","M","M","R_BF","BOSS"],"items_purchased_type":["Relic"],"build_version":"2020-12-22","purchased_purges":0,"victory":false,"max_hp_per_floor":[75,75,75,75,75,75,75,75,75,75,75,75,75,75,75,75,75,75,75,75,75,75,75,75,75,75,75,75,75,75,75,75,75,75,75,75],"card_choices":[{"not_picked":["Redo","Storm"],"picked":"White Noise","floor":1},{"not_picked":["Streamline","Reinforced Body"],"picked":"ReplayGash","floor":2},{"not_picked":["Headbutt","Steam"],"picked":"Panic Button","floor":4},{"not_picked":["Steam","Hologram"],"picked":"Flex","floor":5},{"not_picked":["Body Slam","Hello World"],"picked":"Limit Break","floor":7},{"not_picked":["Compile Driver","Body Slam"],"picked":"Barrage","floor":14},{"not_picked":["Cold Snap","Clash"],"picked":"Static Discharge","floor":16},{"not_picked":["Hyperbeam","Seek"],"picked":"ReplayTheSpireMod:Omega Cannon","floor":18},{"not_picked":["Coolheaded","Panic Button"],"picked":"Loop","floor":20},{"not_picked":["Darkness","Doom and Gloom+1"],"picked":"Panic Button+1","floor":21},{"not_picked":["Double Energy+1","Panic Button+1"],"picked":"Thunder Strike","floor":25},{"not_picked":["Conserve Battery","Defragment"],"picked":"Sweeping Beam","floor":27},{"not_picked":["Undo","Loop"],"picked":"Crystallizer","floor":29},{"not_picked":["Scrape","Blizzard"],"picked":"Ball Lightning+1","floor":31},{"not_picked":["Gash","Steam Power"],"picked":"Conserve Battery","floor":32},{"not_picked":["Steam+1","FTL"],"picked":"Loop","floor":33}],"player_experience":881503,"relics_obtained":[{"floor":7,"key":"Lantern"},{"floor":11,"key":"Juzu Bracelet"},{"floor":25,"key":"Gremlin Food"},{"floor":25,"key":"Nunchaku"},{"floor":27,"key":"Orichalcum"},{"floor":27,"key":"CeramicFish"},{"floor":28,"key":"MealTicket"},{"floor":31,"key":"Dream Catcher"},{"floor":34,"key":"Replay:Wax Seal"}],"event_choices":[{"cards_removed":["Panic Button"],"damage_healed":0,"gold_gain":0,"player_choice":"Gave Card","damage_taken":0,"relics_obtained":["Cables"],"max_hp_gain":0,"max_hp_loss":0,"event_name":"WeMeetAgain","floor":10,"gold_loss":0},{"damage_healed":0,"gold_gain":0,"player_choice":"Box","damage_taken":0,"relics_obtained":["Carrot"],"max_hp_gain":0,"max_hp_loss":0,"event_name":"Big Fish","floor":12,"gold_loss":0,"cards_obtained":["Regret"]},{"damage_healed":0,"gold_gain":0,"player_choice":"Copied","damage_taken":0,"max_hp_gain":0,"max_hp_loss":0,"event_name":"Duplicator","floor":22,"gold_loss":0,"cards_obtained":["Limit Break"]},{"damage_healed":0,"gold_gain":0,"player_choice":"Ignored","damage_taken":0,"max_hp_gain":0,"max_hp_loss":0,"event_name":"Ghosts","floor":23,"gold_loss":0},{"damage_healed":0,"gold_gain":0,"player_choice":"Inject Mutagens","damage_taken":0,"relics_obtained":["MutagenicStrength"],"max_hp_gain":0,"max_hp_loss":0,"event_name":"Drug Dealer","floor":24,"gold_loss":0}],"is_beta":false,"boss_relics":[{"not_picked":["Replay:Wanted Poster","Replay:Drink Me"],"picked":"Black Star"}],"items_purged_floors":[],"is_endless":false,"potions_floor_spawned":[2,4,5,25,27,33],"killed_by":"Collector","ascension_level":13}}