{"host":"gobyjzz6xbwq9f9i","time":1612938881,"event":{"mods":["AchievementEnabler","BaseMod","Bestiary","Colored Map","Minty Spire (QoL Compilation)","Relic Stats"],"gold_per_floor":[116,130,142,217,182,182,202,229,229,262,282,282,282,297,297,399,399,410,97,97,97,112,123,133,133,209,219,235,264,281,33,33,33,33],"floor_reached":33,"language":"ENG","playtime":1225,"items_purged":["Strike_B"],"score":497,"play_id":"7fb8aefb-3262-45e5-9f5d-65569da61d77","local_time":"20210209223441","is_ascension_mode":true,"campfire_choices":[{"data":"Cold Snap","floor":6,"key":"SMITH"},{"data":"Barrage","floor":12,"key":"SMITH"},{"data":"Rainbow","floor":15,"key":"SMITH"},{"data":"Hologram","floor":25,"key":"SMITH"},{"data":"Coolheaded","floor":32,"key":"SMITH"}],"circlet_count":0,"master_deck":["AscendersBane","Strike_B","Strike_B","Defend_B","Defend_B","Defend_B","Defend_B","Zap","Dualcast","Leap","Genetic Algorithm","Scrape","Cold Snap+1","FTL+1","Barrage+1","Steam","Compile Driver+1","Rainbow+1","Electrodynamics+1","Turbo","Skim","Hologram+1","Coolheaded+1","Consume+1","Stack+1","Blind"],"relics":["Cracked Core","Meat on the Bone","Question Card","Symbiotic Virus","Philosopher\u0027s Stone","HornCleat","InkBottle","Whetstone","Lee\u0027s Waffle"],"acts_visited":["Exordium","TheCity"],"potions_floor_usage":[8,16,16,29,29],"damage_taken":[{"damage":3,"enemies":"2 Louse","floor":1,"turns":4},{"damage":4,"enemies":"Small Slimes","floor":2,"turns":4},{"damage":0,"enemies":"Cultist","floor":3,"turns":3},{"damage":3,"enemies":"2 Fungi Beasts","floor":7,"turns":4},{"damage":38,"enemies":"Lagavulin","floor":8,"turns":7},{"damage":8,"enemies":"3 Sentries","floor":10,"turns":6},{"damage":0,"enemies":"Blue Slaver","floor":11,"turns":3},{"damage":5,"enemies":"Looter","floor":14,"turns":2},{"damage":0,"enemies":"Slime Boss","floor":16,"turns":6},{"damage":14,"enemies":"Shell Parasite","floor":18,"turns":4},{"damage":0,"enemies":"Spheric Guardian","floor":22,"turns":3},{"damage":0,"enemies":"Cultist and Chosen","floor":23,"turns":4},{"damage":7,"enemies":"Snake Plant","floor":24,"turns":4},{"damage":1,"enemies":"3 Cultists","floor":27,"turns":4},{"damage":19,"enemies":"Snecko","floor":28,"turns":4},{"damage":26,"enemies":"Book of Stabbing","floor":29,"turns":7},{"damage":0,"enemies":"Centurion and Healer","floor":30,"turns":4},{"damage":83,"enemies":"Automaton","floor":33,"turns":16}],"seed_played":"-8009907714212306532","potions_obtained":[{"floor":1,"key":"SkillPotion"},{"floor":10,"key":"LiquidMemories"},{"floor":11,"key":"Regen Potion"},{"floor":14,"key":"AttackPotion"},{"floor":23,"key":"DistilledChaos"},{"floor":28,"key":"AttackPotion"},{"floor":29,"key":"Fire Potion"},{"floor":30,"key":"CultistPotion"}],"is_trial":false,"path_per_floor":["M","M","M","?","?","R","M","E","T","E","M","R","?","M","R","B",null,"M","$","?","?","M","M","M","R","T","M","M","E","M","$","R","B"],"character_chosen":"DEFECT","items_purchased":["HornCleat","Lee\u0027s Waffle","Blind"],"campfire_rested":0,"item_purchase_floors":[19,31,31],"current_hp_per_floor":[65,61,61,50,68,68,65,27,27,31,43,43,36,43,43,43,67,53,53,53,53,53,53,46,46,46,45,38,24,36,82,82,0,0],"gold":33,"neow_bonus":"THREE_CARDS","is_daily":false,"chose_seed":false,"campfire_upgraded":5,"win_rate":0.0,"timestamp":1612938881,"path_taken":["M","M","M","?","?","R","M","E","T","E","M","R","?","M","R","BOSS","M","$","?","?","M","?","M","R","T","M","M","E","M","$","R","BOSS"],"items_purchased_type":["Relic","Relic","Card"],"build_version":"2020-12-22","purchased_purges":1,"victory":false,"max_hp_per_floor":[75,75,75,75,75,75,75,75,75,75,75,75,75,75,75,75,75,75,75,75,75,75,75,75,75,75,75,75,75,75,82,82,82,82],"relic_stats":{"Lee\u0027s Waffle":46,"counters":[18,89],"Whetstone":["FTL","Compile Driver"],"Question Card":12,"obtain_stats":[{"Lee\u0027s Waffle":31,"HornCleat":19,"Philosopher\u0027s Stone":17,"Whetstone":29,"Cracked Core":0,"Question Card":9,"Symbiotic Virus":10,"InkBottle":26,"Meat on the Bone":8},{"Lee\u0027s Waffle":17,"HornCleat":10,"Philosopher\u0027s Stone":9,"Whetstone":16,"Cracked Core":0,"Question Card":5,"Symbiotic Virus":6,"InkBottle":13,"Meat on the Bone":5},{"Lee\u0027s Waffle":73,"HornCleat":43,"Philosopher\u0027s Stone":39,"Whetstone":69,"Cracked Core":0,"Question Card":22,"Symbiotic Virus":28,"InkBottle":54,"Meat on the Bone":22}],"InkBottle":[14],"Meat on the Bone":72},"card_choices":[{"not_picked":["Double Energy","Consume"],"picked":"Leap","floor":0},{"not_picked":["Go for the Eyes","Stack"],"picked":"Genetic Algorithm","floor":1},{"not_picked":["Stack","Go for the Eyes"],"picked":"Scrape","floor":2},{"not_picked":["Skim","Loop"],"picked":"Cold Snap","floor":3},{"not_picked":["Chill","Force Field"],"picked":"FTL","floor":7},{"not_picked":["Skim","Conserve Battery"],"picked":"Barrage","floor":8},{"not_picked":["Conserve Battery","Reprogram","Loop"],"picked":"Steam","floor":10},{"not_picked":["Steam Power","Melter","Streamline"],"picked":"Compile Driver","floor":11},{"not_picked":["Conserve Battery","Stack","Beam Cell"],"picked":"Rainbow","floor":14},{"not_picked":["Buffer","Creative AI","Thunder Strike"],"picked":"Electrodynamics","floor":16},{"not_picked":["Leap","Barrage","Compile Driver"],"picked":"Turbo","floor":18},{"not_picked":["Compile Driver","Hologram","Chaos"],"picked":"Skim","floor":22},{"not_picked":["Consume","Gash","Redo"],"picked":"Hologram","floor":23},{"not_picked":["Tempest","Darkness","Steam","BootSequence"],"picked":"SKIP","floor":24},{"not_picked":["Fission","Darkness","Cold Snap"],"picked":"Coolheaded","floor":27},{"not_picked":["Leap","Turbo","Streamline"],"picked":"Consume+1","floor":28},{"not_picked":["Rip and Tear","Leap","Hyperbeam","Barrage+1"],"picked":"SKIP","floor":29},{"not_picked":["Steam","Compile Driver","Steam Power"],"picked":"Stack+1","floor":30}],"player_experience":1330502,"relics_obtained":[{"floor":8,"key":"Meat on the Bone"},{"floor":9,"key":"Question Card"},{"floor":10,"key":"Symbiotic Virus"},{"floor":26,"key":"InkBottle"},{"floor":29,"key":"Whetstone"}],"event_choices":[{"damage_healed":0,"gold_gain":75,"player_choice":"Gather Gold","damage_taken":11,"max_hp_gain":0,"max_hp_loss":0,"event_name":"World of Goop","floor":4,"gold_loss":0},{"damage_healed":18,"gold_gain":0,"player_choice":"Healed","damage_taken":0,"max_hp_gain":0,"max_hp_loss":0,"event_name":"The Cleric","floor":5,"gold_loss":35},{"cards_removed":["Strike_B"],"damage_healed":0,"gold_gain":0,"player_choice":"Card Removal","damage_taken":7,"max_hp_gain":0,"max_hp_loss":0,"event_name":"Golden Wing","floor":13,"gold_loss":0},{"damage_healed":0,"gold_gain":0,"player_choice":"Ignored","damage_taken":0,"max_hp_gain":0,"max_hp_loss":0,"event_name":"Ghosts","floor":20,"gold_loss":0},{"damage_healed":0,"gold_gain":0,"player_choice":"Forge","damage_taken":0,"max_hp_gain":0,"max_hp_loss":0,"event_name":"Accursed Blacksmith","floor":21,"gold_loss":0,"cards_upgraded":["Electrodynamics"]}],"is_beta":false,"boss_relics":[{"not_picked":["Velvet Choker","Inserter"],"picked":"Philosopher\u0027s Stone"}],"items_purged_floors":[19],"is_endless":false,"potions_floor_spawned":[1,10,11,14,23,28,29,30],"killed_by":"Automaton","ascension_level":10}}