{"host":"nlbr7nnijupf3yfg","time":1612916002,"event":{"mods":["AchievementEnabler","BaseMod","Colored Powertips","DeckTracker","Hubris","Minty Spire (QoL Compilation)","Replay The Spire","StSLib","SuperFastMode"],"gold_per_floor":[114,75,23,37,112,145,145,161,185,185,219,235,18,18,18,113,113,129,140,140,152,152,179,179,179,179],"floor_reached":25,"language":"ENG","playtime":381,"items_purged":[],"score":356,"play_id":"6f0ed2cd-9be5-43a9-85b5-775847a36b99","local_time":"20210209191322","is_ascension_mode":true,"campfire_choices":[{"data":"Twin Strike","floor":7,"key":"SMITH"},{"floor":15,"key":"REST"},{"floor":24,"key":"REST"}],"circlet_count":0,"master_deck":["Strike_R","Strike_R","Strike_R","Strike_R","Defend_R+1","Defend_R","Defend_R","Defend_R","Bash","Pommel Strike","Carnage","Twin Strike+1","Heavy Blade","Spot Weakness","Whirlwind","Clothesline","Inflame","Hemogenesis","Anger","Whirlwind+1","Dual Wield","Dropkick+1","Flame Barrier"],"relics":["Burning Blood","NeowsBlessing","Lantern","Blood Vial","hubris:OldNail","King of Hearts","Blue Doll","Replay:Bottled Snecko","Sozu","Nunchaku"],"acts_visited":["Exordium","TheCity"],"potions_floor_usage":[16,25],"damage_taken":[{"damage":0,"enemies":"Cultist","floor":1,"turns":1},{"damage":0,"enemies":"Small Slimes","floor":4,"turns":1},{"damage":0,"enemies":"Gremlin Nob","floor":6,"turns":1},{"damage":0,"enemies":"2 Louse","floor":8,"turns":1},{"damage":50,"enemies":"3 Sentries","floor":11,"turns":7},{"damage":8,"enemies":"Blue Slaver","floor":12,"turns":3},{"damage":55,"enemies":"Hexaghost","floor":16,"turns":8},{"damage":33,"enemies":"Spheric Guardian","floor":18,"turns":4},{"damage":22,"enemies":"2 Thieves","floor":19,"turns":2},{"damage":24,"enemies":"Chosen and Byrds","floor":21,"turns":4},{"damage":8,"enemies":"Replay:Snechameleon","floor":23,"turns":5},{"damage":46,"enemies":"Book of Stabbing","floor":25,"turns":5}],"seed_played":"-3216129983245591838","potions_obtained":[{"floor":4,"key":"SteroidPotion"},{"floor":6,"key":"FearPotion"},{"floor":11,"key":"AttackPotion"},{"floor":16,"key":"Flashbang"}],"is_trial":false,"path_per_floor":["M","$","?","M","?","E","R","M","T","?","E","M","$","T","R","B",null,"M","M","?","M","$","E","R","E"],"character_chosen":"IRONCLAD","items_purchased":["Carnage","Blue Doll","Inflame"],"campfire_rested":2,"item_purchase_floors":[2,13,13],"current_hp_per_floor":[78,78,78,80,69,75,75,80,80,80,36,36,36,36,60,13,63,38,24,24,8,8,13,37,0,0],"gold":179,"neow_bonus":"THREE_ENEMY_KILL","is_daily":false,"chose_seed":false,"campfire_upgraded":1,"win_rate":0.0,"timestamp":1612916002,"path_taken":["M","?","?","?","?","E","R","M","T","?","E","M","$","?","R","BOSS","M","M","?","M","$","E","R","E"],"items_purchased_type":["Card","Relic","Card"],"build_version":"2020-12-22","purchased_purges":0,"victory":false,"max_hp_per_floor":[80,80,80,80,80,80,80,80,80,80,80,80,80,80,80,80,80,80,80,80,80,80,80,80,80,80],"card_choices":[{"not_picked":["Replay:Undeath\u0027s Touch","Clothesline"],"picked":"Pommel Strike","floor":1},{"not_picked":["Run Through","Shrug It Off"],"picked":"Twin Strike","floor":4},{"not_picked":["Carnage","Pommel Strike"],"picked":"Heavy Blade","floor":6},{"not_picked":["Massacre","Corruption"],"picked":"Spot Weakness","floor":8},{"not_picked":["True Grit","ReplayTheSpireMod:Strike From Hell"],"picked":"Whirlwind","floor":11},{"not_picked":["Warcry","Run Through"],"picked":"Clothesline","floor":12},{"not_picked":["Brutality","Demonic Infusion"],"picked":"Hemogenesis","floor":16},{"not_picked":["Massacre","Dual Wield"],"picked":"Anger","floor":18},{"not_picked":["ReplayTheSpireMod:Muscle Training","Wild Strike"],"picked":"Whirlwind+1","floor":19},{"not_picked":["Power Through","Pommel Strike"],"picked":"Dropkick+1","floor":21},{"not_picked":["ReplayTheSpireMod:Corrosion Curse","Massacre"],"picked":"Flame Barrier","floor":23}],"player_experience":44848,"relics_obtained":[{"floor":6,"key":"Blood Vial"},{"floor":9,"key":"hubris:OldNail"},{"floor":11,"key":"King of Hearts"},{"floor":14,"key":"Replay:Bottled Snecko"},{"floor":23,"key":"Nunchaku"}],"event_choices":[{"damage_healed":0,"gold_gain":0,"player_choice":"Paid Gold","damage_taken":0,"relics_obtained":["Lantern"],"max_hp_gain":0,"max_hp_loss":0,"event_name":"WeMeetAgain","floor":3,"gold_loss":52},{"damage_healed":0,"gold_gain":75,"player_choice":"Gather Gold","damage_taken":11,"max_hp_gain":0,"max_hp_loss":0,"event_name":"World of Goop","floor":5,"gold_loss":0},{"damage_healed":0,"gold_gain":0,"cards_transformed":["Strike_R"],"player_choice":"Transformed","damage_taken":0,"max_hp_gain":0,"max_hp_loss":0,"event_name":"Transmorgrifier","floor":20,"gold_loss":0,"cards_obtained":["Dual Wield"]}],"is_beta":false,"boss_relics":[{"not_picked":["Velvet Choker","Replay:Drink Me"],"picked":"Sozu"}],"items_purged_floors":[],"is_endless":false,"potions_floor_spawned":[4,6,11,12,16,19,21,23],"killed_by":"Book of Stabbing","ascension_level":8}}