{"host":"e1pm3b7xpcm97e5w","time":1612975004,"event":{"mods":["BaseMod","Better Skull","Googly Eyes","Minty Spire (QoL Compilation)","Relic Stats","Shop Mod","Spicy Shops","StSLib"],"gold_per_floor":[112,128,128,128,54,92,92,111,135,166,166,187,187,211,211,310,310,328,349,384,411,425,425,425],"floor_reached":23,"language":"ENG","playtime":604,"items_purged":[],"score":373,"play_id":"73875e81-15d6-4df5-8db4-e986a6e08fb3","local_time":"20210210113644","is_ascension_mode":true,"campfire_choices":[{"data":"Zap","floor":7,"key":"SMITH"},{"data":"Creative AI","floor":13,"key":"SMITH"},{"data":"Defragment","floor":15,"key":"SMITH"}],"circlet_count":0,"master_deck":["AscendersBane","Strike_B","Strike_B","Strike_B","Strike_B","Defend_B","Defend_B","Defend_B","Defend_B","Zap+1","Dualcast","Loop","Barrage","Loop","Consume+1","Hologram","Creative AI+1","Defragment+1","Electrodynamics","Capacitor","Cold Snap","Capacitor","Conserve Battery"],"relics":["Cracked Core","NeowsBlessing","Golden Idol","Centennial Puzzle","Omamori","HornCleat","Runic Dome","Red Mask","Art of War"],"acts_visited":["Exordium","TheCity"],"potions_floor_usage":[8,16,16,20,22],"damage_taken":[{"damage":0,"enemies":"2 Louse","floor":1,"turns":1},{"damage":0,"enemies":"Jaw Worm","floor":2,"turns":1},{"damage":0,"enemies":"Gremlin Nob","floor":6,"turns":1},{"damage":5,"enemies":"Small Slimes","floor":8,"turns":3},{"damage":20,"enemies":"Lagavulin","floor":10,"turns":6},{"damage":0,"enemies":"Blue Slaver","floor":12,"turns":3},{"damage":7,"enemies":"Exordium Wildlife","floor":14,"turns":4},{"damage":31,"enemies":"Hexaghost","floor":16,"turns":8},{"damage":9,"enemies":"3 Byrds","floor":18,"turns":4},{"damage":18,"enemies":"Shell Parasite","floor":19,"turns":5},{"damage":9,"enemies":"Masked Bandits","floor":20,"turns":4},{"damage":0,"enemies":"Centurion and Healer","floor":22,"turns":2},{"damage":26,"enemies":"Gremlin Leader","floor":23,"turns":4}],"seed_played":"5661697414661524896","potions_obtained":[{"floor":1,"key":"Energy Potion"},{"floor":10,"key":"Block Potion"},{"floor":14,"key":"DistilledChaos"},{"floor":19,"key":"PowerPotion"},{"floor":20,"key":"Block Potion"}],"is_trial":false,"path_per_floor":["M","M","?","?","$","E","R","M","T","E","?","M","R","M","R","B",null,"M","M","?","T","M","E"],"character_chosen":"DEFECT","items_purchased":["Loop"],"campfire_rested":0,"item_purchase_floors":[5],"current_hp_per_floor":[68,68,68,68,68,68,68,63,63,43,43,43,43,36,36,5,53,44,26,17,17,17,0,0],"gold":425,"neow_bonus":"THREE_ENEMY_KILL","is_daily":false,"chose_seed":false,"campfire_upgraded":3,"win_rate":0.0,"timestamp":1612975004,"path_taken":["M","M","?","?","?","E","R","M","T","E","?","M","R","?","R","BOSS","M","M","?","?","?","E"],"items_purchased_type":["Card"],"build_version":"2020-12-22","purchased_purges":0,"victory":false,"max_hp_per_floor":[75,75,69,69,69,69,69,69,69,69,69,69,69,69,69,69,69,69,69,69,69,69,69,69],"relic_stats":{"Centennial Puzzle":[24],"counters":[13,46],"Golden Idol":65,"Art of War":[2],"obtain_stats":[{"Runic Dome":17,"Centennial Puzzle":6,"HornCleat":10,"NeowsBlessing":0,"Golden Idol":3,"Omamori":9,"Red Mask":20,"Art of War":21,"Cracked Core":0},{"Runic Dome":8,"Centennial Puzzle":3,"HornCleat":5,"NeowsBlessing":0,"Golden Idol":2,"Omamori":4,"Red Mask":11,"Art of War":11,"Cracked Core":0},{"Runic Dome":27,"Centennial Puzzle":3,"HornCleat":12,"NeowsBlessing":0,"Golden Idol":2,"Omamori":6,"Red Mask":40,"Art of War":40,"Cracked Core":0}]},"card_choices":[{"not_picked":["Stack","White Noise"],"picked":"Loop","floor":1},{"not_picked":["Leap","Tempest"],"picked":"Barrage","floor":2},{"not_picked":["Ball Lightning","Stack"],"picked":"Consume","floor":6},{"not_picked":["BootSequence","Beam Cell"],"picked":"Hologram","floor":8},{"not_picked":["Steam Power","Blizzard","Barrage"],"picked":"SKIP","floor":10},{"not_picked":["Static Discharge","Consume"],"picked":"Creative AI","floor":12},{"not_picked":["Skim","Hologram"],"picked":"Defragment","floor":14},{"not_picked":["Rainbow","Meteor Strike"],"picked":"Electrodynamics","floor":16},{"not_picked":["Coolheaded","Beam Cell+1"],"picked":"Capacitor","floor":18},{"not_picked":["Chaos","Aggregate"],"picked":"Cold Snap","floor":19},{"not_picked":["Cold Snap","Doom and Gloom"],"picked":"Capacitor","floor":20},{"not_picked":["Chaos","Double Energy"],"picked":"Conserve Battery","floor":22}],"player_experience":721999,"relics_obtained":[{"floor":6,"key":"Centennial Puzzle"},{"floor":9,"key":"Omamori"},{"floor":10,"key":"HornCleat"},{"floor":20,"key":"Red Mask"},{"floor":21,"key":"Art of War"}],"event_choices":[{"damage_healed":0,"gold_gain":0,"player_choice":"Lose Max HP","damage_taken":0,"relics_obtained":["Golden Idol"],"max_hp_gain":0,"max_hp_loss":6,"event_name":"Golden Idol","floor":3,"gold_loss":0},{"damage_healed":0,"gold_gain":0,"player_choice":"Ignored","damage_taken":0,"max_hp_gain":0,"max_hp_loss":0,"event_name":"Liars Game","floor":4,"gold_loss":0},{"damage_healed":0,"gold_gain":0,"player_choice":"Grow","damage_taken":0,"max_hp_gain":0,"max_hp_loss":0,"event_name":"Living Wall","floor":11,"gold_loss":0,"cards_upgraded":["Consume"]},{"damage_healed":0,"gold_gain":0,"player_choice":"Fought Bandits","damage_taken":0,"max_hp_gain":0,"max_hp_loss":0,"event_name":"Masked Bandits","floor":20,"gold_loss":0}],"is_beta":false,"boss_relics":[{"not_picked":["Runic Pyramid","Fusion Hammer"],"picked":"Runic Dome"}],"items_purged_floors":[],"is_endless":false,"potions_floor_spawned":[1,10,14,19,20],"killed_by":"Gremlin Leader","ascension_level":13}}