{"host":"g2yp6paluzgljz05","time":1612970017,"event":{"mods":["BaseMod","Bestiary","Colored Powertips","DeckTracker","Highlight Path","Minty Spire (QoL Compilation)","Quick Restart"],"gold_per_floor":[20,20,39,139,150,175,175,205,205,225,240,240,84,97,97,97,97],"floor_reached":16,"language":"ENG","playtime":835,"items_purged":["Strike_B"],"score":129,"play_id":"7d148192-dc84-4763-84cf-9ef2b40a3aa8","local_time":"20210211021337","is_ascension_mode":true,"campfire_choices":[{"data":"Buffer","floor":7,"key":"SMITH"},{"floor":12,"key":"REST"},{"data":"Buffer","floor":15,"key":"SMITH"}],"circlet_count":0,"master_deck":["Strike_B","Strike_B","Strike_B","Defend_B","Defend_B","Defend_B","Defend_B","Zap","Dualcast","Buffer+1","Skim","Defragment","Self Repair","Buffer+1"],"relics":["Cracked Core","HornCleat","Mummified Hand","Kunai"],"acts_visited":["Exordium"],"potions_floor_usage":[10,11],"damage_taken":[{"damage":7,"enemies":"Jaw Worm","floor":1,"turns":3},{"damage":0,"enemies":"Cultist","floor":3,"turns":5},{"damage":0,"enemies":"Small Slimes","floor":5,"turns":3},{"damage":36,"enemies":"Gremlin Nob","floor":6,"turns":6},{"damage":30,"enemies":"3 Sentries","floor":8,"turns":8},{"damage":0,"enemies":"Red Slaver","floor":10,"turns":4},{"damage":0,"enemies":"Looter","floor":11,"turns":3},{"damage":0,"enemies":"Large Slime","floor":14,"turns":6},{"damage":6,"enemies":"Slime Boss","floor":16,"turns":10}],"seed_played":"-2855901434839852399","potions_obtained":[{"floor":3,"key":"SpeedPotion"},{"floor":6,"key":"LiquidBronze"},{"floor":10,"key":"ColorlessPotion"}],"is_trial":false,"path_per_floor":["M","$","M","?","M","E","R","E","T","M","M","R","$","M","R","B"],"character_chosen":"DEFECT","items_purchased":["Self Repair"],"campfire_rested":1,"item_purchase_floors":[13],"current_hp_per_floor":[68,68,68,68,68,32,32,2,2,2,2,24,24,31,31,25,25],"gold":97,"neow_bonus":"THREE_RARE_CARDS","is_daily":false,"chose_seed":false,"campfire_upgraded":2,"win_rate":0.0,"timestamp":1612970017,"path_taken":["M","$","M","?","?","E","R","E","T","M","M","R","?","M","R","BOSS"],"items_purchased_type":["Card"],"build_version":"2020-12-22","purchased_purges":1,"victory":false,"max_hp_per_floor":[75,75,75,75,75,75,75,75,75,75,75,75,75,75,75,75,75],"card_choices":[{"not_picked":["Multi-Cast","Biased Cognition"],"picked":"Buffer","floor":0},{"not_picked":["Stack","Leap","Reinforced Body"],"picked":"SKIP","floor":1},{"not_picked":["Hologram","Compile Driver","Reinforced Body"],"picked":"SKIP","floor":3},{"not_picked":["Gash","White Noise","Steam Power"],"picked":"SKIP","floor":5},{"not_picked":["Cold Snap","Streamline"],"picked":"Skim","floor":6},{"not_picked":["Redo","Turbo","Sweeping Beam"],"picked":"SKIP","floor":8},{"not_picked":["Leap","Rebound","Recycle"],"picked":"SKIP","floor":10},{"not_picked":["Compile Driver","Beam Cell"],"picked":"Defragment","floor":11},{"not_picked":["Blizzard","Compile Driver"],"picked":"Buffer","floor":14}],"player_experience":350305,"relics_obtained":[{"floor":6,"key":"HornCleat"},{"floor":8,"key":"Mummified Hand"},{"floor":9,"key":"Kunai"}],"event_choices":[{"damage_healed":0,"gold_gain":100,"player_choice":"Pray","damage_taken":0,"max_hp_gain":0,"max_hp_loss":0,"event_name":"Golden Shrine","floor":4,"gold_loss":0}],"is_beta":false,"boss_relics":[],"items_purged_floors":[13],"is_endless":false,"potions_floor_spawned":[3,6,10],"killed_by":"Slime Boss","ascension_level":3}}