{"host":"KYO","time":1612951687,"event":{"mods":["ATMod(阿瑾Mod)","BaseMod","Better Vampires","Minty Spire (QoL Compilation)","Permanent Neow","Replay The Spire","Shop Mod","StSLib","SuperFastMode","TestMod","[IsaacMod]以撒尖塔","【遗物卡牌】REMEMod"],"gold_per_floor":[219,238,288,22,36,36,67,81,128,154,190,220,245,66,66,200,200,221,242,23,23,23,77,77,131,158,11,29,29,97,109,109,109,230,230,247,288,390,289,327,361,361,397,424,450,481,481,502,534,534,548,555,555,555,194,283,283],"floor_reached":58,"language":"ZHS","playtime":2578,"items_purged":["Strike_B","Strike_B","Defend_B","Ball Lightning"],"score":3584,"play_id":"bf12d414-a4aa-4380-b075-da7e97209145","local_time":"20210210180807","is_ascension_mode":true,"campfire_choices":[{"data":"Defragment","floor":6.0,"key":"SMITH"},{"data":"AT_WaterDrop","floor":15.0,"key":"SMITH"},{"data":"AT_RightCognition","floor":24.0,"key":"SMITH"},{"data":"Coolheaded","floor":33.0,"key":"SMITH"},{"data":"Echo Form","floor":42.0,"key":"SMITH"},{"floor":50.0,"key":"RECALL"},{"data":"ElectricPowerLearning","floor":54.0,"key":"SMITH"}],"circlet_count":0,"master_deck":["AscendersBane","Defend_B+1","Zap+1","Dualcast","Defragment+1","Cold Snap+1","AT_WaterDrop+1","AT_RightCognition+1","ElectricPowerLearning+1","Echo Form+1","Coolheaded+1","Loop+1","Time Bomb+1","Madness","Madness","Buffer+1"],"relics":["Cracked Core","HushsDoor","AT_ATBox","REME_ComplimentaryCards","testmod-TestBox","PillsDrop","testmod-AscensionHeart","SatanicBible","AT_SeraphEmbrace","MerchantsRug","SalivaCoin","testmod-OneHitWonder","Geode","Centennial Puzzle","Runic Dome","GuppysPaw","NineLifeCat","Singing Bowl","testmod-IndustrialRevolution","Replay:Wax Seal","Medical Kit","BargainBundle","Replay:Antivirus Software","ReplayFunnel","Vajra","Simple Rune","BelialBook","Divine Protection","AT_TimeSand"],"acts_visited":["Exordium","TheCity","TheBeyond","TheEnding"],"potions_floor_usage":[57,57,57,57],"damage_taken":[{"damage":3.0,"enemies":"Small Slimes","floor":1.0,"turns":3.0},{"damage":0.0,"enemies":"Cultist","floor":2.0,"turns":4.0},{"damage":20.0,"enemies":"Hiden Room Battle","floor":3.0,"turns":2.0},{"damage":0.0,"enemies":"Jaw Worm","floor":5.0,"turns":1.0},{"damage":0.0,"enemies":"3 Sentries","floor":7.0,"turns":4.0},{"damage":2.0,"enemies":"Gremlin Gang","floor":8.0,"turns":4.0},{"damage":6.0,"enemies":"Red Slaver","floor":10.0,"turns":3.0},{"damage":6.0,"enemies":"Gremlin Nob","floor":11.0,"turns":3.0},{"damage":11.0,"enemies":"Exordium Thugs","floor":12.0,"turns":4.0},{"damage":0.0,"enemies":"The Guardian","floor":16.0,"turns":8.0},{"damage":0.0,"enemies":"Shell Parasite","floor":18.0,"turns":4.0},{"damage":7.0,"enemies":"3 Byrds","floor":19.0,"turns":4.0},{"damage":22.0,"enemies":"Gremlin Leader","floor":23.0,"turns":6.0},{"damage":40.0,"enemies":"Slavers","floor":25.0,"turns":7.0},{"damage":5.0,"enemies":"Cultist and Chosen","floor":28.0,"turns":5.0},{"damage":0.0,"enemies":"Gremlin Leader","floor":30.0,"turns":3.0},{"damage":0.0,"enemies":"Snecko","floor":31.0,"turns":1.0},{"damage":0.0,"enemies":"Collector","floor":34.0,"turns":5.0},{"damage":0.0,"enemies":"3 Shapes","floor":36.0,"turns":5.0},{"damage":0.0,"enemies":"Orb Walker","floor":37.0,"turns":6.0},{"damage":0.0,"enemies":"3 Darklings","floor":40.0,"turns":4.0},{"damage":0.0,"enemies":"R_Hoarder","floor":41.0,"turns":2.0},{"damage":0.0,"enemies":"Nemesis","floor":43.0,"turns":3.0},{"damage":0.0,"enemies":"R_Hoarder","floor":45.0,"turns":4.0},{"damage":0.0,"enemies":"4 Shapes","floor":46.0,"turns":4.0},{"damage":0.0,"enemies":"Jaw Worm Horde","floor":48.0,"turns":2.0},{"damage":0.0,"enemies":"3 Darklings","floor":49.0,"turns":4.0},{"damage":0.0,"enemies":"Awakened One","floor":51.0,"turns":7.0},{"damage":0.0,"enemies":"Time Eater","floor":52.0,"turns":5.0},{"damage":0,"enemies":"Shield and Spear","floor":56,"turns":5},{"damage":0,"enemies":"The Heart","floor":57,"turns":6}],"seed_played":"-2658602256033205787","potions_obtained":[{"floor":2.0,"key":"PotionOfCapacity"},{"floor":3.0,"key":"SpeedPotion"},{"floor":5.0,"key":"EssenceOfSteel"},{"floor":10.0,"key":"SkillPotion"},{"floor":11.0,"key":"testmod-TestPotion"},{"floor":12.0,"key":"Energy Potion"},{"floor":18.0,"key":"Energy Potion"},{"floor":28.0,"key":"PowerPotion"},{"floor":30.0,"key":"SkillPotion"},{"floor":31.0,"key":"Languid Potion"},{"floor":40.0,"key":"Strength Potion"},{"floor":41.0,"key":"DistilledChaos"}],"is_trial":false,"path_per_floor":["M","M","?","$","M","R","E","M","T","M","E","M","T","$","R","B",null,"M","M","$","T","?","E","R","E","T","$","M","$","E","M","M","R","B",null,"M","M","?","$","M","E","R","E","T","E","M","?","M","M","R","B","B",null,"R","$","E","B",null],"character_chosen":"DEFECT","items_purchased":["MerchantsRug","Potion Belt","Centennial Puzzle","GuppysPaw","NineLifeCat","Singing Bowl","Medical Kit","BargainBundle","Weak Potion","Weak Potion","Explosive Potion","Replay:Antivirus Software","Time Bomb","Elixir","Divine Protection"],"campfire_rested":0,"item_purchase_floors":[4,4,14,17,17,20,27,39,39,39,39,39,39,55,55],"current_hp_per_floor":[62,63,37,37,38,38,43,42,42,37,33,26,26,26,26,32,12,12,5,5,5,5,15,15,16,16,16,13,1,1,1,1,1,8,1,1,1,1,1,1,1,1,1,1,1,1,1,1,1,1,6,6,1,1,1,1,6],"gold":283,"neow_bonus":"HUNDRED_GOLD","is_daily":false,"chose_seed":false,"campfire_upgraded":6,"win_rate":0.0,"timestamp":1612951687,"path_taken":["M","M","?","?","M","R","E","M","T","M","E","M","?","$","R","BOSS","M","?","?","?","?","E","R","E","T","$","M","?","E","M","M","R","BOSS","M","M","?","$","M","E","R","E","T","E","M","?","M","?","R","BOSS","BOSS","R","$","E","BOSS"],"items_purchased_type":["Relic","Relic","Relic","Relic","Relic","Relic","Relic","Relic","Potion","Potion","Potion","Relic","Card","Potion","Relic"],"build_version":"2020-12-18","purchased_purges":4,"victory":true,"max_hp_per_floor":[71,71,66,66,66,66,67,67,67,67,68,68,68,68,68,73,12,12,12,12,12,12,15,15,16,16,16,18,1,1,1,1,1,8,1,1,1,1,1,1,1,1,1,1,1,1,1,1,1,1,6,6,1,1,1,1,6],"card_choices":[{"not_picked":["Cold Snap","ReplayGash"],"picked":"Defragment","floor":1.0},{"not_picked":["Pulse","Conserve Battery"],"picked":"Bomb","floor":2.0},{"not_picked":["Go for the Eyes","Redo"],"picked":"Ball Lightning","floor":5.0},{"not_picked":["Amplify","Thunder Strike","Multi-Cast"],"picked":"SKIP","floor":7.0},{"not_picked":["Compile Driver","Go for the Eyes"],"picked":"Cold Snap","floor":8.0},{"not_picked":["ReplaySolidLightProjector","BasicCrystalCard","Scrape"],"picked":"SKIP","floor":10.0},{"not_picked":["Thunder Strike","Biased Cognition"],"picked":"AT_WaterDrop","floor":11.0},{"not_picked":["Panic Button","Rebound","Cold Snap"],"picked":"SKIP","floor":12.0},{"not_picked":["Meteor Strike","ReplayTheSpireMod:Omega Cannon"],"picked":"AT_RightCognition","floor":16.0},{"not_picked":["Streamline","Leap","Turbo"],"picked":"SKIP","floor":18.0},{"not_picked":["Gash+1","Chaos"],"picked":"ElectricPowerLearning","floor":19.0},{"not_picked":["AT_RightCognition","Thunder Strike","ElectricPowerLearning"],"picked":"Singing Bowl","floor":23.0},{"not_picked":["Fission","Mirror Shield"],"picked":"Echo Form","floor":25.0},{"not_picked":["Cold Snap","Redo","Hello World+1"],"picked":"Singing Bowl","floor":28.0},{"not_picked":["Thunder Strike","AT_WaterDrop","Hyperbeam"],"picked":"Singing Bowl","floor":30.0},{"not_picked":["Redo","ReplayTheSpireMod:Repulse"],"picked":"Coolheaded","floor":31.0},{"not_picked":["Machine Learning","AT_RightCognition","REME_Shoggoth"],"picked":"Singing Bowl","floor":34.0},{"not_picked":["Go for the Eyes","Hologram"],"picked":"Loop+1","floor":36.0},{"not_picked":["Stack","Turbo","All For One"],"picked":"Singing Bowl","floor":37.0},{"not_picked":["Compile Driver","Streamline","Undo"],"picked":"Singing Bowl","floor":38.0},{"not_picked":["Steam","Lockon","Defragment"],"picked":"Singing Bowl","floor":38.0},{"not_picked":["Steam Power","Defragment","REME_Compress"],"picked":"Singing Bowl","floor":38.0},{"not_picked":["AT_HeatAcrobatics","Gash","Redo"],"picked":"Singing Bowl","floor":40.0},{"not_picked":["Rainbow","Reboot","Reboot"],"picked":"Singing Bowl","floor":41.0},{"not_picked":["Multi-Cast","Hyperbeam","All For One"],"picked":"Singing Bowl","floor":43.0},{"not_picked":["ElectricPowerLearning","AT_WaterDrop","Hyperbeam"],"picked":"Singing Bowl","floor":45.0},{"not_picked":["Cold Snap","Fan","Cancel"],"picked":"Singing Bowl","floor":46.0},{"not_picked":["Conserve Battery","Force Field+1","Panic Button"],"picked":"Singing Bowl","floor":48.0},{"not_picked":["Sweeping Beam","ReplayTheSpireMod:Reroute Power","Coolheaded"],"picked":"Singing Bowl","floor":49.0},{"not_picked":["AT_RightCognition","Seek"],"picked":"Buffer","floor":56}],"player_experience":758397,"relics_obtained":[{"floor":3.0,"key":"SatanicBible"},{"floor":3.0,"key":"AT_ArchangelStaff"},{"floor":7.0,"key":"Pen Nib"},{"floor":9.0,"key":"SalivaCoin"},{"floor":11.0,"key":"testmod-OneHitWonder"},{"floor":13.0,"key":"Geode"},{"floor":23.0,"key":"testmod-IndustrialRevolution"},{"floor":25.0,"key":"Replay:Wax Seal"},{"floor":26.0,"key":"Omamori"},{"floor":30.0,"key":"Happy Flower"},{"floor":41.0,"key":"ReplayFunnel"},{"floor":43.0,"key":"Vajra"},{"floor":44.0,"key":"Simple Rune"},{"floor":45.0,"key":"BelialBook"},{"floor":56,"key":"AT_TimeSand"}],"event_choices":[{"damage_healed":0.0,"max_hp_gain":0.0,"max_hp_loss":0.0,"gold_gain":0.0,"event_name":"HidenRoomEvent","player_choice":"Fight","floor":3.0,"gold_loss":0.0,"damage_taken":0.0},{"damage_healed":0.0,"max_hp_gain":0.0,"max_hp_loss":0.0,"gold_gain":0.0,"event_name":"给自己的盒子","player_choice":"Swap Relic","floor":22.0,"relics_lost":["War Paint"],"gold_loss":0.0,"damage_taken":0.0,"relics_obtained":["War Paint"]},{"damage_healed":0.0,"max_hp_gain":0.0,"max_hp_loss":0.0,"gold_gain":0.0,"event_name":"Winding Halls","player_choice":"Embrace Madness","floor":47.0,"gold_loss":0.0,"damage_taken":0.0,"cards_obtained":["Madness","Madness"]}],"is_beta":true,"boss_relics":[{"not_picked":["testmod-Fanaticism","Ectoplasm"],"picked":"Runic Dome"},{"not_picked":[]},{"not_picked":["testmod-EnergyCheck","Honey Jar"],"picked":"testmod-KeyOfTheVoid"},{"not_picked":[]}],"items_purged_floors":[14,17,39,55],"is_endless":false,"potions_floor_spawned":[2,3,5,10,11,12,18,28,30,31,40,41,45,48,49],"ascension_level":20}}