{"host":"0285y92tozoijo7k","time":1612964790,"event":{"mods":["AchievementEnabler","Act Like it!","BaseMod","Colored Map","DeckTracker","Keyboard Shortcuts","Minty Spire (QoL Compilation)","Permanent Neow","StSLib","SuperFastMode"],"gold_per_floor":[111,131,142,67,67,95,106,56,56,71,106,120,120,138,138,211,211,222,192,192],"floor_reached":19,"language":"KOR","playtime":670,"items_purged":["Strike_B"],"score":308,"play_id":"584050c9-7070-44b9-b66e-db35fb5656c7","local_time":"20210210224630","is_ascension_mode":true,"campfire_choices":[{"data":"Defragment","floor":13.0,"key":"SMITH"},{"data":"White Noise","floor":15.0,"key":"SMITH"}],"circlet_count":0,"master_deck":["AscendersBane","Zap","Dualcast","Cold Snap","Sweeping Beam","White Noise+1","Self Repair","Lockon","Force Field","Defragment+1","Hologram","Biased Cognition","All For One","Stack","Rip and Tear","Static Discharge","Reinforced Body","Barrage","Undo+1"],"relics":["Coffee Dripper","InkBottle","Torii","Pandora\u0027s Box"],"acts_visited":["Exordium","TheCity"],"potions_floor_usage":[],"damage_taken":[{"damage":0.0,"enemies":"Cultist","floor":1.0,"turns":4.0},{"damage":5.0,"enemies":"Small Slimes","floor":2.0,"turns":4.0},{"damage":5.0,"enemies":"2 Louse","floor":3.0,"turns":2.0},{"damage":18.0,"enemies":"Lagavulin","floor":6.0,"turns":9.0},{"damage":7.0,"enemies":"2 Fungi Beasts","floor":7.0,"turns":4.0},{"damage":5.0,"enemies":"Lots of Slimes","floor":10.0,"turns":5.0},{"damage":25.0,"enemies":"3 Sentries","floor":11.0,"turns":4.0},{"damage":13.0,"enemies":"Exordium Wildlife","floor":12.0,"turns":5.0},{"damage":1.0,"enemies":"2 Fungi Beasts","floor":14.0,"turns":4.0},{"damage":2.0,"enemies":"Hexaghost","floor":16.0,"turns":8.0},{"damage":16,"enemies":"3 Byrds","floor":18,"turns":4},{"damage":22,"enemies":"2 Thieves","floor":19,"turns":2}],"seed_played":"-6994080365659052346","potions_obtained":[{"floor":6.0,"key":"PowerPotion"},{"floor":7.0,"key":"AttackPotion"},{"floor":11.0,"key":"SteroidPotion"},{"floor":14.0,"key":"AttackPotion"}],"is_trial":false,"path_per_floor":["M","M","M","$","?","E","M","?","T","M","E","M","R","M","R","B",null,"M","M"],"character_chosen":"DEFECT","items_purchased":[],"campfire_rested":0,"item_purchase_floors":[],"current_hp_per_floor":[64,59,54,54,59,41,41,41,41,43,25,19,19,25,25,30,65,56,34,34],"gold":192,"neow_bonus":"BOSS_RELIC","is_daily":false,"chose_seed":false,"campfire_upgraded":2,"win_rate":0.0,"timestamp":1612964790,"path_taken":["M","M","?","?","?","E","M","?","T","M","E","M","R","M","R","BOSS","M","M"],"items_purchased_type":[],"build_version":"2020-12-22","purchased_purges":1,"victory":false,"max_hp_per_floor":[71,71,71,71,76,76,76,76,76,76,76,76,76,76,76,76,76,76,76,76],"card_choices":[{"not_picked":["Stack","Go for the Eyes"],"picked":"Cold Snap","floor":1.0},{"not_picked":["Beam Cell","Static Discharge"],"picked":"Sweeping Beam","floor":2.0},{"not_picked":["Leap","Turbo"],"picked":"White Noise","floor":3.0},{"not_picked":["White Noise","Fission"],"picked":"Self Repair","floor":6.0},{"not_picked":["Streamline","Stack"],"picked":"Lockon","floor":7.0},{"not_picked":["Redo","Sweeping Beam"],"picked":"Force Field","floor":10.0},{"not_picked":["Conserve Battery","Storm"],"picked":"Defragment","floor":11.0},{"not_picked":["Beam Cell","Streamline"],"picked":"Hologram","floor":12.0},{"not_picked":["Machine Learning","Stack","Genetic Algorithm"],"picked":"SKIP","floor":14.0},{"not_picked":["Amplify","Buffer"],"picked":"Biased Cognition","floor":16.0},{"not_picked":["Darkness","Rip and Tear+1"],"picked":"Undo+1","floor":18}],"player_experience":388725,"relics_obtained":[{"floor":6.0,"key":"InkBottle"},{"floor":11.0,"key":"Torii"}],"event_choices":[{"damage_healed":0.0,"max_hp_gain":5.0,"max_hp_loss":0.0,"gold_gain":0.0,"event_name":"Big Fish","player_choice":"Donut","floor":5.0,"gold_loss":0.0,"damage_taken":0.0},{"cards_removed":["Strike_B"],"damage_healed":0.0,"max_hp_gain":0.0,"max_hp_loss":0.0,"gold_gain":0.0,"event_name":"The Cleric","player_choice":"Card Removal","floor":8.0,"gold_loss":50.0,"damage_taken":0.0}],"is_beta":false,"boss_relics":[{"not_picked":["Ectoplasm","Snecko Eye"],"picked":"Pandora\u0027s Box"}],"items_purged_floors":[4],"is_endless":false,"potions_floor_spawned":[6,7,11,14],"killed_by":"2 Thieves","ascension_level":14}}