{"host":"6p0attdrtjqaih7v","time":1612986027,"event":{"mods":["2.2 Compatiblity","AchievementEnabler","Bard","BaseMod","Better Skull","Better Third Choice","Colored Powertips","Hermit","Highlight Path","Key Reminder","Minty Spire (QoL Compilation)","Permanent Neow","Quick Restart","Random Character Button","Relic Stats","Reliquary","Replay The Spire","Robot Space Explorer","StSLib","The Hayseed","The Witch"],"gold_per_floor":[109,119,134,8,8,39,39,71,125,144,144,177,196,196,196,298,298],"floor_reached":16,"language":"ENG","playtime":794,"items_purged":[],"score":272,"play_id":"c9de8307-cd86-4ca1-8ab6-607e415839e1","local_time":"20210210144027","is_ascension_mode":true,"campfire_choices":[{"floor":7,"key":"REST"},{"floor":11,"key":"REST"},{"data":"DarkProcession","floor":15,"key":"SMITH"}],"circlet_count":0,"master_deck":["AscendersBane","Strike_Witch","Strike_Witch","Strike_Witch","Defend_Witch","Defend_Witch","Defend_Witch","Defend_Witch","Hexguard","ZombieSpit","WretchedNails","MortusClaw","RiteOfSummer","SkullFlask","SummonCatFamiliar","GnarledBody+1","VileEgg+1","BlackBolt","Malady","Shrooms+1","DarkProcession+1"],"relics":["BlackCat","Toxic Egg 2","Bag of Preparation","Vajra","Dream Catcher"],"acts_visited":["Exordium"],"potions_floor_usage":[6,13,16],"damage_taken":[{"damage":5,"enemies":"Cultist","floor":1,"turns":5},{"damage":5,"enemies":"2 Louse","floor":2,"turns":2},{"damage":7,"enemies":"Jaw Worm","floor":3,"turns":2},{"damage":29,"enemies":"Lagavulin","floor":6,"turns":5},{"damage":8,"enemies":"Replay:BlueRogue","floor":8,"turns":6},{"damage":7,"enemies":"2 Fungi Beasts","floor":10,"turns":3},{"damage":9,"enemies":"3 Sentries","floor":12,"turns":6},{"damage":1,"enemies":"3 Louse","floor":13,"turns":3},{"damage":10,"enemies":"Hexaghost","floor":16,"turns":7}],"seed_played":"70148553536676252","potions_obtained":[{"floor":6,"key":"Block Potion"},{"floor":12,"key":"GamblersBrew"},{"floor":13,"key":"Milkshake"}],"is_trial":false,"path_per_floor":["M","M","M","$","?","E","R","E","T","M","R","E","M","?","R","B"],"character_chosen":"WITCH","items_purchased":["SkullFlask","Adrenaline Potion","Explosive Potion"],"campfire_rested":2,"item_purchase_floors":[4,4,4],"current_hp_per_floor":[55,50,43,43,43,14,34,26,26,24,44,40,44,44,44,44,44],"gold":298,"neow_bonus":"THREE_CARDS","is_daily":false,"chose_seed":false,"campfire_upgraded":1,"win_rate":0.0,"timestamp":1612986027,"path_taken":["M","M","M","?","?","E","R","E","T","M","R","E","?","?","R","BOSS"],"items_purchased_type":["Card","Potion","Potion"],"build_version":"2020-12-22","purchased_purges":0,"victory":false,"max_hp_per_floor":[67,67,67,67,67,67,67,67,67,67,67,67,67,67,67,67,67],"relic_stats":{"Dream Catcher":0,"counters":[9,39],"Bag of Preparation":[8],"obtain_stats":[{"Dream Catcher":12,"Vajra":9,"Bag of Preparation":8,"Toxic Egg 2":6,"BlackCat":0},{"Dream Catcher":7,"Vajra":5,"Bag of Preparation":5,"Toxic Egg 2":4,"BlackCat":0},{"Dream Catcher":29,"Vajra":20,"Bag of Preparation":20,"Toxic Egg 2":14,"BlackCat":0}]},"card_choices":[{"not_picked":["Decrepify","GnarledBody"],"picked":"WretchedNails","floor":0},{"not_picked":["SoulBarrier","Decrepify"],"picked":"MortusClaw","floor":1},{"not_picked":["NighInvulnerability","RoilingBarrier"],"picked":"RiteOfSummer","floor":2},{"not_picked":["RiteOfSummer","Puncture","Atonement"],"picked":"SKIP","floor":3},{"not_picked":["Demonfyre","Broomstick"],"picked":"GnarledBody+1","floor":6},{"not_picked":["BalefulWard+1","CrystalResonance+1"],"picked":"VileEgg+1","floor":8},{"not_picked":["BleedOut","Demonfyre"],"picked":"BlackBolt","floor":10},{"not_picked":["Schadenfreude","Decrepify+1"],"picked":"Malady","floor":12},{"not_picked":["IllOmen+1","FatalRay"],"picked":"Shrooms+1","floor":13}],"player_experience":1101677,"relics_obtained":[{"floor":6,"key":"Toxic Egg 2"},{"floor":8,"key":"Bag of Preparation"},{"floor":9,"key":"Vajra"},{"floor":12,"key":"Dream Catcher"}],"event_choices":[{"damage_healed":0,"gold_gain":0,"cards_transformed":["Strike_Witch"],"player_choice":"Transformed","damage_taken":0,"max_hp_gain":0,"max_hp_loss":0,"event_name":"Transmorgrifier","floor":5,"gold_loss":0,"cards_obtained":["SummonCatFamiliar"]},{"damage_healed":0,"gold_gain":0,"player_choice":"1 cards matched","damage_taken":0,"max_hp_gain":0,"max_hp_loss":0,"event_name":"Match and Keep!","floor":14,"gold_loss":0,"cards_obtained":["DarkProcession"]}],"is_beta":false,"boss_relics":[],"items_purged_floors":[],"is_endless":false,"potions_floor_spawned":[6,10,12,13],"killed_by":"Hexaghost","ascension_level":12}}