{"host":"04hh9gplt9wkfmr1","time":1612985472,"event":{"mods":["AchievementEnabler","BaseMod","Colored Map","KOR Keyword Fix","Minty Spire (QoL Compilation)","Rare Cards Sparkle","SuperFastMode"],"gold_per_floor":[109,122,134,153,203,233,233,233,233],"floor_reached":8,"language":"KOR","playtime":262,"items_purged":[],"score":107,"play_id":"4dce2ca4-d056-4a82-874c-2cb795426a09","local_time":"20210211043112","is_ascension_mode":true,"campfire_choices":[{"floor":7,"key":"REST"}],"circlet_count":0,"master_deck":["AscendersBane","Strike_G","Strike_G","Strike_G","Strike_G","Strike_G","Defend_G","Defend_G","Defend_G","Defend_G","Defend_G","Survivor","Neutralize","Infinite Blades","Choke","Footwork","Cloak And Dagger"],"relics":["Ring of the Snake","Ice Cream"],"acts_visited":["Exordium"],"potions_floor_usage":[4,6],"damage_taken":[{"damage":12.0,"enemies":"Jaw Worm","floor":1.0,"turns":9.0},{"damage":4.0,"enemies":"Small Slimes","floor":2.0,"turns":4.0},{"damage":1.0,"enemies":"Cultist","floor":3.0,"turns":4.0},{"damage":17,"enemies":"Exordium Thugs","floor":4,"turns":7},{"damage":33,"enemies":"3 Sentries","floor":6,"turns":11},{"damage":24,"enemies":"Gremlin Nob","floor":8,"turns":4}],"seed_played":"-5011802545898845546","potions_obtained":[{"floor":2.0,"key":"Regen Potion"},{"floor":3.0,"key":"Fire Potion"}],"is_trial":false,"path_per_floor":["M","M","M","M","?","E","R","E"],"character_chosen":"THE_SILENT","items_purchased":[],"campfire_rested":1,"item_purchase_floors":[],"current_hp_per_floor":[53,49,48,31,31,13,34,10,10],"gold":233,"neow_bonus":"TEN_PERCENT_HP_BONUS","is_daily":false,"chose_seed":false,"campfire_upgraded":0,"win_rate":0.0,"timestamp":1612985472,"path_taken":["M","M","M","M","?","E","R","E"],"items_purchased_type":[],"build_version":"2020-12-22","purchased_purges":0,"victory":false,"max_hp_per_floor":[72,72,72,72,72,72,72,72,72],"card_choices":[{"not_picked":["Flying Knee","Poisoned Stab"],"picked":"Infinite Blades","floor":1.0},{"not_picked":["Deadly Poison","Dagger Throw"],"picked":"Choke","floor":2.0},{"not_picked":["Dagger Spray","Distraction","Slice"],"picked":"SKIP","floor":3.0},{"not_picked":["Bouncing Flask","Deadly Poison"],"picked":"Footwork","floor":4},{"not_picked":["All Out Attack","Doppelganger"],"picked":"Cloak And Dagger","floor":6}],"player_experience":144074,"relics_obtained":[{"floor":6,"key":"Ice Cream"}],"event_choices":[{"damage_healed":0,"gold_gain":50,"player_choice":"Gained Gold","damage_taken":0,"max_hp_gain":0,"max_hp_loss":0,"event_name":"Golden Wing","floor":5,"gold_loss":0}],"is_beta":false,"boss_relics":[],"items_purged_floors":[],"is_endless":false,"potions_floor_spawned":[2,3],"killed_by":"Gremlin Nob","ascension_level":17}}