{"host":"kaame4qwxxqnygv7","time":1612976787,"event":{"mods":["AchievementEnabler","BaseMod","Better Match","Better Skull","Better Third Choice","Block Reminder","DeckTracker","Energized Spire","GungeonMod","Minty Spire (QoL Compilation)","Quick Restart","Red Circlet Mod","StSLib","SuperFastMode","The Blue Laboratory"],"gold_per_floor":[115,115,115,65,140,140,153,197,197,197,7,25,25,43,43,163,163,187,187,187,87,87,87,120,120,120,120,151,176,205,234,272,272,272,396,396,435,498,498,513,592,592,623,623,650,650,650,650,685,710,710,720,720,720,33,81,81],"floor_reached":58,"language":"KOR","playtime":2150,"items_purged":["DemoMod:Strike_Huntress","Shame","Writhe"],"score":1446,"play_id":"b1e28f4f-1cc3-4dc7-aa53-f2e656351abf","local_time":"20210211020627","is_ascension_mode":true,"campfire_choices":[{"floor":6.0,"key":"REST"},{"data":"1","floor":10.0,"key":"LIFT"},{"data":"2","floor":15.0,"key":"LIFT"},{"data":"3","floor":23.0,"key":"LIFT"},{"data":"DemoMod:ManualReload","floor":25.0,"key":"SMITH"},{"data":"DemoMod:ProbeStrike","floor":27.0,"key":"SMITH"},{"floor":33.0,"key":"REST"},{"floor":42.0,"key":"RECALL"},{"data":"DemoMod:TableSutra","floor":44.0,"key":"SMITH"},{"floor":51,"key":"REST"},{"floor":54,"key":"REST"}],"circlet_count":0,"master_deck":["AscendersBane","DemoMod:Defend_Huntress","DemoMod:Defend_Huntress","DemoMod:Defend_Huntress","DemoMod:Roll","DemoMod:ManualReload+1","DemoMod:CrossBow","DemoMod:AWP","DemoMod:ProbeStrike+1","DemoMod:FinishedGun","DemoMod:HardPowerCard","DemoMod:FortunesFavor+1","DemoMod:Replace","DemoMod:SniperShot+1","DemoMod:FastSwitch+1","DemoMod:CursedBullets","DemoMod:DoubleVision","DemoMod:TableSutra+1","DemoMod:HungryBullets","DemoMod:TableSutra+1"],"relics":["DemoMod:Wolf","Golden Idol","InkBottle","Girya","Empty Cage","StoneCalendar","TungstenRod","MutagenicStrength","DemoMod:RatBoots","DemoMod:ResourcefulSack","DemoMod:PartiallyEatenCheese","SacredBark","Black Star","DemoMod:NanoMachines","Oddly Smooth Stone","Ginger","DemoMod:ClearGuonStone","DemoMod:Bottle","DemoMod:OrangeGuonStone","DemoMod:HoleyGrail","Sling","Incense Burner","DemoMod:BlueGuonStone","DemoMod:Armor"],"acts_visited":["Exordium","TheCity","DemoMod:Maze","TheBeyond","TheEnding"],"potions_floor_usage":[],"damage_taken":[{"damage":0.0,"enemies":"Cultist","floor":1.0,"turns":2.0},{"damage":0.0,"enemies":"Small Slimes","floor":7.0,"turns":3.0},{"damage":14.0,"enemies":"3 Sentries","floor":8.0,"turns":6.0},{"damage":0.0,"enemies":"2 Louse","floor":12.0,"turns":1.0},{"damage":0.0,"enemies":"Exordium Wildlife","floor":14.0,"turns":2.0},{"damage":24.0,"enemies":"Hexaghost","floor":16.0,"turns":6.0},{"damage":2.0,"enemies":"Chosen","floor":18.0,"turns":2.0},{"damage":10.0,"enemies":"2 Thieves","floor":24.0,"turns":2.0},{"damage":0.0,"enemies":"DemoMod:4_Bullet_Kins_with_one_veteran","floor":28.0,"turns":2.0},{"damage":0.0,"enemies":"DemoMod:Veteran_shot_gun_kin_and_red_shotgun_kin","floor":29.0,"turns":3.0},{"damage":0.0,"enemies":"DemoMod:Veteran_shot_gun_kin_and_blue_shotgun_kin","floor":30.0,"turns":2.0},{"damage":5.0,"enemies":"DemoMod:Red_and_blue_shotgun_kin_with_gunsinger","floor":31.0,"turns":3.0},{"damage":9.0,"enemies":"DemoMod:Veteran_shot_gun_kin_and_red_shotgun_kin_with_gunsinger","floor":32.0,"turns":2.0},{"damage":35.0,"enemies":"DemoMod:ResourcefulRat","floor":35.0,"turns":8.0},{"damage":5.0,"enemies":"3 Darklings","floor":37.0,"turns":7.0},{"damage":0.0,"enemies":"Mind Bloom Boss Battle","floor":38.0,"turns":5.0},{"damage":0.0,"enemies":"Orb Walker","floor":40.0,"turns":2.0},{"damage":0.0,"enemies":"2 Orb Walkers","floor":41.0,"turns":2.0},{"damage":13.0,"enemies":"Jaw Worm Horde","floor":43.0,"turns":4.0},{"damage":31.0,"enemies":"Nemesis","floor":49.0,"turns":3.0},{"damage":1,"enemies":"Writhing Mass","floor":50,"turns":2},{"damage":8,"enemies":"Time Eater","floor":52,"turns":8},{"damage":0,"enemies":"Shield and Spear","floor":56,"turns":2},{"damage":23,"enemies":"The Heart","floor":57,"turns":7}],"seed_played":"3522171620584003636","potions_obtained":[{"floor":1.0,"key":"SpeedPotion"},{"floor":12.0,"key":"blueLaboratory:TrueEctoplasm"},{"floor":13.0,"key":"blueLaboratory:ForbiddenFruitJuice"},{"floor":13.0,"key":"blueLaboratory:Moonshine"},{"floor":41.0,"key":"blueLaboratory:PhilterOfMotion"},{"floor":50,"key":"blueLaboratory:BottledHope"}],"is_trial":false,"path_per_floor":["M","?","?","?","?","R","M","E","T","R","$","M","?","M","R","B",null,"M","?","?","$","?","R","M","R","T","R","M","M","M","M","M","R","B","B",null,"M","?","?","M","?","R","M","R","T","?","?","?","E","M","R","B",null,"R","$","E","B",null],"character_chosen":"HUNTRESS","items_purchased":["DemoMod:GnawedKey","DemoMod:OrangeGuonStone","DemoMod:HoleyGrail","Sling"],"campfire_rested":4,"item_purchase_floors":[11,55,55,55],"current_hp_per_floor":[63,46,46,46,46,67,67,53,53,53,53,53,53,53,53,29,60,58,58,58,58,58,58,48,48,65,65,65,65,65,60,51,70,69,34,61,56,56,56,56,56,56,43,43,43,43,43,61,30,29,47,39,56,61,61,61,38],"gold":81,"neow_bonus":"BOSS_RELIC","is_daily":false,"chose_seed":false,"campfire_upgraded":3,"win_rate":0.0,"timestamp":1612976787,"path_taken":["M","?","?","?","?","R","M","E","T","R","$","M","?","?","R","BOSS","M","?","?","$","?","R","M","R","T","R","M","M","M","M","M","R","BOSS","BOSS","M","?","?","?","?","R","M","R","T","?","?","?","E","M","R","BOSS","R","$","E","BOSS"],"items_purchased_type":["Relic","Relic","Relic","Relic"],"build_version":"2020-12-22","purchased_purges":3,"victory":true,"max_hp_per_floor":[70,70,70,70,70,70,70,70,70,70,70,70,70,70,70,70,70,70,70,70,70,70,70,70,70,70,70,70,70,70,70,70,70,70,70,70,70,70,70,70,70,70,70,70,70,70,70,61,61,61,61,61,61,61,61,61,61],"card_choices":[{"not_picked":["DemoMod:SkilledReload","DemoMod:TeaPot","DemoMod:Polaris"],"picked":"SKIP","floor":1.0},{"not_picked":["DemoMod:AC15","DemoMod:GunShield","DemoMod:StickyCrossBow"],"picked":"SKIP","floor":7.0},{"not_picked":["DemoMod:TeaPot","DemoMod:DoubleVision"],"picked":"DemoMod:AWP","floor":8.0},{"not_picked":["DemoMod:ZorGun","DemoMod:ChanceBullets","DemoMod:HuntsMan"],"picked":"SKIP","floor":12.0},{"not_picked":["DemoMod:LifeOrb","DemoMod:JK47"],"picked":"DemoMod:ProbeStrike","floor":14.0},{"not_picked":["DemoMod:Behold!","DemoMod:BlankBullets"],"picked":"DemoMod:FinishedGun","floor":16.0},{"not_picked":["DemoMod:PracticeMakesPerfect","DemoMod:SAA"],"picked":"DemoMod:HardPowerCard","floor":18.0},{"not_picked":["DemoMod:Evolver","DemoMod:AWP"],"picked":"DemoMod:FortunesFavor+1","floor":24.0},{"not_picked":["DemoMod:PracticeMakesPerfect+1","DemoMod:Ejector"],"picked":"DemoMod:Replace","floor":28.0},{"not_picked":["DemoMod:ConditionalReflex","DemoMod:DirectionalPad"],"picked":"DemoMod:SniperShot+1","floor":29.0},{"not_picked":["DemoMod:HuntsMan","DemoMod:Slinger"],"picked":"DemoMod:FastSwitch+1","floor":30.0},{"not_picked":["DemoMod:RadGun","DemoMod:TeaPot+1","DemoMod:SAA"],"picked":"SKIP","floor":31.0},{"not_picked":["DemoMod:HuntsMan","DemoMod:SpreadAmmo"],"picked":"DemoMod:CursedBullets","floor":32.0},{"not_picked":["DemoMod:Slinger","DemoMod:ThirdPartyController"],"picked":"DemoMod:DoubleVision","floor":35.0},{"not_picked":["DemoMod:AbyssalTentacle+1","DemoMod:HuntsMan","DemoMod:BoxingGlove+1"],"picked":"SKIP","floor":37.0},{"not_picked":["DemoMod:BattleInHaste","DemoMod:DoubleSwitch","DemoMod:FastSwitch"],"picked":"SKIP","floor":40.0},{"not_picked":["DemoMod:TripleGun+1","DemoMod:AbyssalTentacle+1"],"picked":"DemoMod:TableSutra","floor":43.0},{"not_picked":["DemoMod:StrategicReserve+1","DemoMod:DoubleSwitch"],"picked":"DemoMod:HungryBullets","floor":49.0},{"not_picked":["DemoMod:Casey","DemoMod:SAA+1","DemoMod:TeaPot+1"],"picked":"SKIP","floor":50},{"not_picked":["DemoMod:TripleGun+1","DemoMod:Camera"],"picked":"DemoMod:TableSutra+1","floor":56}],"player_experience":281871,"relics_obtained":[{"floor":8.0,"key":"InkBottle"},{"floor":9.0,"key":"Girya"},{"floor":36.0,"key":"DemoMod:RatBoots"},{"floor":36.0,"key":"DemoMod:ResourcefulSack"},{"floor":36.0,"key":"DemoMod:PartiallyEatenCheese"},{"floor":36.0,"key":"SacredBark"},{"floor":36.0,"key":"Black Star"},{"floor":38.0,"key":"DemoMod:NanoMachines"},{"floor":41.0,"key":"Ginger"},{"floor":49.0,"key":"DemoMod:ClearGuonStone"},{"floor":49.0,"key":"DemoMod:Bottle"},{"floor":56,"key":"Incense Burner"},{"floor":56,"key":"DemoMod:BlueGuonStone"}],"event_choices":[{"damage_healed":0.0,"max_hp_gain":0.0,"max_hp_loss":0.0,"gold_gain":0.0,"event_name":"Golden Idol","player_choice":"Take Damage","floor":2.0,"gold_loss":0.0,"damage_taken":17.0,"relics_obtained":["Golden Idol"]},{"cards_removed":["DemoMod:Strike_Huntress"],"damage_healed":0.0,"max_hp_gain":0.0,"max_hp_loss":0.0,"gold_gain":0.0,"event_name":"The Cleric","player_choice":"Card Removal","floor":4.0,"gold_loss":50.0,"damage_taken":0.0},{"damage_healed":0.0,"max_hp_gain":0.0,"max_hp_loss":0.0,"gold_gain":75.0,"event_name":"betterThird:BetterGoop","player_choice":"Gold","floor":5.0,"gold_loss":0.0,"damage_taken":11.0},{"damage_healed":0.0,"max_hp_gain":0.0,"max_hp_loss":0.0,"gold_gain":0.0,"event_name":"Lab","player_choice":"Got Potions","floor":13.0,"gold_loss":0.0,"damage_taken":0.0},{"damage_healed":0.0,"max_hp_gain":0.0,"max_hp_loss":0.0,"gold_gain":0.0,"event_name":"Addict","player_choice":"Stole Relic","floor":19.0,"gold_loss":0.0,"damage_taken":0.0,"relics_obtained":["StoneCalendar"],"cards_obtained":["Shame"]},{"damage_healed":0.0,"max_hp_gain":0.0,"max_hp_loss":0.0,"gold_gain":0.0,"event_name":"The Mausoleum","player_choice":"Opened","floor":20.0,"gold_loss":0.0,"damage_taken":0.0,"relics_obtained":["TungstenRod"],"cards_obtained":["Writhe"]},{"damage_healed":0.0,"max_hp_gain":0.0,"max_hp_loss":0.0,"gold_gain":0.0,"event_name":"Drug Dealer","player_choice":"Inject Mutagens","floor":22.0,"gold_loss":0.0,"damage_taken":0.0,"relics_obtained":["MutagenicStrength"]},{"damage_healed":0.0,"max_hp_gain":0.0,"max_hp_loss":0.0,"gold_gain":0.0,"event_name":"MindBloom","player_choice":"Fight","floor":38.0,"gold_loss":0.0,"damage_taken":0.0},{"damage_healed":0.0,"max_hp_gain":0.0,"max_hp_loss":0.0,"gold_gain":0.0,"event_name":"WeMeetAgain","player_choice":"Gave Potion","floor":39.0,"gold_loss":0.0,"damage_taken":0.0,"relics_obtained":["Oddly Smooth Stone"]},{"damage_healed":0.0,"max_hp_gain":0.0,"max_hp_loss":0.0,"gold_gain":0.0,"event_name":"Mysterious Sphere","player_choice":"Fight","floor":41.0,"gold_loss":0.0,"damage_taken":0.0},{"damage_healed":0.0,"max_hp_gain":0.0,"max_hp_loss":0.0,"gold_gain":0.0,"event_name":"SensoryStone","player_choice":"Memory 1","floor":46.0,"gold_loss":0.0,"damage_taken":0.0},{"cards_removed":["DemoMod:Defend_Huntress"],"damage_healed":0.0,"max_hp_gain":0.0,"max_hp_loss":0.0,"gold_gain":0.0,"event_name":"Falling","player_choice":"Removed Skill","floor":47.0,"gold_loss":0.0,"damage_taken":0.0},{"damage_healed":61.0,"max_hp_gain":0.0,"max_hp_loss":9.0,"gold_gain":0.0,"event_name":"The Moai Head","player_choice":"Heal","floor":48.0,"gold_loss":0.0,"damage_taken":0.0}],"is_beta":false,"boss_relics":[{"not_picked":["energizedSpire:StickyHand","Coffee Dripper"],"picked":"Empty Cage"},{"not_picked":[]}],"items_purged_floors":[11,21,55],"is_endless":false,"potions_floor_spawned":[1,12,14,24,28,30,41,50,56],"ascension_level":12}}