{"host":"m9osufisr3agwk96","time":1612943964,"event":{"mods":["AchievementEnabler","Aspiration","BaseMod","Colored Map","Colored Powertips","Downfall","Friendly Minions","Hermit","Highlight Path","Hubris","Minty Spire (QoL Compilation)","Rare Cards Sparkle","Reliquary","Replay The Spire","Shop Mod","StSLib"],"gold_per_floor":[115,115,115,64,64,64,94,94,94,107,107,124,124,224,224,322,322,339,359,359,359,359,377,377,377,579,596,621,639,639,639],"floor_reached":30,"language":"ENG","playtime":846,"items_purged":[],"score":249,"play_id":"54b2aa4c-89a1-40f8-adbd-c8f8e103a7aa","local_time":"20210209235924","is_ascension_mode":true,"campfire_choices":[{"data":"ReplayTheSpireMod:Fabricate Wheel","floor":6,"key":"SMITH"},{"floor":8,"key":"REST"},{"floor":11,"key":"REST"}],"circlet_count":0,"master_deck":["Strike_B","Strike_B","Defend_B","Defend_B","Zap","Dualcast+1","BasicCrystalCard","Ball Lightning+1","Rainbow+1","Conserve Battery","Steam Power","Turbo","Steam","Electrodynamics","ReplayTheSpireMod:GoodbyeWorld+1","Rebound+1","Stack+1","Panic Button+1","Crystallizer+1","Leap","Steam+1","Reinforced Body","Conserve Battery+1","ReplayTheSpireMod:Calculation Training+1","hubris:Ukulele+1","Turbo+1","ReplayTheSpireMod:System Scan","Time Bomb","Double Energy+1","Chaos+1"],"relics":["Cracked Core","Ring of Misfortune","aspiration:HatOfInfinitePower","Replay:Bottled Eggs","Replay:Multitool","Prayer Wheel","Prayer Wheel","Astrolabe","aspiration:RitualStick"],"acts_visited":["Exordium","TheCity"],"potions_floor_usage":[16,23,23,27],"damage_taken":[{"damage":13,"enemies":"Small Slimes","floor":1,"turns":3},{"damage":42,"enemies":"Gremlin Nob","floor":7,"turns":5},{"damage":0,"enemies":"2 Louse","floor":10,"turns":2},{"damage":9,"enemies":"Jaw Worm","floor":12,"turns":3},{"damage":36,"enemies":"Slime Boss","floor":16,"turns":11},{"damage":2,"enemies":"Chosen","floor":18,"turns":4},{"damage":0,"enemies":"Spheric Guardian","floor":19,"turns":4},{"damage":5,"enemies":"Cultist and Chosen","floor":23,"turns":7},{"damage":25,"enemies":"Snake Plant","floor":27,"turns":4},{"damage":5,"enemies":"Chosen and Byrds","floor":29,"turns":5},{"damage":15,"enemies":"Centurion and Healer","floor":30,"turns":1}],"seed_played":"-7949405990475635202","potions_obtained":[{"floor":12,"key":"ColorlessPotion"},{"floor":16,"key":"Dexterity Potion"},{"floor":18,"key":"sneckomod:MuddlingPotion"},{"floor":23,"key":"sneckomod:MuddlingPotion"}],"is_trial":false,"path_per_floor":["M","?","?","$","?","R","E","R","T","M","R","M","$","?","R_BF","B",null,"M","M","PTL","PTL","?","M","?","R","?","M","T","M","M"],"character_chosen":"DEFECT","items_purchased":["Ball Lightning"],"campfire_rested":2,"item_purchase_floors":[4],"current_hp_per_floor":[62,62,59,59,75,75,33,55,55,55,75,66,66,66,66,30,75,73,73,73,73,58,53,53,75,45,20,20,15,0,0],"gold":639,"neow_bonus":"ONE_RANDOM_RARE_CARD","is_daily":false,"chose_seed":false,"campfire_upgraded":1,"win_rate":0.0,"timestamp":1612943964,"path_taken":["M","?","?","$","?","R","E","R","T","M","R","M","?","?","R_BF","BOSS","M","?","PTL","PTL","?","M","?","R","?","?","T","M","M"],"items_purchased_type":["Card"],"build_version":"2020-12-22","purchased_purges":0,"victory":false,"max_hp_per_floor":[75,75,75,75,75,75,75,75,75,75,75,75,75,75,75,75,75,75,75,75,75,75,75,75,75,75,75,75,75,75,75],"card_choices":[{"not_picked":["Sweeping Beam","Steam"],"picked":"BasicCrystalCard","floor":1},{"not_picked":["Time Bomb","ReplayTheSpireMod:Reroute Power"],"picked":"Rainbow","floor":7},{"not_picked":["ReplayTheSpireMod:GoodbyeWorld","Turbo"],"picked":"Conserve Battery","floor":10},{"not_picked":["Stack","Reprogram"],"picked":"Steam Power","floor":12},{"not_picked":["Gash","Panic Button"],"picked":"Turbo","floor":12},{"not_picked":["hubris:DoWhile","ReplayRNGCard"],"picked":"Electrodynamics","floor":16},{"not_picked":["Sweeping Beam","Gash"],"picked":"Panic Button+1","floor":18},{"not_picked":["ReplayTheSpireMod:Calculation Training","Tempest"],"picked":"Crystallizer+1","floor":18},{"not_picked":["Compile Driver","Panic Button+1"],"picked":"Leap","floor":18},{"not_picked":["Barrage+1","Reprogram"],"picked":"Steam+1","floor":19},{"not_picked":["Conserve Battery","Go for the Eyes"],"picked":"Reinforced Body","floor":19},{"not_picked":["Hologram+1","Steam Power","hubris:PowerSurge"],"picked":"SKIP","floor":19},{"not_picked":["Steam","ReplaySort"],"picked":"Conserve Battery+1","floor":23},{"not_picked":["Gash","Aggregate"],"picked":"ReplayTheSpireMod:Calculation Training+1","floor":23},{"not_picked":["hubris:Prefetch","Go for the Eyes"],"picked":"hubris:Ukulele+1","floor":23},{"not_picked":["Steam Power+1","Panic Button"],"picked":"Turbo+1","floor":26},{"not_picked":["Steam","Barrage+1"],"picked":"ReplayTheSpireMod:System Scan","floor":27},{"not_picked":["hubris:PowerSurge+1","Sunder"],"picked":"Time Bomb","floor":27},{"not_picked":["Redo","Barrage","White Noise"],"picked":"SKIP","floor":27},{"not_picked":["Cold Snap","Coolheaded"],"picked":"Double Energy+1","floor":29},{"not_picked":["Conserve Battery","Consume"],"picked":"Chaos+1","floor":29},{"not_picked":["Streamline+1","Beam Cell","Gash+1"],"picked":"SKIP","floor":29}],"player_experience":444549,"relics_obtained":[{"floor":2,"key":"Ring of Misfortune"},{"floor":7,"key":"Replay:Bottled Eggs"},{"floor":9,"key":"Replay:Multitool"}],"event_choices":[{"damage_healed":0,"gold_gain":0,"player_choice":"Success","damage_taken":3,"relics_obtained":["aspiration:HatOfInfinitePower"],"max_hp_gain":0,"max_hp_loss":0,"event_name":"Scrap Ooze","floor":3,"gold_loss":0},{"damage_healed":25,"gold_gain":0,"player_choice":"Banana","damage_taken":0,"max_hp_gain":0,"max_hp_loss":0,"event_name":"Big Fish","floor":5,"gold_loss":0},{"damage_healed":0,"gold_gain":100,"player_choice":"Pray","damage_taken":0,"max_hp_gain":0,"max_hp_loss":0,"event_name":"Golden Shrine","floor":14,"gold_loss":0},{"damage_healed":0,"gold_gain":0,"cards_transformed":["Strike_B"],"player_choice":"Transformed","damage_taken":0,"max_hp_gain":0,"max_hp_loss":0,"event_name":"Transmorgrifier","floor":15,"gold_loss":0,"cards_obtained":["Steam"]}],"is_beta":false,"boss_relics":[{"not_picked":["aspiration:SilentSkillbook","hubris:TerracottaHorce"],"picked":"Astrolabe"}],"items_purged_floors":[],"is_endless":false,"potions_floor_spawned":[12,16,18,23],"killed_by":"Centurion and Healer","ascension_level":2}}