{"host":"tetk82fuf8thwxol","time":1612928576,"event":{"mods":["AchievementEnabler","BaseMod","BetterRewards","GifTheSpireLib","Hermit","Minty Spire (QoL Compilation)","Permanent Neow","Quick Restart","Shop Mod","Spicy Shops","StSLib","The Bug Knight","The Cursed","The Runesmith"],"gold_per_floor":[109,109,128,147,9999,10032,10032,10032,10032,10032,9066,9101,7769,7793,7793,7917,7917,7933,7336,7435,7459,7479,7479,7479,7523,7523,7566,6402,6402,6402,6418,6418,6539,6539,6563,5473,5473,5473,4361,4392,3833,3868,3917,3639,3707,3750,3771,3790,3790,3790,3790,3790,2868,2911,2911],"floor_reached":56,"language":"ENG","playtime":1696,"items_purged":["Strike_B","Strike_B","Clumsy","Defend_B","Strike_B","Melter","Ball Lightning","Bandage Up","Zap","Defend_B","Doom and Gloom","Consume"],"score":2028,"play_id":"8f0e1d95-381c-41df-a8e1-e75f25431835","local_time":"20210209214256","is_ascension_mode":true,"campfire_choices":[{"data":"Apotheosis","floor":8,"key":"SMITH"},{"floor":15,"key":"RECALL"},{"floor":23,"key":"REST"},{"floor":29,"key":"REST"},{"floor":32,"key":"REST"},{"floor":49,"key":"REST"},{"floor":52,"key":"DIG"}],"circlet_count":0,"master_deck":["AscendersBane","Strike_B+1","Defend_B","Defend_B","Dualcast+1","Ball Lightning+1","Storm+1","Apotheosis+1","Defragment","Lockon","Loop","Machine Learning","Heatsinks","Tempest","Static Discharge","Amplify","Storm","Double Energy+1","Storm"],"relics":["Cracked Core","NeowsBlessing","Torii","Whetstone","CaptainsWheel","Letter Opener","Matryoshka","Runesmith:Nanobots","Strawberry","Golden Idol","Bag of Marbles","Akabeko","PreservedInsect","Cables","Sling","Ancient Tea Set","Singing Bowl","Oddly Smooth Stone","HandDrill","Runic Capacitor","Centennial Puzzle","Fusion Hammer","Gremlin Horn","Regal Pillow","Molten Egg 2","Omamori","Meat on the Bone","Juzu Bracelet","Anchor","Lantern","Happy Flower","Nunchaku","Sozu","Symbiotic Virus","Pantograph","Boot","Medical Kit","Vajra","HollowMod:PaleOreRelic","Bag of Preparation","ClockworkSouvenir","Art of War","Shovel","Membership Card","DataDisk","Shuriken","Bottled Tornado","Runesmith:AutoHammer","Mercury Hourglass","Pen Nib","MealTicket","Toxic Egg 2","Ice Cream","Darkstone Periapt","White Beast Statue","Bottled Lightning","HollowMod:StagPassRelic","Bronze Scales","War Paint","Mummified Hand","Blue Candle","Bottled Flame"],"acts_visited":["Exordium","TheCity","TheBeyond","TheEnding"],"potions_floor_usage":[16,45,54,55],"damage_taken":[{"damage":0,"enemies":"Cultist","floor":1,"turns":1},{"damage":0,"enemies":"Jaw Worm","floor":3,"turns":1},{"damage":0,"enemies":"2 Louse","floor":4,"turns":1},{"damage":12,"enemies":"Lagavulin","floor":6,"turns":5},{"damage":0,"enemies":"Gremlin Nob","floor":12,"turns":2},{"damage":1,"enemies":"Large Slime","floor":14,"turns":3},{"damage":0,"enemies":"Slime Boss","floor":16,"turns":4},{"damage":0,"enemies":"2 Thieves","floor":18,"turns":1},{"damage":6,"enemies":"3 Byrds","floor":21,"turns":2},{"damage":37,"enemies":"Centurion and Healer","floor":22,"turns":3},{"damage":1,"enemies":"Book of Stabbing","floor":25,"turns":2},{"damage":0,"enemies":"Gremlin Leader","floor":27,"turns":2},{"damage":20,"enemies":"Shelled Parasite and Fungi","floor":31,"turns":3},{"damage":22,"enemies":"Collector","floor":33,"turns":4},{"damage":7,"enemies":"3 Shapes","floor":35,"turns":2},{"damage":7,"enemies":"Giant Head","floor":40,"turns":3},{"damage":0,"enemies":"Reptomancer","floor":42,"turns":2},{"damage":0,"enemies":"2 Orb Walkers","floor":45,"turns":2},{"damage":0,"enemies":"HollowMod:StalkingDevout","floor":46,"turns":1},{"damage":14,"enemies":"3 Darklings","floor":47,"turns":2},{"damage":0,"enemies":"Sphere and 2 Shapes","floor":48,"turns":2},{"damage":42,"enemies":"Donu and Deca","floor":50,"turns":3},{"damage":22,"enemies":"Shield and Spear","floor":54,"turns":2},{"damage":43,"enemies":"The Heart","floor":55,"turns":4}],"seed_played":"-9172483162299197961","potions_obtained":[{"floor":12,"key":"SpeedPotion"},{"floor":14,"key":"AttackPotion"},{"floor":16,"key":"Weak Potion"},{"floor":25,"key":"SpeedPotion"},{"floor":31,"key":"Block Potion"}],"is_trial":false,"path_per_floor":["M","?","M","M","$","E","?","R","T","?","$","E","$","M","R","B",null,"M","$","?","M","M","R","?","E","T","E","$","R","?","M","R","B",null,"M","$","?","?","$","E","$","E","T","$","?","E","M","M","R","B",null,"R","$","E","B",null],"character_chosen":"DEFECT","items_purchased":["Storm","Torii","Whetstone","CaptainsWheel","Letter Opener","Apotheosis","Bag of Marbles","Akabeko","PreservedInsect","Cables","Sling","Defragment","Lockon","Singing Bowl","Oddly Smooth Stone","HandDrill","Runic Capacitor","Centennial Puzzle","Loop","Gremlin Horn","Regal Pillow","Heatsinks","Static Discharge","Anchor","Lantern","Happy Flower","Nunchaku","Symbiotic Virus","Pantograph","Boot","Medical Kit","Vajra","HollowMod:PaleOreRelic","Bag of Preparation","ClockworkSouvenir","Art of War","Double Energy","Membership Card","DataDisk","Shuriken","Bottled Tornado","Runesmith:AutoHammer","Pen Nib","MealTicket","Toxic Egg 2","Bottled Lightning","HollowMod:StagPassRelic","Bronze Scales","War Paint","Mummified Hand","Blue Candle"],"campfire_rested":4,"item_purchase_floors":[5,5,5,5,5,5,11,11,11,11,11,11,11,13,13,13,13,13,13,19,19,19,28,28,28,28,28,36,36,36,36,39,39,39,39,39,39,41,41,41,41,41,44,44,44,53,53,53,53,53,53],"current_hp_per_floor":[68,68,68,68,68,60,60,60,67,67,67,73,73,78,78,78,78,78,78,78,80,45,82,82,81,81,83,83,84,84,66,86,64,81,74,74,74,74,74,69,69,71,71,71,73,75,63,65,98,56,88,88,98,76,55],"gold":2911,"neow_bonus":"THREE_ENEMY_KILL","is_daily":false,"chose_seed":false,"campfire_upgraded":1,"win_rate":0.0,"timestamp":1612928576,"path_taken":["M","?","M","?","$","E","?","R","T","?","$","E","$","M","R","BOSS","M","$","?","M","M","R","?","E","T","E","$","R","?","M","R","BOSS","M","$","?","?","$","E","$","E","T","?","?","E","M","M","R","BOSS","R","$","E","BOSS"],"items_purchased_type":["Card","Relic","Relic","Relic","Relic","Card","Relic","Relic","Relic","Relic","Relic","Card","Card","Relic","Relic","Relic","Relic","Relic","Card","Relic","Relic","Card","Card","Relic","Relic","Relic","Relic","Relic","Relic","Relic","Relic","Relic","Relic","Relic","Relic","Relic","Card","Relic","Relic","Relic","Relic","Relic","Relic","Relic","Relic","Relic","Relic","Relic","Relic","Relic","Relic"],"build_version":"2020-12-22","purchased_purges":12,"victory":true,"max_hp_per_floor":[75,75,75,75,75,75,75,75,82,76,76,76,76,78,78,78,78,78,78,78,80,82,82,82,82,82,84,84,84,84,86,86,86,86,86,86,86,86,86,88,88,90,90,90,92,94,96,98,98,98,98,98,98,98,98],"card_choices":[{"not_picked":["Sweeping Beam","FTL"],"picked":"Ball Lightning","floor":1},{"not_picked":["Gash","Darkness"],"picked":"Ball Lightning","floor":3},{"not_picked":["Conserve Battery","Go for the Eyes","Hello World"],"picked":"SKIP","floor":4},{"not_picked":["Recycle","Steam","Turbo"],"picked":"SKIP","floor":6},{"not_picked":["Self Repair","Blizzard"],"picked":"Consume","floor":12},{"not_picked":["Barrage","Conserve Battery","Sweeping Beam"],"picked":"Singing Bowl","floor":14},{"not_picked":["Hyperbeam","All For One"],"picked":"Machine Learning","floor":16},{"not_picked":["Self Repair","Lockon"],"picked":"Melter","floor":18},{"not_picked":["Beam Cell","Rebound+1","Turbo"],"picked":"Singing Bowl","floor":21},{"not_picked":["Streamline+1","Gash","Sunder"],"picked":"Singing Bowl","floor":22},{"not_picked":["Gash+1","Sweeping Beam+1"],"picked":"Tempest","floor":25},{"not_picked":["Multi-Cast","Barrage+1","Reinforced Body"],"picked":"Singing Bowl","floor":27},{"not_picked":["Hello World","Chaos","Coolheaded+1"],"picked":"Singing Bowl","floor":31},{"not_picked":["Machine Learning","Fission"],"picked":"Amplify","floor":33},{"not_picked":["Conserve Battery","Consume"],"picked":"Storm","floor":35},{"not_picked":["Sweeping Beam+1","Auto Shields+1","Barrage+1"],"picked":"Singing Bowl","floor":40},{"not_picked":["Go for the Eyes+1","Genetic Algorithm","Redo"],"picked":"Singing Bowl","floor":42},{"not_picked":["Rebound+1","Steam+1","Turbo+1"],"picked":"Singing Bowl","floor":45},{"not_picked":["Barrage+1","Sweeping Beam+1","BootSequence+1"],"picked":"Singing Bowl","floor":46},{"not_picked":["Conserve Battery+1","Chaos+1","Melter+1"],"picked":"Singing Bowl","floor":47},{"not_picked":["Recycle+1","Skim+1","Beam Cell+1"],"picked":"Singing Bowl","floor":48},{"not_picked":["Fission+1","Hologram+1"],"picked":"Storm","floor":54}],"player_experience":203505,"relics_obtained":[{"floor":6,"key":"Matryoshka"},{"floor":9,"key":"Runesmith:Nanobots"},{"floor":9,"key":"Strawberry"},{"floor":12,"key":"Ancient Tea Set"},{"floor":25,"key":"Molten Egg 2"},{"floor":26,"key":"Omamori"},{"floor":26,"key":"Meat on the Bone"},{"floor":27,"key":"Juzu Bracelet"},{"floor":40,"key":"Shovel"},{"floor":42,"key":"Mercury Hourglass"},{"floor":45,"key":"Ice Cream"},{"floor":46,"key":"Darkstone Periapt"},{"floor":52,"key":"White Beast Statue"},{"floor":54,"key":"Bottled Flame"}],"event_choices":[{"damage_healed":0,"gold_gain":0,"player_choice":"2 cards matched","damage_taken":0,"max_hp_gain":0,"max_hp_loss":0,"event_name":"Match and Keep!","floor":2,"gold_loss":0,"cards_obtained":["Bandage Up","Doom and Gloom"]},{"damage_healed":0,"gold_gain":0,"player_choice":"Ignored","damage_taken":0,"max_hp_gain":0,"max_hp_loss":0,"event_name":"Liars Game","floor":7,"gold_loss":0},{"damage_healed":0,"gold_gain":0,"player_choice":"Lose Max HP","damage_taken":0,"relics_obtained":["Golden Idol"],"max_hp_gain":0,"max_hp_loss":6,"event_name":"Golden Idol","floor":10,"gold_loss":0},{"damage_healed":0,"gold_gain":99,"player_choice":"Stole From Cult","damage_taken":0,"max_hp_gain":0,"max_hp_loss":0,"event_name":"Nest","floor":20,"gold_loss":0},{"damage_healed":0,"gold_gain":0,"player_choice":"Ignored","damage_taken":0,"max_hp_gain":0,"max_hp_loss":0,"event_name":"The Mausoleum","floor":24,"gold_loss":0},{"damage_healed":0,"gold_gain":0,"player_choice":"Forge","damage_taken":0,"max_hp_gain":0,"max_hp_loss":0,"event_name":"Accursed Blacksmith","floor":30,"gold_loss":0,"cards_upgraded":["Storm"]},{"damage_healed":0,"gold_gain":0,"player_choice":"Ignored","damage_taken":0,"max_hp_gain":0,"max_hp_loss":0,"event_name":"Tomb of Lord Red Mask","floor":37,"gold_loss":0},{"damage_healed":0,"gold_gain":0,"player_choice":"Bought 0 Potions","damage_taken":0,"max_hp_gain":0,"max_hp_loss":0,"event_name":"The Woman in Blue","floor":38,"gold_loss":0},{"damage_healed":0,"gold_gain":0,"player_choice":"Fight","damage_taken":0,"max_hp_gain":0,"max_hp_loss":0,"event_name":"Mysterious Sphere","floor":45,"gold_loss":0}],"is_beta":false,"boss_relics":[{"not_picked":["Empty Cage","Runic Pyramid"],"picked":"Fusion Hammer"},{"not_picked":["Coffee Dripper","FrozenCore"],"picked":"Sozu"}],"items_purged_floors":[5,5,11,13,13,19,28,28,36,39,53,53],"is_endless":false,"potions_floor_spawned":[12,14,16,25,27,31,33,35,42,54],"ascension_level":10}}