{"host":"xp27heuvanyklt0b","time":1612930939,"event":{"mods":["100% Spire Juice","BaseMod","Lobotomy","Minty Spire (QoL Compilation)","StSLib"],"gold_per_floor":[113,113,113,113,124,124,76,94,118,152,152,152,162,81,81,179,179,194,194,194,213,227,227,245,20,20,30,30,30],"floor_reached":28,"language":"KOR","playtime":1173,"items_purged":["Parasite"],"score":318,"play_id":"6dfd7614-2fd7-455a-a486-7197ab812c6f","local_time":"20210210132219","is_ascension_mode":false,"campfire_choices":[{"data":"Spot Weakness","floor":6,"key":"SMITH"},{"data":"Second Wind","floor":11,"key":"SMITH"},{"data":"Whirlwind","floor":15,"key":"SMITH"},{"data":"Second Wind","floor":23,"key":"SMITH"}],"circlet_count":0,"master_deck":["Strike_R","Strike_R","Strike_R","Strike_R","Defend_R","Defend_R","Defend_R","Defend_R","Bash","Wellcheers","Flex+1","Twin Strike","Spot Weakness+1","Heavy Blade","SingingMachine","Heavy Blade","Parasite","Mercenary","Second Wind+1","QueenOfHatred","Second Wind+1","Whirlwind+1","Parasite","BlackArmy","Berserk","Parasite","Woodsman","Cleave","GalaxyChild","Flex+1","NakedNest","Sword Boomerang","ShyLook","Flex","FieryBird","Feel No Pain"],"relics":["Burning Blood","CogitoBucket","Pen Nib","Centennial Puzzle","MealTicket","Mummified Hand","Runic Cube","BehaviorAdjustment","Red Skull"],"acts_visited":["Exordium","TheCity"],"potions_floor_usage":[22],"damage_taken":[{"damage":6,"enemies":"Jaw Worm","floor":1,"turns":5},{"damage":0,"enemies":"2 Louse","floor":5,"turns":3},{"damage":1,"enemies":"Cultist","floor":8,"turns":3},{"damage":26,"enemies":"3 Sentries","floor":10,"turns":4},{"damage":10,"enemies":"Exordium Thugs","floor":13,"turns":4},{"damage":10,"enemies":"Slime Boss","floor":16,"turns":7},{"damage":36,"enemies":"Spheric Guardian","floor":18,"turns":4},{"damage":25,"enemies":"Shell Parasite","floor":21,"turns":5},{"damage":26,"enemies":"Centurion and Healer","floor":22,"turns":4},{"damage":15,"enemies":"Snecko","floor":24,"turns":4},{"damage":22,"enemies":"Snake Plant","floor":27,"turns":4},{"damage":57,"enemies":"Shelled Parasite and Fungi","floor":28,"turns":4}],"seed_played":"6397522024831548752","potions_obtained":[{"floor":8,"key":"FearPotion"},{"floor":10,"key":"Energy Potion"},{"floor":18,"key":"FearPotion"},{"floor":24,"key":"SpeedPotion"}],"is_trial":false,"path_per_floor":["M","?","?","?","M","R","$","M","T","E","R","T","M","$","R","B",null,"M","?","?","M","M","R","M","$","T","M","M"],"character_chosen":"IRONCLAD","items_purchased":["Heavy Blade","Whirlwind","Red Skull"],"campfire_rested":0,"item_purchase_floors":[7,14,25],"current_hp_per_floor":[80,68,68,68,74,74,74,79,79,59,59,59,55,70,70,72,80,56,56,56,46,46,46,46,61,61,47,0,0],"gold":30,"neow_bonus":"","is_daily":false,"chose_seed":false,"campfire_upgraded":4,"win_rate":0.0,"timestamp":1612930939,"path_taken":["M","?","?","?","?","R","?","M","T","E","R","?","M","$","R","BOSS","M","?","?","?","M","R","M","?","T","M","M"],"items_purchased_type":["Card","Card","Relic"],"build_version":"2020-12-22","purchased_purges":1,"victory":false,"max_hp_per_floor":[80,80,80,80,80,80,80,80,80,80,80,80,80,80,80,80,80,80,80,80,80,80,80,80,77,77,77,77,77],"card_choices":[{"not_picked":["OSAHOGD","FairyFestival","LaLuna"],"picked":"Singing Bowl","floor":1},{"not_picked":["BeautyBeast","PunishingBird"],"picked":"Wellcheers","floor":1},{"not_picked":["Evolve","Iron Wave"],"picked":"Flex","floor":1},{"not_picked":["WallGazer","CherryBlossoms"],"picked":"WhitesApple","floor":5},{"not_picked":["Armaments","Exhume"],"picked":"Spot Weakness","floor":5},{"not_picked":["FairyFestival","Woodsman"],"picked":"SingingMachine","floor":8},{"not_picked":["Searing Blow","Warcry"],"picked":"Heavy Blade","floor":8},{"not_picked":["QueenOfHatred","LittlePrince","BigBadWolf"],"picked":"Singing Bowl","floor":10},{"not_picked":["PunishingBird","OSAHOGD"],"picked":"Mercenary","floor":10},{"not_picked":["Body Slam","Twin Strike"],"picked":"Second Wind","floor":10},{"not_picked":["UniverseFragment","OldLady"],"picked":"QueenOfHatred","floor":13},{"not_picked":["Warcry","True Grit"],"picked":"Second Wind","floor":13},{"not_picked":["MHz","OSAHOGD"],"picked":"BlackArmy","floor":16},{"not_picked":["Limit Break","Corruption"],"picked":"Berserk","floor":16},{"not_picked":["Funeral","GalaxyChild"],"picked":"Woodsman","floor":18},{"not_picked":["Spot Weakness","Whirlwind"],"picked":"Cleave","floor":18},{"not_picked":["MeatLantern","HeroicMonk"],"picked":"GalaxyChild","floor":21},{"not_picked":["Shockwave","Sever Soul"],"picked":"Flex+1","floor":21},{"not_picked":["Scarecrow","FairyFestival"],"picked":"NakedNest","floor":22},{"not_picked":["Wild Strike","Clash"],"picked":"Sword Boomerang","floor":22},{"not_picked":["Bloodbath","MHz"],"picked":"ShyLook","floor":24},{"not_picked":["Combust","Anger"],"picked":"Flex","floor":24},{"not_picked":["QueenBee","BeautyBeast","BigBadWolf"],"picked":"Singing Bowl","floor":27},{"not_picked":["Scorched","MHz"],"picked":"FieryBird","floor":27},{"not_picked":["Pommel Strike","Perfected Strike"],"picked":"Feel No Pain","floor":27}],"player_experience":195895,"relics_obtained":[{"floor":9,"key":"Centennial Puzzle"},{"floor":10,"key":"MealTicket"},{"floor":12,"key":"Mummified Hand"}],"event_choices":[{"damage_healed":0,"gold_gain":0,"player_choice":"Success","damage_taken":12,"relics_obtained":["Pen Nib"],"max_hp_gain":0,"max_hp_loss":0,"event_name":"Scrap Ooze","floor":2,"gold_loss":0},{"damage_healed":0,"gold_gain":0,"player_choice":"Grow","damage_taken":0,"max_hp_gain":0,"max_hp_loss":0,"event_name":"Living Wall","floor":3,"gold_loss":0,"cards_upgraded":["Flex"]},{"damage_healed":0,"gold_gain":0,"cards_transformed":["Strike_R"],"player_choice":"Transformed","damage_taken":0,"max_hp_gain":0,"max_hp_loss":0,"event_name":"Transmorgrifier","floor":4,"gold_loss":0,"cards_obtained":["Twin Strike"]},{"damage_healed":0,"gold_gain":0,"player_choice":"Ignored","damage_taken":0,"max_hp_gain":0,"max_hp_loss":0,"event_name":"Ghosts","floor":19,"gold_loss":0},{"cards_removed":["WhitesApple"],"damage_healed":0,"gold_gain":0,"player_choice":"Purged","damage_taken":0,"max_hp_gain":0,"max_hp_loss":0,"event_name":"Purifier","floor":20,"gold_loss":0}],"is_beta":false,"boss_relics":[{"not_picked":["Runic Pyramid","Mark of Pain"],"picked":"Runic Cube"}],"items_purged_floors":[25],"is_endless":false,"potions_floor_spawned":[8,10,18,24],"killed_by":"Shelled Parasite and Fungi","ascension_level":0}}