{"host":"m4zn6rtsd36lrr22","time":1612961245,"event":{"mods":["2.2 Compatiblity","Act Like it!","BaseMod","Better Synergies","BetterRewards","CapriCore","Colored Map","Custom Start","FoggyMod","Gensokyo","GungeonMod","HololiveMod","Ironclad Rager","Lobotomy","LobotomyExtend","Luminous","Minty Spire (QoL Compilation)","Permanent Neow","Poor People Problems","Prisma Mod","Quick Restart","Reimu（博丽灵梦）","Relic Filter Mod","Relic Stats","Reliquary","Remilia（蕾米莉亚）","Remove Card Discount Mod","Replay The Spire","RumiaBox-露米娅的神秘盒子","Shop Mod","Spicy Shops","StSLib","The Alterego","The Animator","The Immortal","WarShipGirlsR/战舰少女R mod","Yakumo Yukari mod","noobMod","【功能Mod】混沌之环修复补丁","【遗物卡牌】REMEMod"],"gold_per_floor":[116,129,129,119,135,135,135,135,161,125,76,76,76,76,76,185,185,185,185,185,98,98,124,124,124,202,202,214,214,214,243,243,344,344,361,361,68,68,68,105,105,105,105,131,162,188,188,188,178,211,211],"floor_reached":52,"language":"ZHS","playtime":1493,"items_purged":["Injury","animator:Strike","animator:Defend","animator:Strike","animator:Defend","Pain","animator:LizardPriest+1","Gensokyo:AllTheWorldsEvil","animator:Defend_GoblinSlayer","animator:Strike_GoblinSlayer","animator:Spearman+1"],"score":944,"play_id":"d1939b0f-c6df-4205-8dd1-bef815afd473","local_time":"20210210204725","is_ascension_mode":false,"campfire_choices":[{"data":"animator:DwarfShaman","floor":6,"key":"SMITH"},{"data":"animator:Spearman","floor":13,"key":"SMITH"},{"data":"animator:LizardPriest","floor":15,"key":"SMITH"},{"data":"animator:Priestess","floor":25,"key":"SMITH"},{"data":"animator:SwordMaiden","floor":27,"key":"SMITH"},{"data":"animator:Defend","floor":32,"key":"SMITH"},{"data":"animator:GoblinSlayer","floor":42,"key":"SMITH"}],"circlet_count":0,"master_deck":["animator:LizardPriest+1","animator:SwordMaiden+1","animator:Priestess+1","animator:Spearman+1","animator:DwarfShaman","animator:Witch+1","animator:GuildGirl","animator:CowGirl","animator:GoblinSlayer+1"],"relics":["animator:LivingPicture","animator:TheMissingPiece","REME_ComplimentaryCards","ice","animator:PurgingStone","Bag of Marbles","LetterFromLob","Iron Hammer","Gensokyo:LunaticRedEyes","reliquary:Knoch","reliquary:PorcupineQuills","Lee\u0027s Waffle","GodSword3","ReplayTheSpireMod:Ninjato","DemoMod:Bottle","animator:RacePiece","DemoMod:GlassGuonStoneRelic","reliquary:RoseTintedGlasses","REME_HandOfSuture","REME_PuzzleBoxRelic","Mastiff:ReiMu"],"acts_visited":["Gensokyo:Gensokyo","Gensokyo:Gensokyoer","Gensokyo:Gensokyoest"],"potions_floor_usage":[],"damage_taken":[{"damage":0,"enemies":"Gensokyo:3_Fairies","floor":1,"turns":4},{"damage":0,"enemies":"Gensokyo:Gryphon","floor":2,"turns":3},{"damage":2,"enemies":"Gensokyo:Python","floor":5,"turns":3},{"damage":86,"enemies":"Gensokyo:Yukari","floor":16,"turns":14},{"damage":56,"enemies":"Gensokyo:Reisen","floor":23,"turns":6},{"damage":0,"enemies":"Gensokyo:3_Dogs","floor":28,"turns":4},{"damage":15,"enemies":"Gensokyo:Koishi","floor":31,"turns":6},{"damage":3,"enemies":"Gensokyo:Eiki","floor":33,"turns":6},{"damage":0,"enemies":"Gensokyo:3_Boulders","floor":35,"turns":3},{"damage":0,"enemies":"Gensokyo:3_Bats","floor":40,"turns":2},{"damage":0,"enemies":"Gensokyo:Marisa","floor":45,"turns":2},{"damage":0,"enemies":"Gensokyo:3_Boulders","floor":46,"turns":2},{"damage":0,"enemies":"Gensokyo:Shinki","floor":50,"turns":4}],"seed_played":"4495928556636820985","potions_obtained":[{"floor":1,"key":"SkillPotion"},{"floor":2,"key":"animator:GrowthPotion"},{"floor":5,"key":"Energy Potion"},{"floor":31,"key":"Elixir"}],"is_trial":false,"path_per_floor":["M","M","?","$","M","R","?","?","T","COS","$","?","R","?","R","B",null,"M","?","?","$","?","E","?","R","T","R","M","?","?","E","R","B",null,"M","?","$","?","?","M","?","R","T","T","E","M","?","?","R_BF","B",null,null],"character_chosen":"THE_ANIMATOR","items_purchased":["animator:Spearman","Lee\u0027s Waffle","animator:GuildGirl","animator:CowGirl","reliquary:RoseTintedGlasses"],"campfire_rested":0,"item_purchase_floors":[11,21,37,37,37],"current_hp_per_floor":[66,66,66,66,64,64,64,64,64,64,64,51,51,45,45,23,71,71,71,71,78,78,23,23,23,23,23,23,23,23,8,8,101,106,106,106,106,106,106,106,106,106,106,106,106,106,106,106,106,106,106],"gold":211,"neow_bonus":"RANDOM_COMMON_RELIC","is_daily":false,"chose_seed":false,"campfire_upgraded":7,"win_rate":0.0,"timestamp":1612961245,"path_taken":["M","?","?","$","?","R","?","?","T","COS","?","?","R","?","R","BOSS","M","?","?","$","?","E","?","R","T","R","?","?","?","E","R","BOSS","M","?","$","?","?","?","?","R","T","?","E","?","?","?","R_BF","BOSS"],"items_purchased_type":["Card","Relic","Card","Card","Relic"],"build_version":"2020-12-22","purchased_purges":11,"victory":true,"max_hp_per_floor":[66,66,66,66,66,66,66,66,66,66,66,66,66,66,66,71,71,71,71,71,78,78,89,89,89,89,89,94,94,94,100,100,106,106,106,106,106,106,106,106,106,106,106,106,106,106,106,106,106,107,107],"relic_stats":{"Lee\u0027s Waffle":7,"counters":[13,59],"obtain_stats":[{"Lee\u0027s Waffle":21,"ReplayTheSpireMod:Ninjato":26,"animator:TheMissingPiece":0,"DemoMod:GlassGuonStoneRelic":1,"ice":0,"animator:RacePiece":34,"Gensokyo:LunaticRedEyes":8,"Frozen Eye":31,"reliquary:PorcupineQuills":12,"animator:PurgingStone":0,"Mastiff:ReiMu":45,"animator:LivingPicture":0,"Iron Hammer":3,"reliquary:RoseTintedGlasses":37,"REME_HandOfSuture":43,"Bag of Marbles":0,"LetterFromLob":1,"reliquary:Knoch":9,"REME_PuzzleBoxRelic":44,"GodSword3":23,"DemoMod:Bottle":31,"REME_ComplimentaryCards":0},{"Lee\u0027s Waffle":4,"ReplayTheSpireMod:Ninjato":5,"animator:TheMissingPiece":0,"DemoMod:GlassGuonStoneRelic":1,"ice":0,"animator:RacePiece":8,"Gensokyo:LunaticRedEyes":3,"Frozen Eye":6,"reliquary:PorcupineQuills":3,"animator:PurgingStone":0,"Mastiff:ReiMu":11,"animator:LivingPicture":0,"Iron Hammer":2,"reliquary:RoseTintedGlasses":9,"REME_HandOfSuture":10,"Bag of Marbles":0,"LetterFromLob":1,"reliquary:Knoch":3,"REME_PuzzleBoxRelic":10,"GodSword3":5,"DemoMod:Bottle":7,"REME_ComplimentaryCards":0},{"Lee\u0027s Waffle":24,"ReplayTheSpireMod:Ninjato":30,"animator:TheMissingPiece":0,"DemoMod:GlassGuonStoneRelic":4,"ice":0,"animator:RacePiece":46,"Gensokyo:LunaticRedEyes":10,"Frozen Eye":34,"reliquary:PorcupineQuills":10,"animator:PurgingStone":0,"Mastiff:ReiMu":53,"animator:LivingPicture":0,"Iron Hammer":7,"reliquary:RoseTintedGlasses":49,"REME_HandOfSuture":51,"Bag of Marbles":0,"LetterFromLob":4,"reliquary:Knoch":10,"REME_PuzzleBoxRelic":51,"GodSword3":30,"DemoMod:Bottle":40,"REME_ComplimentaryCards":0}]},"card_choices":[{"not_picked":["animator:Shuna","animator:YaoHaDucy","animator:Assassin"],"picked":"SKIP","floor":1},{"not_picked":["animator:ChlammyZell","animator:TukaLunaMarceau","animator:Assassin"],"picked":"SKIP","floor":2},{"not_picked":["animator:Cocytus","animator:MumenRider","animator:Konayuki"],"picked":"SKIP","floor":5},{"not_picked":["animator:Shiro","animator:Shizu"],"picked":"animator:SwordMaiden","floor":16},{"not_picked":["animator:HighElfArcher","animator:DwarfShaman"],"picked":"animator:Priestess","floor":23},{"not_picked":["animator:DwarfShaman","animator:Genos","animator:Gluttony"],"picked":"SKIP","floor":28},{"not_picked":["animator:Emonzaemon+1","animator:ChlammyZell","animator:Shalltear"],"picked":"SKIP","floor":31},{"not_picked":["animator:Entoma+1","animator:Assassin","animator:Konayuki"],"picked":"SKIP","floor":35},{"not_picked":["animator:Spearman","animator:GuildGirl"],"picked":"animator:GoblinSlayer","floor":40},{"not_picked":["animator:EmiyaShirou","animator:Scar+1","animator:RoyMustang"],"picked":"SKIP","floor":45},{"not_picked":["animator:DolaRiku","animator:MetalKnight+1","animator:Evileye+1"],"picked":"SKIP","floor":46}],"player_experience":387107,"relics_obtained":[{"floor":1,"key":"LetterFromLob"},{"floor":9,"key":"reliquary:Knoch"},{"floor":23,"key":"GodSword3"},{"floor":26,"key":"ReplayTheSpireMod:Ninjato"},{"floor":31,"key":"DemoMod:Bottle"},{"floor":43,"key":"REME_HandOfSuture"},{"floor":44,"key":"REME_PuzzleBoxRelic"},{"floor":45,"key":"Mastiff:ReiMu"}],"event_choices":[],"is_beta":false,"boss_relics":[{"not_picked":["Ectoplasm","Fusion Hammer","Coffee Dripper"]},{"not_picked":["ChewingGum","reliquary:Ember"],"picked":"animator:RacePiece"}],"items_purged_floors":[4,4,4,4,4,21,21,21,21,21,37],"is_endless":false,"potions_floor_spawned":[1,2,5,23,31,35,45],"ascension_level":0}}