{"host":"15sbyzswzncjigmz","time":1612938797,"event":{"mods":["AchievementEnabler","BaseMod","Bestiary","Block Reminder","Colored Map","Colored Powertips","DeckTracker","Minty Spire (QoL Compilation)","Relic Stats","StSLib","Weighted Paths"],"gold_per_floor":[367,382,35,35,95,95,170,170,170,170,245,260,51,63,63,163,163,179,179,23,39,39,39,39,59,141,141,152,152,77,95,95,95,95],"floor_reached":33,"language":"ENG","playtime":3583,"items_purged":["Regret"],"score":233,"play_id":"da4605f9-94a8-469d-a36e-e9650c90f671","local_time":"20210210003317","is_ascension_mode":false,"campfire_choices":[{"floor":6,"key":"REST"},{"floor":10,"key":"REST"},{"floor":15,"key":"REST"},{"floor":27,"key":"REST"},{"floor":29,"key":"REST"},{"floor":32,"key":"RECALL"}],"circlet_count":0,"master_deck":["Strike_P+1","Strike_P+1","Strike_P+1","Strike_P+1","Defend_P+1","Defend_P+1","Defend_P+1","Defend_P+1","Eruption","Vigilance","WheelKick","CarveReality","Adaptation+1","TalkToTheHand","LessonLearned+1","LikeWater","WindmillStrike+1","Omniscience","Pray","Evaluate","DeceiveReality","Swivel+1","Perseverance"],"relics":["PureWater","Membership Card","Happy Flower","Art of War","InkBottle","Frozen Eye","SacredBark","Omamori","Strange Spoon","HornCleat","Chemical X"],"acts_visited":["Exordium","TheCity"],"potions_floor_usage":[16,25],"damage_taken":[{"damage":8,"enemies":"Jaw Worm","floor":1,"turns":7},{"damage":11,"enemies":"Small Slimes","floor":2,"turns":3},{"damage":6,"enemies":"2 Louse","floor":12,"turns":4},{"damage":7,"enemies":"Red Slaver","floor":14,"turns":3},{"damage":32,"enemies":"The Guardian","floor":16,"turns":10},{"damage":24,"enemies":"2 Thieves","floor":18,"turns":4},{"damage":22,"enemies":"3 Byrds","floor":21,"turns":6},{"damage":3,"enemies":"Centurion and Healer","floor":25,"turns":5},{"damage":4,"enemies":"Snecko","floor":28,"turns":3},{"damage":0,"enemies":"Chosen and Byrds","floor":31,"turns":5},{"damage":76,"enemies":"Collector","floor":33,"turns":7}],"seed_played":"-342958343640166032","potions_obtained":[{"floor":1,"key":"ColorlessPotion"},{"floor":12,"key":"GamblersBrew"},{"floor":14,"key":"Swift Potion"},{"floor":18,"key":"Block Potion"},{"floor":21,"key":"AttackPotion"}],"is_trial":false,"path_per_floor":["M","M","$","?","?","R","?","?","T","R","?","M","$","M","R","B",null,"M","?","$","M","$","?","?","M","T","R","M","R","$","M","R","B"],"character_chosen":"WATCHER","items_purchased":["Membership Card","Happy Flower","Art of War","Adaptation","Frozen Eye","LessonLearned","LikeWater","Omamori","Strange Spoon","Chemical X"],"campfire_rested":5,"item_purchase_floors":[3,3,3,3,13,13,13,20,20,30],"current_hp_per_floor":[64,53,53,39,39,60,49,49,49,70,63,57,57,50,71,39,72,48,48,48,26,26,26,26,23,23,44,40,61,61,61,61,0,0],"gold":95,"neow_bonus":"TWO_FIFTY_GOLD","is_daily":false,"chose_seed":false,"campfire_upgraded":0,"win_rate":0.0,"timestamp":1612938797,"path_taken":["M","M","$","?","?","R","?","?","T","R","?","?","$","M","R","BOSS","M","?","?","M","$","?","?","M","T","R","M","R","$","M","R","BOSS"],"items_purchased_type":["Relic","Relic","Relic","Card","Relic","Card","Card","Relic","Relic","Relic"],"build_version":"2020-12-22","purchased_purges":1,"victory":false,"max_hp_per_floor":[72,72,72,72,72,72,72,72,72,72,72,72,72,72,72,72,72,72,72,72,72,72,72,72,72,72,72,72,72,72,72,72,72,72],"relic_stats":{"Strange Spoon":[16],"Happy Flower":[15],"counters":[11,57],"Art of War":[2],"Chemical X":[1],"obtain_stats":[{"Frozen Eye":13,"Strange Spoon":20,"HornCleat":26,"Happy Flower":3,"SacredBark":17,"Art of War":3,"Omamori":20,"Membership Card":3,"Chemical X":30,"PureWater":0,"InkBottle":8},{"Frozen Eye":3,"Strange Spoon":6,"HornCleat":8,"Happy Flower":2,"SacredBark":5,"Art of War":2,"Omamori":6,"Membership Card":2,"Chemical X":9,"PureWater":0,"InkBottle":2},{"Frozen Eye":14,"Strange Spoon":31,"HornCleat":42,"Happy Flower":10,"SacredBark":27,"Art of War":10,"Omamori":31,"Membership Card":10,"Chemical X":45,"PureWater":0,"InkBottle":10}],"InkBottle":[15]},"card_choices":[{"not_picked":["Protect","FlurryOfBlows"],"picked":"WheelKick","floor":1},{"not_picked":["Consecrate","FlyingSleeves"],"picked":"CarveReality","floor":2},{"not_picked":["Weave","Protect"],"picked":"TalkToTheHand","floor":12},{"not_picked":["BowlingBash","JustLucky"],"picked":"WindmillStrike","floor":14},{"not_picked":["ConjureBlade","Scrawl"],"picked":"Omniscience","floor":16},{"not_picked":["EmptyFist","EmptyMind+1"],"picked":"Pray","floor":18},{"not_picked":["JustLucky","ThirdEye+1"],"picked":"Evaluate","floor":21},{"not_picked":["Evaluate","FlurryOfBlows"],"picked":"DeceiveReality","floor":25},{"not_picked":["EmptyBody","CrushJoints"],"picked":"Swivel+1","floor":28},{"not_picked":["EmptyFist","BowlingBash+1"],"picked":"Perseverance","floor":31}],"player_experience":154514,"relics_obtained":[{"floor":26,"key":"HornCleat"}],"event_choices":[{"damage_healed":0,"gold_gain":0,"player_choice":"Entered Light","damage_taken":14,"max_hp_gain":0,"max_hp_loss":0,"event_name":"Shining Light","floor":4,"gold_loss":0,"cards_upgraded":["Defend_P","Strike_P"]},{"damage_healed":0,"gold_gain":60,"player_choice":"Gained Gold","damage_taken":0,"max_hp_gain":0,"max_hp_loss":0,"event_name":"Golden Wing","floor":5,"gold_loss":0},{"damage_healed":0,"gold_gain":75,"player_choice":"Gather Gold","damage_taken":11,"max_hp_gain":0,"max_hp_loss":0,"event_name":"World of Goop","floor":7,"gold_loss":0},{"damage_healed":0,"gold_gain":0,"player_choice":"Box","damage_taken":0,"relics_obtained":["InkBottle"],"max_hp_gain":0,"max_hp_loss":0,"event_name":"Big Fish","floor":8,"gold_loss":0,"cards_obtained":["Regret"]},{"damage_healed":0,"gold_gain":75,"player_choice":"Touch","damage_taken":7,"max_hp_gain":0,"max_hp_loss":0,"event_name":"FaceTrader","floor":11,"gold_loss":0},{"cards_removed":["Writhe"],"damage_healed":0,"gold_gain":0,"player_choice":"Purged","damage_taken":0,"max_hp_gain":0,"max_hp_loss":0,"event_name":"Purifier","floor":19,"gold_loss":0},{"damage_healed":0,"gold_gain":0,"player_choice":"Ignored","damage_taken":0,"max_hp_gain":0,"max_hp_loss":0,"event_name":"Vampires","floor":23,"gold_loss":0},{"damage_healed":0,"gold_gain":0,"player_choice":"Simplicity","damage_taken":0,"max_hp_gain":0,"max_hp_loss":0,"event_name":"Back to Basics","floor":24,"gold_loss":0,"cards_upgraded":["Strike_P","Strike_P","Defend_P","Defend_P","Defend_P"]}],"is_beta":false,"boss_relics":[{"not_picked":["Empty Cage","Ectoplasm"],"picked":"SacredBark"}],"items_purged_floors":[13],"is_endless":false,"potions_floor_spawned":[1,12,14,18,21],"killed_by":"Collector","ascension_level":0}}