{"host":"xsuxkwaivmtd234a","time":1612997399,"event":{"mods":["BaseMod","Colored Map","Filter the Spire","Minty Spire (QoL Compilation)","Relic Stats","StSLib"],"gold_per_floor":[38,48,48,12,72,111,111,142,142,142,142,142,142,182,182,363,363,407,482,581,541,582,582,651,651,651,726,769,131,131,181,181,181,181],"floor_reached":33,"language":"ENG","playtime":1576,"items_purged":["Strike_R"],"score":369,"play_id":"f74edc50-22eb-4361-a86b-e21294837ac7","local_time":"20210210174959","is_ascension_mode":true,"campfire_choices":[{"data":"HandOfGreed","floor":7,"key":"SMITH"},{"floor":12,"key":"REST"},{"data":"Bash","floor":15,"key":"SMITH"},{"floor":23,"key":"REST"},{"floor":32,"key":"REST"}],"circlet_count":0,"master_deck":["Strike_R","Strike_R+1","Strike_R","Strike_R","Defend_R","Defend_R","Defend_R+1","Defend_R+1","Bash+1","HandOfGreed+1","Anger+1","Rampage+1","Hemokinesis","Exhume","Metallicize","Feel No Pain","Offering","Anger+1","Shrug It Off","Headbutt","Reaper","HandOfGreed+1","Shockwave","Uppercut","Finesse"],"relics":["Black Blood","Golden Idol","Gremlin Horn","War Paint","Eternal Feather","Sundial","Kunai","Pear","DollysMirror","Toy Ornithopter","Centennial Puzzle"],"acts_visited":["Exordium","TheCity"],"potions_floor_usage":[18,19,21,21,22,24,27,28,33],"damage_taken":[{"damage":0,"enemies":"2 Louse","floor":1,"turns":2},{"damage":7,"enemies":"Jaw Worm","floor":2,"turns":2},{"damage":0,"enemies":"Small Slimes","floor":5,"turns":3},{"damage":18,"enemies":"Gremlin Nob","floor":6,"turns":3},{"damage":34,"enemies":"Lagavulin","floor":8,"turns":6},{"damage":0,"enemies":"2 Fungi Beasts","floor":14,"turns":2},{"damage":33,"enemies":"Slime Boss","floor":16,"turns":13},{"damage":25,"enemies":"Spheric Guardian","floor":18,"turns":5},{"damage":37,"enemies":"2 Thieves","floor":19,"turns":4},{"damage":26,"enemies":"Snecko","floor":22,"turns":5},{"damage":46,"enemies":"Book of Stabbing","floor":24,"turns":4},{"damage":17,"enemies":"Cultist and Chosen","floor":27,"turns":4},{"damage":15,"enemies":"Chosen and Byrds","floor":28,"turns":3},{"damage":16,"enemies":"Snecko","floor":31,"turns":5},{"damage":118,"enemies":"Collector","floor":33,"turns":6}],"seed_played":"-3441484348020056462","potions_obtained":[{"floor":2,"key":"Explosive Potion"},{"floor":5,"key":"ElixirPotion"},{"floor":14,"key":"Block Potion"},{"floor":16,"key":"LiquidMemories"},{"floor":18,"key":"Regen Potion"},{"floor":21,"key":"Fruit Juice"},{"floor":21,"key":"Fruit Juice"},{"floor":21,"key":"SkillPotion"},{"floor":22,"key":"FearPotion"},{"floor":27,"key":"Weak Potion"},{"floor":28,"key":"FearPotion"}],"is_trial":false,"path_per_floor":["M","M","?","$","M","E","R","E","T","?","?","R","?","M","R","B",null,"M","M","?","?","M","R","E","?","T","M","M","$","?","M","R","B"],"character_chosen":"IRONCLAD","items_purchased":["Hemokinesis","DollysMirror","Shockwave","Uppercut","Toy Ornithopter","Centennial Puzzle"],"campfire_rested":3,"item_purchase_floors":[4,29,29,29,29,29],"current_hp_per_floor":[80,79,59,59,65,53,53,25,25,22,6,39,39,45,54,27,67,54,41,41,51,37,76,42,42,52,47,44,44,44,40,85,0,0],"gold":181,"neow_bonus":"RANDOM_COLORLESS_2","is_daily":false,"chose_seed":false,"campfire_upgraded":2,"win_rate":0.0,"timestamp":1612997399,"path_taken":["M","M","?","$","M","E","R","E","T","?","?","R","?","M","R","BOSS","M","M","?","?","?","R","E","?","T","M","M","$","?","M","R","BOSS"],"items_purchased_type":["Card","Relic","Card","Card","Relic","Relic"],"build_version":"2020-12-22","purchased_purges":1,"victory":false,"max_hp_per_floor":[80,80,80,80,80,80,80,80,80,80,80,80,80,80,80,80,80,80,80,80,90,90,90,90,90,100,100,100,100,100,100,100,100,100],"relic_stats":{"Centennial Puzzle":[6],"Gremlin Horn":[7,7],"counters":[15,67],"Golden Idol":82,"Sundial":[6],"Black Blood":120,"Eternal Feather":45,"Kunai":[10],"War Paint":["Defend_R","Defend_R"],"obtain_stats":[{"Centennial Puzzle":29,"Pear":26,"Gremlin Horn":6,"Golden Idol":3,"Sundial":10,"DollysMirror":29,"Black Blood":17,"Eternal Feather":9,"Kunai":24,"War Paint":8,"Burning Blood":0,"Toy Ornithopter":29},{"Centennial Puzzle":13,"Pear":11,"Gremlin Horn":4,"Golden Idol":2,"Sundial":5,"DollysMirror":13,"Black Blood":7,"Eternal Feather":5,"Kunai":11,"War Paint":5,"Burning Blood":0,"Toy Ornithopter":13},{"Centennial Puzzle":56,"Pear":49,"Gremlin Horn":10,"Golden Idol":4,"Sundial":16,"DollysMirror":56,"Black Blood":31,"Eternal Feather":16,"Kunai":49,"War Paint":16,"Burning Blood":0,"Toy Ornithopter":56}],"Toy Ornithopter":5},"card_choices":[{"not_picked":["Secret Weapon","Sadistic Nature"],"picked":"HandOfGreed","floor":0},{"not_picked":["Havoc","Twin Strike"],"picked":"Anger","floor":1},{"not_picked":["Flex","Sword Boomerang"],"picked":"Rampage","floor":2},{"not_picked":["Infernal Blade","Wild Strike","Hemokinesis"],"picked":"SKIP","floor":5},{"not_picked":["Sword Boomerang","Rampage"],"picked":"Exhume","floor":6},{"not_picked":["Dropkick","Havoc"],"picked":"Metallicize","floor":8},{"not_picked":["Clash","Second Wind"],"picked":"Feel No Pain","floor":14},{"not_picked":["Brutality","Impervious"],"picked":"Offering","floor":16},{"not_picked":["Twin Strike+1","Clash","Blood for Blood"],"picked":"SKIP","floor":18},{"not_picked":["Reckless Charge+1","Shrug It Off"],"picked":"Anger+1","floor":19},{"not_picked":["Rupture","Bloodletting"],"picked":"Shrug It Off","floor":22},{"not_picked":["Thunderclap","Reckless Charge","Warcry"],"picked":"SKIP","floor":24},{"not_picked":["Carnage","Flex+1"],"picked":"Headbutt","floor":27},{"not_picked":["Rampage","Perfected Strike"],"picked":"Reaper","floor":28},{"not_picked":["Shrug It Off","Perfected Strike+1","Searing Blow"],"picked":"SKIP","floor":31}],"player_experience":1232840,"relics_obtained":[{"floor":6,"key":"Gremlin Horn"},{"floor":8,"key":"War Paint"},{"floor":9,"key":"Eternal Feather"},{"floor":24,"key":"Kunai"},{"floor":26,"key":"Pear"}],"event_choices":[{"damage_healed":0,"gold_gain":0,"player_choice":"Take Damage","damage_taken":20,"relics_obtained":["Golden Idol"],"max_hp_gain":0,"max_hp_loss":0,"event_name":"Golden Idol","floor":3,"gold_loss":0},{"damage_healed":0,"gold_gain":0,"player_choice":"Success","damage_taken":3,"relics_obtained":["Sundial"],"max_hp_gain":0,"max_hp_loss":0,"event_name":"Scrap Ooze","floor":10,"gold_loss":0},{"damage_healed":0,"gold_gain":0,"player_choice":"Entered Light","damage_taken":16,"max_hp_gain":0,"max_hp_loss":0,"event_name":"Shining Light","floor":11,"gold_loss":0,"cards_upgraded":["Strike_R","Anger"]},{"damage_healed":0,"gold_gain":0,"player_choice":"Grow","damage_taken":0,"max_hp_gain":0,"max_hp_loss":0,"event_name":"Living Wall","floor":13,"gold_loss":0,"cards_upgraded":["Rampage"]},{"damage_healed":0,"gold_gain":99,"player_choice":"Stole From Cult","damage_taken":0,"max_hp_gain":0,"max_hp_loss":0,"event_name":"Nest","floor":20,"gold_loss":0},{"damage_healed":0,"gold_gain":0,"player_choice":"Bought 3 Potions","damage_taken":0,"max_hp_gain":0,"max_hp_loss":0,"event_name":"The Woman in Blue","floor":21,"gold_loss":0},{"damage_healed":0,"gold_gain":0,"player_choice":"Ignored","damage_taken":0,"max_hp_gain":0,"max_hp_loss":0,"event_name":"Vampires","floor":25,"gold_loss":0},{"damage_healed":0,"gold_gain":0,"player_choice":"1 cards matched","damage_taken":0,"max_hp_gain":0,"max_hp_loss":0,"event_name":"Match and Keep!","floor":30,"gold_loss":0,"cards_obtained":["Finesse"]}],"is_beta":false,"boss_relics":[{"not_picked":["Busted Crown","Ectoplasm"],"picked":"Black Blood"}],"items_purged_floors":[29],"is_endless":false,"potions_floor_spawned":[2,5,14,16,18,22,27,28],"killed_by":"Collector","ascension_level":5}}