{"host":"p7k06irs9cq031u7","time":1612950528,"event":{"mods":["AchievementEnabler","BaseMod","Better Third Choice","Colored Map","Highlight Path","Minty Spire (QoL Compilation)","Quick Restart","Shop Mod","Spicy Shops","StSLib","Unceasing Turn Reminder"],"gold_per_floor":[110,80,97,22,33,33,51,51,51,51,82,95,95,122,122,217,217,228,245,345,15,15,15],"floor_reached":22,"language":"ENG","playtime":1442,"items_purged":["Strike_G","Defend_G","Defend_G"],"score":252,"play_id":"ab21b06a-d6f8-4faa-9c1c-0438fb213858","local_time":"20210210114848","is_ascension_mode":true,"campfire_choices":[{"data":"Die Die Die","floor":6.0,"key":"SMITH"},{"data":"Infinite Blades","floor":8.0,"key":"SMITH"},{"floor":10.0,"key":"RECALL"},{"floor":15.0,"key":"REST"}],"circlet_count":0,"master_deck":["Strike_G","Strike_G","Strike_G","Strike_G","Defend_G","Defend_G","Defend_G","Survivor","Neutralize","Die Die Die+1","Infinite Blades+1","Cloak And Dagger","Cloak And Dagger","Phantasmal Killer","Adrenaline+1","Distraction+1","Adrenaline+1"],"relics":["Ring of the Snake","betterThird:SlimedRelic","Matryoshka","Toxic Egg 2","SlaversCollar","Membership Card","Strange Spoon"],"acts_visited":["Exordium","TheCity"],"potions_floor_usage":[22],"damage_taken":[{"damage":0.0,"enemies":"Small Slimes","floor":1.0,"turns":3.0},{"damage":0.0,"enemies":"Jaw Worm","floor":3.0,"turns":4.0},{"damage":0.0,"enemies":"Cultist","floor":5.0,"turns":4.0},{"damage":0.0,"enemies":"2 Fungi Beasts","floor":7.0,"turns":2.0},{"damage":18.0,"enemies":"Gremlin Nob","floor":11.0,"turns":5.0},{"damage":3.0,"enemies":"Looter","floor":12.0,"turns":3.0},{"damage":9.0,"enemies":"3 Sentries","floor":14.0,"turns":3.0},{"damage":36.0,"enemies":"Slime Boss","floor":16.0,"turns":12.0},{"damage":16.0,"enemies":"Spheric Guardian","floor":18.0,"turns":4.0},{"damage":9,"enemies":"2 Thieves","floor":19,"turns":3},{"damage":39,"enemies":"Centurion and Healer","floor":22,"turns":7}],"seed_played":"-721478711879412506","potions_obtained":[{"floor":3.0,"key":"Strength Potion"},{"floor":12.0,"key":"GhostInAJar"},{"floor":14.0,"key":"PowerPotion"},{"floor":16.0,"key":"SneckoOil"}],"is_trial":false,"path_per_floor":["M","?","M","$","M","R","M","R","T","R","E","M","$","E","R","B",null,"M","M","?","$","M"],"character_chosen":"THE_SILENT","items_purchased":["Membership Card","Strange Spoon"],"campfire_rested":1,"item_purchase_floors":[21,21],"current_hp_per_floor":[63,52,52,52,52,52,52,52,52,52,34,31,31,22,43,7,54,38,29,29,29,0,0],"gold":15,"neow_bonus":"ONE_RANDOM_RARE_CARD","is_daily":false,"chose_seed":false,"campfire_upgraded":2,"win_rate":0.0,"timestamp":1612950528,"path_taken":["M","?","M","$","M","R","M","R","T","R","E","M","$","E","R","BOSS","M","M","?","$","?"],"items_purchased_type":["Relic","Relic"],"build_version":"2020-12-22","purchased_purges":3,"victory":false,"max_hp_per_floor":[70,70,70,70,70,70,70,70,70,70,70,70,70,70,70,70,70,70,70,70,70,70,70],"card_choices":[{"not_picked":["Dagger Throw","Prepared"],"picked":"Infinite Blades","floor":1.0},{"not_picked":["Dagger Throw","Backflip","Dagger Spray"],"picked":"SKIP","floor":3.0},{"not_picked":["Slice","Underhanded Strike"],"picked":"Cloak And Dagger","floor":5.0},{"not_picked":["All Out Attack","Backflip"],"picked":"Cloak And Dagger","floor":7.0},{"not_picked":["Slice","Riddle With Holes"],"picked":"Phantasmal Killer","floor":11.0},{"not_picked":["Prepared","Sucker Punch","Expertise"],"picked":"SKIP","floor":12.0},{"not_picked":["Quick Slash","Heel Hook","Acrobatics+1"],"picked":"SKIP","floor":14.0},{"not_picked":["Tools of the Trade","Malaise+1"],"picked":"Adrenaline+1","floor":16.0},{"not_picked":["Slice","Endless Agony+1"],"picked":"Distraction+1","floor":18.0},{"not_picked":["Dagger Spray","Flying Knee"],"picked":"Adrenaline+1","floor":19}],"player_experience":325594,"relics_obtained":[{"floor":11.0,"key":"Matryoshka"},{"floor":14.0,"key":"Toxic Egg 2"}],"event_choices":[{"damage_healed":0.0,"max_hp_gain":0.0,"max_hp_loss":0.0,"gold_gain":0.0,"event_name":"betterThird:BetterGoop","player_choice":"Slimed","floor":2.0,"gold_loss":30.0,"damage_taken":11.0},{"damage_healed":0,"gold_gain":100,"player_choice":"Pray","damage_taken":0,"max_hp_gain":0,"max_hp_loss":0,"event_name":"Golden Shrine","floor":20,"gold_loss":0}],"is_beta":false,"boss_relics":[{"not_picked":["Velvet Choker","Fusion Hammer"],"picked":"SlaversCollar"}],"items_purged_floors":[4,21,21],"is_endless":false,"potions_floor_spawned":[3,12,14,16,18],"killed_by":"Centurion and Healer","ascension_level":6}}