{"host":"bz6w3lfmpwgz81o3","time":1612921726,"event":{"mods":["BaseMod","Downfall","Hermit","Minty Spire (QoL Compilation)","StSLib"],"gold_per_floor":[99,114,129,149,159,159,182,17,49,34,34,54,65,81,91,91,91],"floor_reached":16,"language":"ENG","playtime":931,"items_purged":["hermit:Strike_Hermit"],"score":106,"play_id":"3fa1b245-c2de-4dcb-a03d-989413deb43d","local_time":"20210210024846","is_ascension_mode":false,"campfire_choices":[{"data":"Sadistic Nature","floor":1,"key":"SMITH"},{"data":"hermit:Combo","floor":6,"key":"SMITH"},{"floor":11,"key":"REST"}],"circlet_count":0,"master_deck":["hermit:Strike_Hermit","hermit:Strike_Hermit","hermit:Strike_Hermit","hermit:Defend_Hermit","hermit:Defend_Hermit","hermit:Defend_Hermit","hermit:Defend_Hermit","hermit:Snapshot","hermit:Covet","Sadistic Nature+1","hermit:Snipe","hermit:Combo+1","hermit:NoHoldsBarred","hermit:Gestalt","hermit:GoldenBullet","hermit:BigShot","hermit:Quickdraw","hermit:Grudge","hermit:WideOpen","hermit:Vantage","hermit:EyeOfTheStorm"],"relics":["hermit:Momento","Potion Belt","Dream Catcher"],"acts_visited":["Exordium"],"potions_floor_usage":[5,9,13,15,16],"damage_taken":[{"damage":7,"enemies":"2 Louse","floor":2,"turns":3},{"damage":2,"enemies":"Small Slimes","floor":3,"turns":3},{"damage":1,"enemies":"Cultist","floor":4,"turns":3},{"damage":9,"enemies":"Gremlin Gang","floor":5,"turns":7},{"damage":5,"enemies":"downfall:FleeingMerchant","floor":8,"turns":4},{"damage":12,"enemies":"Lagavulin","floor":9,"turns":8},{"damage":10,"enemies":"downfall:FleeingMerchant","floor":10,"turns":4},{"damage":3,"enemies":"2 Fungi Beasts","floor":12,"turns":5},{"damage":0,"enemies":"Red Slaver","floor":13,"turns":2},{"damage":5,"enemies":"Blue Slaver","floor":14,"turns":3},{"damage":11,"enemies":"Gremlin Gang","floor":15,"turns":4},{"damage":34,"enemies":"DF_ARCHETYPE_STREAMLINE","floor":16,"turns":9}],"seed_played":"-1813318854899567727","potions_obtained":[{"floor":3,"key":"hexamod:SoulburnPotion"},{"floor":4,"key":"SteroidPotion"},{"floor":12,"key":"sneckomod:MuddlingPotion"},{"floor":13,"key":"SpeedPotion"},{"floor":15,"key":"SneckoOil"}],"is_trial":false,"path_per_floor":["R","M","M","M","M","R","T","$","E","$","R","M","M","M","M","B"],"character_chosen":"HERMIT","items_purchased":["hermit:GoldenBullet"],"campfire_rested":1,"item_purchase_floors":[8],"current_hp_per_floor":[54,47,45,44,35,35,35,30,18,8,30,27,27,22,11,0,0],"gold":91,"neow_bonus":"RANDOM_COLORLESS_2","is_daily":false,"chose_seed":false,"campfire_upgraded":2,"win_rate":0.0,"timestamp":1612921726,"path_taken":["R","M","M","M","M","R","T","$","E","$","R","M","M","M","M","BOSS"],"items_purchased_type":["Card"],"build_version":"2020-12-22","purchased_purges":1,"victory":false,"max_hp_per_floor":[75,75,75,75,75,75,75,75,75,75,75,75,75,75,75,75,75],"card_choices":[{"not_picked":["Mayhem","Metamorphosis"],"picked":"Sadistic Nature","floor":0},{"not_picked":["hermit:Desperado","hermit:SprayPray","hermit:Misfire"],"picked":"SKIP","floor":2},{"not_picked":["hermit:Virtue","hermit:ItchyTrigger"],"picked":"hermit:Snipe","floor":3},{"not_picked":["hermit:Roulette","hermit:ItchyTrigger"],"picked":"hermit:Combo","floor":4},{"not_picked":["hermit:BodyArmor","hermit:Spite"],"picked":"hermit:NoHoldsBarred","floor":5},{"not_picked":["hermit:Roulette","hermit:BlackWind"],"picked":"hermit:Gestalt","floor":8},{"not_picked":["hermit:LuckOfTheDraw","hermit:FullyLoaded"],"picked":"hermit:BigShot","floor":9},{"not_picked":["hermit:Snipe","hermit:TrackingShot"],"picked":"hermit:Quickdraw","floor":10},{"not_picked":["hermit:Snipe","hermit:TrackingShot"],"picked":"hermit:Grudge","floor":11},{"not_picked":["hermit:Scavenge","hermit:Virtue"],"picked":"hermit:WideOpen","floor":12},{"not_picked":["hermit:Snipe","hermit:Horror","hermit:Headshot"],"picked":"SKIP","floor":13},{"not_picked":["hermit:CalledShot","hermit:LuckOfTheDraw"],"picked":"hermit:Vantage","floor":14},{"not_picked":["hermit:HoleUp","hermit:Feint"],"picked":"hermit:EyeOfTheStorm","floor":15}],"player_experience":31525,"relics_obtained":[{"floor":7,"key":"Potion Belt"},{"floor":9,"key":"Dream Catcher"}],"event_choices":[],"is_beta":false,"boss_relics":[],"items_purged_floors":[8],"is_endless":false,"potions_floor_spawned":[3,4,12,13,15],"killed_by":"DF_ARCHETYPE_STREAMLINE","ascension_level":0}}