{"host":"x5w9zppki4gdwvc7","time":1612925280,"event":{"mods":["AchievementEnabler","BaseMod","Colored Powertips","DeckTracker","Minty Spire (QoL Compilation)","SuperFastMode"],"gold_per_floor":[212,223,4,14,14,14,47,47,47,80,95,95,113,153,153,153,153],"floor_reached":16,"language":"ENG","playtime":929,"items_purged":[],"score":156,"play_id":"1db35b12-c4c8-4219-af3b-f7673fe6428f","local_time":"20210210034800","is_ascension_mode":true,"campfire_choices":[{"data":"Footwork","floor":6,"key":"SMITH"},{"floor":8,"key":"REST"},{"data":"Blur","floor":15,"key":"SMITH"}],"circlet_count":0,"master_deck":["Strike_G","Strike_G","Strike_G","Strike_G","Strike_G","Defend_G","Defend_G","Defend_G","Defend_G","Defend_G","Survivor","Neutralize","Leg Sweep+1","Blur+1","Footwork+1","Sucker Punch","Dagger Spray","Backflip","Heel Hook","Injury"],"relics":["Ring of the Snake","Oddly Smooth Stone","Incense Burner","Eternal Feather","Shuriken","Golden Idol","Bag of Marbles"],"acts_visited":["Exordium"],"potions_floor_usage":[7,11,16],"damage_taken":[{"damage":1,"enemies":"Cultist","floor":1,"turns":6},{"damage":0,"enemies":"2 Louse","floor":2,"turns":5},{"damage":1,"enemies":"Jaw Worm","floor":4,"turns":9},{"damage":41,"enemies":"Gremlin Nob","floor":7,"turns":9},{"damage":1,"enemies":"3 Sentries","floor":10,"turns":13},{"damage":0,"enemies":"Gremlin Gang","floor":11,"turns":2},{"damage":16,"enemies":"Exordium Thugs","floor":13,"turns":5},{"damage":14,"enemies":"Lagavulin","floor":14,"turns":11},{"damage":29,"enemies":"Slime Boss","floor":16,"turns":10}],"seed_played":"-2570230014015141723","potions_obtained":[{"floor":1,"key":"FearPotion"},{"floor":7,"key":"LiquidBronze"},{"floor":10,"key":"LiquidMemories"},{"floor":14,"key":"SkillPotion"}],"is_trial":false,"path_per_floor":["M","M","$","M","?","R","E","R","T","E","M","?","M","E","R","B"],"character_chosen":"THE_SILENT","items_purchased":["Oddly Smooth Stone","Footwork"],"campfire_rested":1,"item_purchase_floors":[3,3],"current_hp_per_floor":[62,62,62,61,61,61,20,41,41,40,40,40,24,10,22,0,0],"gold":153,"neow_bonus":"HUNDRED_GOLD","is_daily":false,"chose_seed":false,"campfire_upgraded":2,"win_rate":0.0,"timestamp":1612925280,"path_taken":["M","M","$","M","?","R","E","R","T","E","M","?","M","E","R","BOSS"],"items_purchased_type":["Relic","Card"],"build_version":"2020-12-22","purchased_purges":0,"victory":false,"max_hp_per_floor":[70,70,70,70,70,70,70,70,70,70,70,70,70,70,70,70,70],"card_choices":[{"not_picked":["Dagger Throw","Poisoned Stab"],"picked":"Leg Sweep","floor":1},{"not_picked":["Backflip","Escape Plan"],"picked":"Blur","floor":2},{"not_picked":["Escape Plan","Outmaneuver"],"picked":"Sucker Punch","floor":4},{"not_picked":["Quick Slash","Deflect"],"picked":"Dagger Spray","floor":7},{"not_picked":["Riddle With Holes","Deflect"],"picked":"Backflip","floor":10},{"not_picked":["Heel Hook","Expertise","Eviscerate"],"picked":"SKIP","floor":11},{"not_picked":["Expertise","Eviscerate"],"picked":"Heel Hook","floor":11},{"not_picked":["Poisoned Stab","Malaise","Catalyst"],"picked":"SKIP","floor":13},{"not_picked":["Finisher","Flying Knee","Flechettes"],"picked":"SKIP","floor":14}],"player_experience":594517,"relics_obtained":[{"floor":7,"key":"Incense Burner"},{"floor":9,"key":"Eternal Feather"},{"floor":10,"key":"Shuriken"},{"floor":14,"key":"Bag of Marbles"}],"event_choices":[{"damage_healed":0,"gold_gain":0,"player_choice":"Grow","damage_taken":0,"max_hp_gain":0,"max_hp_loss":0,"event_name":"Living Wall","floor":5,"gold_loss":0,"cards_upgraded":["Leg Sweep"]},{"damage_healed":0,"gold_gain":0,"player_choice":"Take Wound","damage_taken":0,"relics_obtained":["Golden Idol"],"max_hp_gain":0,"max_hp_loss":0,"event_name":"Golden Idol","floor":12,"gold_loss":0,"cards_obtained":["Injury"]}],"is_beta":false,"boss_relics":[],"items_purged_floors":[],"is_endless":false,"potions_floor_spawned":[1,7,10,14],"killed_by":"Slime Boss","ascension_level":6}}