{"host":"i0avyit1s6jb1siw","time":1612945097,"event":{"mods":["BaseMod","DeckTracker","Dota2Spire","Highlight Path","Minty Spire (QoL Compilation)","Quick Restart","StSLib","SuperFastMode"],"gold_per_floor":[109,109,122,141,161,194,119,19,95,149,149,149],"floor_reached":11,"language":"ENG","playtime":275,"items_purged":["Strike_R","Strike_R"],"score":146,"play_id":"0182cb93-cc90-47c9-802e-bfdd1cd9becc","local_time":"20210210091817","is_ascension_mode":true,"campfire_choices":[],"circlet_count":0,"master_deck":["AscendersBane","Strike_R","Strike_R","Defend_R","Defend_R","Defend_R","Defend_R","Bash+1","Body Slam","Pommel Strike","Dropkick","Carnage"],"relics":["Burning Blood","Calipers","Dota2Spire:EtherealBlade","Bronze Scales"],"acts_visited":["Exordium"],"potions_floor_usage":[6],"damage_taken":[{"damage":3,"enemies":"Small Slimes","floor":1,"turns":4},{"damage":2,"enemies":"Cultist","floor":3,"turns":4},{"damage":9,"enemies":"Jaw Worm","floor":4,"turns":4},{"damage":30,"enemies":"Large Slime","floor":5,"turns":7},{"damage":37,"enemies":"Lagavulin","floor":6,"turns":8},{"damage":25,"enemies":"3 Sentries","floor":11,"turns":4}],"seed_played":"8549228131516035166","potions_obtained":[{"floor":1,"key":"Ancient Potion"},{"floor":4,"key":"HeartOfIron"},{"floor":6,"key":"SpeedPotion"}],"is_trial":false,"path_per_floor":["M","?","M","M","M","E","$","$","T","T","E"],"character_chosen":"IRONCLAD","items_purchased":[],"campfire_rested":0,"item_purchase_floors":[],"current_hp_per_floor":[71,71,75,72,48,17,17,17,17,17,0,0],"gold":149,"neow_bonus":"UPGRADE_CARD","is_daily":false,"chose_seed":false,"campfire_upgraded":0,"win_rate":0.0,"timestamp":1612945097,"path_taken":["M","?","M","M","M","E","?","$","T","T","E"],"items_purchased_type":[],"build_version":"2020-12-22","purchased_purges":2,"victory":false,"max_hp_per_floor":[75,75,75,75,75,75,75,75,75,75,75,75],"card_choices":[{"not_picked":["Sentinel","Body Slam","Clash"],"picked":"SKIP","floor":1},{"not_picked":["Sentinel","Clash"],"picked":"Body Slam","floor":1},{"not_picked":["Dual Wield","Heavy Blade"],"picked":"Pommel Strike","floor":3},{"not_picked":["Headbutt","Thunderclap"],"picked":"Dropkick","floor":4},{"not_picked":["Body Slam","Thunderclap","Clash"],"picked":"SKIP","floor":5},{"not_picked":["Clash","Double Tap"],"picked":"Carnage","floor":6}],"player_experience":2431479,"relics_obtained":[{"floor":6,"key":"Calipers"},{"floor":9,"key":"Dota2Spire:EtherealBlade"},{"floor":10,"key":"Bronze Scales"}],"event_choices":[{"cards_removed":["Strike_R"],"damage_healed":0,"gold_gain":0,"player_choice":"Purged","damage_taken":0,"max_hp_gain":0,"max_hp_loss":0,"event_name":"Purifier","floor":2,"gold_loss":0}],"is_beta":false,"boss_relics":[],"items_purged_floors":[7,8],"is_endless":false,"potions_floor_spawned":[1,4,5,6],"killed_by":"3 Sentries","ascension_level":20}}