{"host":"19r1ww88x2tc73i0","time":1612988452,"event":{"mods":["BaseMod","BetterRewards","Colored Map","Minty Spire (QoL Compilation)","Relic Stats","StSLib","SuperFastMode","slay the spire mod where everything is the same but ironclad has a cowboy hat"],"gold_per_floor":[114,130,55,55,73,73,402,402,402,50,60,73,99,115,115,186,186,198,198,216,216,235,235,267,31,31,31,31,31,31,31],"floor_reached":30,"language":"ENG","playtime":1111,"items_purged":["Defend_R","Defend_R"],"score":516,"play_id":"7f14363f-475b-4a86-823a-80ea1ae9b340","local_time":"25640211032052","is_ascension_mode":true,"campfire_choices":[{"floor":6.0,"key":"DIG"},{"floor":8.0,"key":"DIG"},{"floor":15.0,"key":"DIG"},{"floor":23,"key":"DIG"},{"floor":27,"key":"DIG"},{"floor":29,"key":"DIG"}],"circlet_count":0,"master_deck":["AscendersBane","Strike_R","Strike_R","Strike_R","Strike_R","Strike_R","Defend_R","Bash","Cleave","Combust","Iron Wave","Shrug It Off","Impervious","Rage","Clothesline","Feel No Pain","Anger","Spot Weakness","Offering","Fire Breathing+1","Cleave+1","Necronomicurse","Thunderclap+1","Perfected Strike+1","Flame Barrier"],"relics":["Burning Blood","Shovel","Bag of Preparation","Bird Faced Urn","Old Coin","Bottled Tornado","Mango","Paper Frog","Pen Nib","Matryoshka","Runic Cube","Necronomicon","CaptainsWheel","Darkstone Periapt","Vajra","Bronze Scales","Self Forming Clay","Boot","Toy Ornithopter"],"acts_visited":["Exordium","TheCity"],"potions_floor_usage":[22,24],"damage_taken":[{"damage":14.0,"enemies":"Jaw Worm","floor":1.0,"turns":3.0},{"damage":4.0,"enemies":"2 Louse","floor":2.0,"turns":3.0},{"damage":1.0,"enemies":"Cultist","floor":5.0,"turns":3.0},{"damage":25.0,"enemies":"Lagavulin","floor":7.0,"turns":5.0},{"damage":9.0,"enemies":"2 Fungi Beasts","floor":11.0,"turns":3.0},{"damage":6.0,"enemies":"Looter","floor":12.0,"turns":2.0},{"damage":10.0,"enemies":"3 Sentries","floor":13.0,"turns":5.0},{"damage":17.0,"enemies":"Gremlin Gang","floor":14.0,"turns":3.0},{"damage":49.0,"enemies":"Slime Boss","floor":16.0,"turns":9.0},{"damage":18.0,"enemies":"Chosen","floor":18.0,"turns":4.0},{"damage":26.0,"enemies":"Shell Parasite","floor":20.0,"turns":4.0},{"damage":6,"enemies":"Snake Plant","floor":22,"turns":1},{"damage":23,"enemies":"Gremlin Leader","floor":24,"turns":4},{"damage":19,"enemies":"Slavers","floor":30,"turns":1}],"seed_played":"3847929963496316026","potions_obtained":[{"floor":1.0,"key":"Energy Potion"},{"floor":5.0,"key":"AttackPotion"},{"floor":7.0,"key":"SteroidPotion"},{"floor":14.0,"key":"Dexterity Potion"},{"floor":18.0,"key":"Weak Potion"}],"is_trial":false,"path_per_floor":["M","M","?","?","M","R","E","R","T","$","M","M","E","M","R","B",null,"M","?","M","?","M","R","E","$","T","R","$","R","E"],"character_chosen":"IRONCLAD","items_purchased":["Shovel","Cleave","Bag of Preparation","Paper Frog","Rage","Vajra","Flame Barrier"],"campfire_rested":0,"item_purchase_floors":[0,0,0,10,10,25,25],"current_hp_per_floor":[60,62,62,67,72,72,55,55,69,69,68,68,68,59,59,20,76,66,66,50,29,29,29,14,14,14,14,14,14,0,0],"gold":31,"neow_bonus":"","is_daily":false,"chose_seed":false,"campfire_upgraded":0,"win_rate":0.0,"timestamp":1612988452,"path_taken":["M","M","?","?","M","R","E","R","T","?","?","M","E","M","R","BOSS","M","?","M","?","?","R","E","$","T","R","?","R","E"],"items_purchased_type":["Relic","Card","Relic","Relic","Card","Relic","Card"],"build_version":"2020-12-22","purchased_purges":2,"victory":false,"max_hp_per_floor":[75,75,75,80,80,80,80,80,94,94,94,94,94,94,94,94,94,94,94,94,94,94,94,94,94,94,94,94,94,94,94],"relic_stats":{"Darkstone Periapt":0,"counters":[21,79],"Self Forming Clay":[0],"Pen Nib":[5],"Bag of Preparation":[28],"Boot":[0],"Burning Blood":114,"Shovel":6,"Bird Faced Urn":[24],"Bronze Scales":[6],"Necronomicon":[2],"obtain_stats":[{"Darkstone Periapt":24,"Self Forming Clay":26,"Vajra":25,"Mango":9,"Pen Nib":0,"Bag of Preparation":0,"Bottled Tornado":8,"MawBank":9,"Boot":27,"Burning Blood":0,"Old Coin":7,"CaptainsWheel":23,"Shovel":0,"Matryoshka":15,"Bird Faced Urn":6,"Bronze Scales":26,"MealTicket":6,"Necronomicon":21,"Toy Ornithopter":29,"Paper Frog":10,"Runic Cube":17},{"Darkstone Periapt":20,"Self Forming Clay":20,"Vajra":20,"Mango":11,"Pen Nib":0,"Bag of Preparation":7,"Bottled Tornado":11,"MawBank":5,"Boot":20,"Burning Blood":0,"Old Coin":11,"CaptainsWheel":19,"Shovel":7,"Matryoshka":15,"Bird Faced Urn":10,"Bronze Scales":20,"MealTicket":4,"Necronomicon":18,"Toy Ornithopter":20,"Paper Frog":11,"Runic Cube":16},{"Darkstone Periapt":78,"Self Forming Clay":78,"Vajra":78,"Mango":43,"Pen Nib":0,"Bag of Preparation":29,"Bottled Tornado":43,"MawBank":21,"Boot":78,"Burning Blood":0,"Old Coin":43,"CaptainsWheel":74,"Shovel":29,"Matryoshka":56,"Bird Faced Urn":38,"Bronze Scales":78,"MealTicket":18,"Necronomicon":73,"Toy Ornithopter":78,"Paper Frog":43,"Runic Cube":65}],"Toy Ornithopter":0,"Runic Cube":[16]},"card_choices":[{"not_picked":["Wild Strike","Cleave"],"picked":"Combust","floor":1.0},{"not_picked":["Anger","Wild Strike"],"picked":"Iron Wave","floor":2.0},{"not_picked":["Anger","Infernal Blade"],"picked":"Shrug It Off","floor":5.0},{"not_picked":["Pommel Strike","Clothesline"],"picked":"Impervious","floor":7.0},{"not_picked":["True Grit","Heavy Blade"],"picked":"Clothesline","floor":11.0},{"not_picked":["Havoc","Anger"],"picked":"Feel No Pain","floor":12.0},{"not_picked":["Sword Boomerang","Iron Wave"],"picked":"Anger","floor":13.0},{"not_picked":["Rupture","Body Slam"],"picked":"Spot Weakness","floor":14.0},{"not_picked":["Bludgeon","Exhume"],"picked":"Offering","floor":16.0},{"not_picked":["Bloodletting","Headbutt"],"picked":"Fire Breathing+1","floor":18.0},{"not_picked":["Armaments","Thunderclap"],"picked":"Cleave+1","floor":20.0},{"not_picked":["Cleave+1","Seeing Red"],"picked":"Thunderclap+1","floor":22},{"not_picked":["Headbutt","Rupture"],"picked":"Perfected Strike+1","floor":24}],"player_experience":1048053,"relics_obtained":[{"floor":6.0,"key":"Bird Faced Urn"},{"floor":7.0,"key":"Old Coin"},{"floor":8.0,"key":"Bottled Tornado"},{"floor":9.0,"key":"Mango"},{"floor":13.0,"key":"Pen Nib"},{"floor":15.0,"key":"Matryoshka"},{"floor":21.0,"key":"Necronomicon"},{"floor":23,"key":"CaptainsWheel"},{"floor":24,"key":"Darkstone Periapt"},{"floor":26,"key":"Bronze Scales"},{"floor":26,"key":"Self Forming Clay"},{"floor":27,"key":"Boot"},{"floor":29,"key":"Toy Ornithopter"}],"event_choices":[{"cards_removed":["Defend_R"],"damage_healed":0.0,"max_hp_gain":0.0,"max_hp_loss":0.0,"gold_gain":0.0,"event_name":"The Cleric","player_choice":"Card Removal","floor":3.0,"gold_loss":75.0,"damage_taken":0.0},{"damage_healed":0.0,"max_hp_gain":5.0,"max_hp_loss":0.0,"gold_gain":0.0,"event_name":"Big Fish","player_choice":"Donut","floor":4.0,"gold_loss":0.0,"damage_taken":0.0},{"damage_healed":0.0,"max_hp_gain":0.0,"max_hp_loss":0.0,"gold_gain":0.0,"event_name":"Ghosts","player_choice":"Ignored","floor":19.0,"gold_loss":0.0,"damage_taken":0.0},{"damage_healed":0.0,"max_hp_gain":0.0,"max_hp_loss":0.0,"gold_gain":0.0,"event_name":"Cursed Tome","player_choice":"Obtained Book","floor":21.0,"gold_loss":0.0,"damage_taken":21.0}],"is_beta":false,"boss_relics":[{"not_picked":["Snecko Eye","Empty Cage"],"picked":"Runic Cube"}],"items_purged_floors":[0,0],"is_endless":false,"potions_floor_spawned":[1,5,7,14,18],"killed_by":"Slavers","ascension_level":20}}