{"host":"oehe2dxjvdgux73m","time":1612972012,"event":{"mods":["AchievementEnabler","BaseMod","Colored Map","Colored Powertips","DeckTracker","Keyboard Shortcuts","Minty Spire (QoL Compilation)","Permanent Neow","Quick Restart","StSLib","SuperFastMode"],"gold_per_floor":[110,110,110,123,143,143,68,168,168,206,230,13,13,32,32,163,163,188,203,203,90,0,29,41,23,23,36,63,109,120,59,59,160,160,171,92,92,142,69,101,117,148,222,222,222,240,240,259,259,259],"floor_reached":51,"language":"KOR","playtime":2581,"items_purged":["Defend_P","Defend_P","Defend_P"],"score":937,"play_id":"5f056eeb-9386-46de-8a65-0342637c3176","local_time":"20210211004652","is_ascension_mode":true,"campfire_choices":[{"data":"CrushJoints","floor":6.0,"key":"SMITH"},{"floor":15.0,"key":"REST"},{"data":"BattleHymn","floor":32.0,"key":"SMITH"},{"data":"Violence","floor":44.0,"key":"SMITH"},{"data":"MentalFortress","floor":47.0,"key":"SMITH"},{"data":"Halt","floor":49.0,"key":"SMITH"}],"circlet_count":0,"master_deck":["Strike_P+1","Strike_P+1","Defend_P+1","Eruption+1","Vigilance","CrushJoints+1","Halt+1","MentalFortress+1","MentalFortress+1","ClearTheMind+1","BattleHymn+1","EmptyBody","Scrawl","Madness","Violence+1","Vengeance+1","Finesse","BowlingBash+1","FearNoEvil+1","Crescendo+1"],"relics":["PureWater","Bloody Idol","Vajra","Toy Ornithopter","Membership Card","Coffee Dripper","Anchor","Art of War","Eternal Feather","Strawberry","SacredBark","Ginger","Darkstone Periapt","Omamori","Frozen Egg 2"],"acts_visited":["Exordium","TheCity","TheBeyond"],"potions_floor_usage":[50,50],"damage_taken":[{"damage":4.0,"enemies":"Small Slimes","floor":1.0,"turns":3.0},{"damage":0.0,"enemies":"2 Louse","floor":4.0,"turns":2.0},{"damage":0.0,"enemies":"Cultist","floor":5.0,"turns":2.0},{"damage":35.0,"enemies":"Lagavulin","floor":10.0,"turns":4.0},{"damage":10.0,"enemies":"Exordium Thugs","floor":11.0,"turns":4.0},{"damage":5.0,"enemies":"Exordium Wildlife","floor":14.0,"turns":2.0},{"damage":30.0,"enemies":"Hexaghost","floor":16.0,"turns":5.0},{"damage":0.0,"enemies":"Chosen","floor":18.0,"turns":4.0},{"damage":0.0,"enemies":"3 Byrds","floor":19.0,"turns":3.0},{"damage":50.0,"enemies":"Slavers","floor":23.0,"turns":5.0},{"damage":5.0,"enemies":"Snake Plant","floor":24.0,"turns":3.0},{"damage":0.0,"enemies":"Centurion and Healer","floor":27.0,"turns":4.0},{"damage":46.0,"enemies":"Book of Stabbing","floor":28.0,"turns":6.0},{"damage":5.0,"enemies":"Sentry and Sphere","floor":30.0,"turns":5.0},{"damage":7.0,"enemies":"Automaton","floor":33.0,"turns":8.0},{"damage":0.0,"enemies":"3 Shapes","floor":35.0,"turns":3.0},{"damage":0.0,"enemies":"Mind Bloom Boss Battle","floor":38.0,"turns":2.0},{"damage":21.0,"enemies":"Nemesis","floor":40.0,"turns":3.0},{"damage":27.0,"enemies":"3 Darklings","floor":41.0,"turns":4.0},{"damage":0.0,"enemies":"Giant Head","floor":42.0,"turns":4.0},{"damage":8.0,"enemies":"Spire Growth","floor":46.0,"turns":2.0},{"damage":22.0,"enemies":"Transient","floor":48.0,"turns":5.0},{"damage":42,"enemies":"Donu and Deca","floor":50,"turns":10}],"seed_played":"2696408941053342277","potions_obtained":[{"floor":5.0,"key":"SteroidPotion"},{"floor":14.0,"key":"FearPotion"},{"floor":16.0,"key":"LiquidBronze"},{"floor":19.0,"key":"Regen Potion"},{"floor":23.0,"key":"Strength Potion"},{"floor":27.0,"key":"SpeedPotion"},{"floor":28.0,"key":"Weak Potion"},{"floor":35.0,"key":"Weak Potion"},{"floor":38.0,"key":"LiquidMemories"},{"floor":42.0,"key":"Swift Potion"}],"is_trial":false,"path_per_floor":["M","?","?","M","M","R","$","?","T","E","M","$","?","M","R","B",null,"M","M","?","$","?","E","M","$","T","M","E","T","M","$","R","B",null,"M","$","?","?","$","E","M","E","T","R","?","M","R","M","R","B",null],"character_chosen":"WATCHER","items_purchased":["Membership Card","Halt","FairyPotion","MentalFortress","BattleHymn","EmptyBody","Madness","Regen Potion","Dexterity Potion","Finesse"],"campfire_rested":1,"item_purchase_floors":[12,12,21,25,31,31,36,36,39,39],"current_hp_per_floor":[68,67,67,67,67,67,67,67,67,32,27,27,14,9,29,4,67,67,67,67,67,67,31,31,31,31,36,25,37,37,37,43,56,74,74,74,64,69,69,58,60,65,70,74,74,71,74,57,69,32],"gold":259,"neow_bonus":"UPGRADE_CARD","is_daily":false,"chose_seed":false,"campfire_upgraded":5,"win_rate":0.0,"timestamp":1612972012,"path_taken":["M","?","?","M","M","R","$","?","T","E","?","?","?","M","R","BOSS","M","M","?","$","?","E","M","$","T","?","E","?","?","?","R","BOSS","M","$","?","?","$","E","M","E","T","R","?","M","R","M","R","BOSS"],"items_purchased_type":["Relic","Card","Potion","Card","Card","Card","Card","Potion","Potion","Card"],"build_version":"2020-12-22","purchased_purges":3,"victory":true,"max_hp_per_floor":[72,67,67,67,67,67,67,67,67,67,67,67,67,67,67,67,67,67,67,67,67,67,67,67,67,67,67,67,74,74,74,74,74,74,74,74,74,74,74,74,74,74,74,74,74,74,74,74,74,74],"card_choices":[{"not_picked":["JustLucky","Pray"],"picked":"CrushJoints","floor":1.0},{"not_picked":["Prostrate","Evaluate","ThirdEye"],"picked":"SKIP","floor":4.0},{"not_picked":["CrushJoints","PathToVictory","ThirdEye"],"picked":"SKIP","floor":5.0},{"not_picked":["Pray","Evaluate","Prostrate"],"picked":"SKIP","floor":10.0},{"not_picked":["Omniscience","TalkToTheHand","JustLucky"],"picked":"SKIP","floor":11.0},{"not_picked":["Vengeance","Collect","CutThroughFate"],"picked":"SKIP","floor":14.0},{"not_picked":["FlyingSleeves","Pray","BowlingBash+1"],"picked":"SKIP","floor":18.0},{"not_picked":["ForeignInfluence","Crescendo","Tantrum"],"picked":"SKIP","floor":19.0},{"not_picked":["FlyingSleeves+1","JustLucky","Blasphemy"],"picked":"SKIP","floor":23.0},{"not_picked":["Worship","CarveReality"],"picked":"MentalFortress","floor":24.0},{"not_picked":["BowlingBash","FlurryOfBlows"],"picked":"ClearTheMind+1","floor":27.0},{"not_picked":["WheelKick","JustLucky","PathToVictory"],"picked":"SKIP","floor":28.0},{"not_picked":["FlurryOfBlows+1","Prostrate","MasterReality"],"picked":"SKIP","floor":30.0},{"not_picked":["Brilliance","Judgement"],"picked":"Scrawl","floor":33.0},{"not_picked":["Halt","Consecrate+1","BowlingBash"],"picked":"SKIP","floor":35.0},{"not_picked":["Bandage Up","Dark Shackles"],"picked":"Violence","floor":37.0},{"not_picked":["CrushJoints+1","FlyingSleeves"],"picked":"Vengeance+1","floor":38.0},{"not_picked":["ReachHeaven+1","Wish"],"picked":"BowlingBash+1","floor":40.0},{"not_picked":["ClearTheMind","JustLucky"],"picked":"FearNoEvil+1","floor":41.0},{"not_picked":["JustLucky+1","EmptyFist+1","FlurryOfBlows+1"],"picked":"SKIP","floor":42.0},{"not_picked":["TalkToTheHand","EmptyFist","CutThroughFate"],"picked":"SKIP","floor":46.0},{"not_picked":["ReachHeaven+1","WindmillStrike+1"],"picked":"Crescendo+1","floor":48.0}],"player_experience":454521,"relics_obtained":[{"floor":9.0,"key":"Vajra"},{"floor":10.0,"key":"Toy Ornithopter"},{"floor":23.0,"key":"Anchor"},{"floor":26.0,"key":"Art of War"},{"floor":28.0,"key":"Eternal Feather"},{"floor":29.0,"key":"Strawberry"},{"floor":38.0,"key":"Ginger"},{"floor":40.0,"key":"Darkstone Periapt"},{"floor":42.0,"key":"Omamori"},{"floor":43.0,"key":"Frozen Egg 2"}],"event_choices":[{"damage_healed":0.0,"max_hp_gain":0.0,"max_hp_loss":5.0,"gold_gain":0.0,"event_name":"Golden Idol","player_choice":"Lose Max HP","floor":2.0,"gold_loss":0.0,"damage_taken":0.0,"relics_obtained":["Golden Idol"]},{"cards_removed":["Strike_P"],"damage_healed":0.0,"max_hp_gain":0.0,"max_hp_loss":0.0,"gold_gain":0.0,"event_name":"Living Wall","player_choice":"Forget","floor":3.0,"gold_loss":0.0,"damage_taken":0.0},{"damage_healed":0.0,"max_hp_gain":0.0,"max_hp_loss":0.0,"gold_gain":100.0,"event_name":"Wheel of Change","player_choice":"Gold","floor":8.0,"gold_loss":0.0,"damage_taken":0.0},{"damage_healed":0.0,"max_hp_gain":0.0,"max_hp_loss":0.0,"gold_gain":0.0,"event_name":"Shining Light","player_choice":"Entered Light","floor":13.0,"gold_loss":0.0,"damage_taken":13.0,"cards_upgraded":["Defend_P","Strike_P"]},{"damage_healed":0.0,"max_hp_gain":0.0,"max_hp_loss":0.0,"gold_gain":0.0,"event_name":"Forgotten Altar","player_choice":"Gave Idol","floor":20.0,"relics_lost":["Golden Idol"],"gold_loss":0.0,"damage_taken":0.0,"relics_obtained":["Bloody Idol"]},{"cards_removed":["Strike_P"],"damage_healed":0.0,"max_hp_gain":0.0,"max_hp_loss":0.0,"gold_gain":0.0,"event_name":"Designer","player_choice":"Upgrade and Remove","floor":22.0,"gold_loss":90.0,"damage_taken":0.0,"cards_upgraded":["Strike_P"]},{"damage_healed":0.0,"max_hp_gain":0.0,"max_hp_loss":0.0,"gold_gain":0.0,"event_name":"SensoryStone","player_choice":"Memory 3","floor":37.0,"gold_loss":0.0,"damage_taken":10.0},{"damage_healed":0.0,"max_hp_gain":0.0,"max_hp_loss":0.0,"gold_gain":0.0,"event_name":"MindBloom","player_choice":"Fight","floor":38.0,"gold_loss":0.0,"damage_taken":0.0},{"damage_healed":0.0,"max_hp_gain":0.0,"max_hp_loss":0.0,"gold_gain":0.0,"event_name":"Accursed Blacksmith","player_choice":"Forge","floor":45.0,"gold_loss":0.0,"damage_taken":0.0,"cards_upgraded":["MentalFortress"]}],"is_beta":false,"boss_relics":[{"not_picked":["Astrolabe","Pandora\u0027s Box"],"picked":"Coffee Dripper"},{"not_picked":["Black Star","Busted Crown"],"picked":"SacredBark"}],"items_purged_floors":[7,12,21],"is_endless":false,"potions_floor_spawned":[5,14,16,19,23,27,28,35,38,42],"ascension_level":4}}