{"host":"odhb85ppoyjrwi3n","time":1612971764,"event":{"mods":["BaseMod","Better Third Choice","BetterRewards","Bossed Relics","Minty Spire (QoL Compilation)","Quick Restart","StSLib"],"gold_per_floor":[112,75,75,75,93,120,140,151,151,168,168,201,201,218,218,320,320,339,356,356,373,406,440,440,440,440,440,440,470,480,507,507,603,603,621,621,635,653,875,875,908,919,919,919,969,969,987,1002,1002,1002,1002,1002,879,906,906],"floor_reached":56,"language":"ENG","playtime":2747,"items_purged":["Strike_G","Defend_G","Strike_G","Strike_G","Defend_G","Defend_G","Defend_G","Defend_G","Strike_G","Strike_G"],"score":2103,"play_id":"fac78b48-2c2c-4056-8dcc-771756b6ff4b","local_time":"20210210164244","is_ascension_mode":true,"campfire_choices":[{"floor":11,"key":"RECALL"},{"data":"Survivor","floor":15,"key":"SMITH"},{"floor":24,"key":"REST"},{"floor":32,"key":"REST"},{"floor":40,"key":"REST"},{"floor":44,"key":"REST"},{"floor":49,"key":"REST"},{"floor":52,"key":"REST"}],"circlet_count":0,"master_deck":["Survivor+1","Bane+1","Noxious Fumes+1","Footwork+1","Noxious Fumes+1","Bane+1","Catalyst+1","Envenom+1","Cloak And Dagger+1","Bouncing Flask+1","Accuracy+1","Deadly Poison+1","Necronomicurse"],"relics":["Ring of the Serpent","Snake Skull","Medical Kit","TwistedFunnel","Vajra","Frozen Egg 2","Ginger","Lantern","Molten Egg 2","Lee\u0027s Waffle","Strawberry","Singing Bowl","Mummified Hand","Ice Cream","Membership Card","Pear","Bird Faced Urn","Toxic Egg 2","Mango","Lizard Tail","WristBlade","Bag of Preparation","Bottled Tornado","Bronze Scales","Mercury Hourglass","Red Mask","Paper Crane","Necronomicon","White Beast Statue","Meat on the Bone","Sundial","Black Star","TungstenRod","InkBottle","Kunai","Regal Pillow","HornCleat","Pen Nib","Dead Branch"],"acts_visited":["Exordium","TheCity","TheBeyond","TheEnding"],"potions_floor_usage":[41,55,55],"damage_taken":[{"damage":0,"enemies":"Small Slimes","floor":1,"turns":2},{"damage":0,"enemies":"Cultist","floor":5,"turns":2},{"damage":6,"enemies":"3 Sentries","floor":6,"turns":3},{"damage":0,"enemies":"2 Louse","floor":7,"turns":1},{"damage":0,"enemies":"Exordium Thugs","floor":8,"turns":1},{"damage":0,"enemies":"3 Louse","floor":10,"turns":1},{"damage":0,"enemies":"Lagavulin","floor":12,"turns":2},{"damage":0,"enemies":"Looter","floor":14,"turns":1},{"damage":0,"enemies":"Slime Boss","floor":16,"turns":3},{"damage":0,"enemies":"2 Thieves","floor":18,"turns":2},{"damage":0,"enemies":"3 Byrds","floor":19,"turns":2},{"damage":0,"enemies":"Snecko","floor":21,"turns":2},{"damage":0,"enemies":"Masked Bandits","floor":22,"turns":1},{"damage":0,"enemies":"Book of Stabbing","floor":23,"turns":2},{"damage":3,"enemies":"Gremlin Leader","floor":29,"turns":2},{"damage":0,"enemies":"Snake Plant","floor":30,"turns":2},{"damage":26,"enemies":"Slavers","floor":31,"turns":3},{"damage":7,"enemies":"Automaton","floor":33,"turns":3},{"damage":5,"enemies":"3 Shapes","floor":35,"turns":2},{"damage":6,"enemies":"Orb Walker","floor":37,"turns":1},{"damage":0,"enemies":"Maw","floor":38,"turns":3},{"damage":0,"enemies":"Reptomancer","floor":41,"turns":3},{"damage":0,"enemies":"4 Shapes","floor":42,"turns":2},{"damage":9,"enemies":"Mind Bloom Boss Battle","floor":45,"turns":3},{"damage":0,"enemies":"Jaw Worm Horde","floor":47,"turns":2},{"damage":0,"enemies":"Sphere and 2 Shapes","floor":48,"turns":3},{"damage":53,"enemies":"Donu and Deca","floor":50,"turns":5},{"damage":6,"enemies":"Shield and Spear","floor":54,"turns":3},{"damage":83,"enemies":"The Heart","floor":55,"turns":4}],"seed_played":"4191818197388477619","potions_obtained":[{"floor":37,"key":"FairyPotion"},{"floor":38,"key":"CunningPotion"},{"floor":42,"key":"EntropicBrew"}],"is_trial":false,"path_per_floor":["M","?","?","$","M","E","M","M","T","M","R","E","?","M","R","B",null,"M","M","?","M","?","E","R","?","T","?","T","E","M","E","R","B",null,"M","?","M","M","?","R","E","M","T","R","?","T","M","M","R","B",null,"R","$","E","B",null],"character_chosen":"THE_SILENT","items_purchased":["Snake Skull","Medical Kit","TwistedFunnel","Vajra","Frozen Egg 2","Ginger","Lantern","Molten Egg 2","Lee\u0027s Waffle","Bane+1","Noxious Fumes+1","Strawberry","Singing Bowl","Mummified Hand","Ice Cream","Footwork+1","Noxious Fumes+1","Bane+1","Membership Card","Pear","Bird Faced Urn","Toxic Egg 2","Catalyst+1","Envenom+1","Cloak And Dagger+1","Bouncing Flask+1","Accuracy+1","Mango","Deadly Poison+1","Poison Potion","PowerPotion","Regen Potion","HornCleat"],"campfire_rested":6,"item_purchase_floors":[0,0,0,0,0,0,0,0,0,0,0,0,0,0,0,0,0,0,0,0,0,0,0,0,0,0,0,0,0,0,0,0,53],"current_hp_per_floor":[110,110,110,110,112,110,116,118,118,120,120,122,115,123,123,126,126,128,130,130,132,134,136,136,120,120,120,120,129,135,116,142,137,142,143,143,142,150,150,150,152,154,154,154,147,147,157,160,160,109,147,160,160,160,83],"gold":906,"neow_bonus":"","is_daily":false,"chose_seed":false,"campfire_upgraded":1,"win_rate":0.0,"timestamp":1612971764,"path_taken":["M","?","?","$","M","E","?","M","T","M","R","E","?","M","R","BOSS","M","M","?","M","?","E","R","?","T","?","?","E","M","E","R","BOSS","M","?","M","?","?","R","E","M","T","R","?","?","M","M","R","BOSS","R","$","E","BOSS"],"items_purchased_type":["Relic","Relic","Relic","Relic","Relic","Relic","Relic","Relic","Relic","Card","Card","Relic","Relic","Relic","Relic","Card","Card","Card","Relic","Relic","Relic","Relic","Card","Card","Card","Card","Card","Relic","Card","Potion","Potion","Potion","Relic"],"build_version":"2020-12-22","purchased_purges":10,"victory":true,"max_hp_per_floor":[110,110,110,110,112,114,116,118,118,120,120,122,122,124,124,126,126,128,130,130,132,134,136,136,136,136,136,136,138,140,142,142,144,144,146,146,148,150,150,150,152,154,154,154,156,156,158,160,160,160,160,160,160,162,162],"card_choices":[{"not_picked":["Setup+1","Slice+1","Crippling Poison+1"],"picked":"Singing Bowl","floor":1},{"not_picked":["Dagger Spray+1","Dodge and Roll+1","Finisher+1"],"picked":"Singing Bowl","floor":5},{"not_picked":["Skewer+1","PiercingWail+1","Burst+1"],"picked":"Singing Bowl","floor":6},{"not_picked":["Outmaneuver+1","Poisoned Stab+1","Dagger Spray+1"],"picked":"Singing Bowl","floor":7},{"not_picked":["Acrobatics+1","Skewer+1","Sucker Punch+1"],"picked":"Singing Bowl","floor":8},{"not_picked":["Deadly Poison+1","Bane+1","Underhanded Strike+1"],"picked":"Singing Bowl","floor":10},{"not_picked":["Dagger Throw+1","Escape Plan+1","Cloak And Dagger+1"],"picked":"Singing Bowl","floor":12},{"not_picked":["Heel Hook+1","Backflip+1","Deflect+1"],"picked":"Singing Bowl","floor":14},{"not_picked":["Venomology+1","Doppelganger+1","A Thousand Cuts+1"],"picked":"Singing Bowl","floor":16},{"not_picked":["Cloak And Dagger+1","Riddle With Holes+1","Prepared+1"],"picked":"Singing Bowl","floor":18},{"not_picked":["Blur+1","Backstab+1","Dagger Throw+1"],"picked":"Singing Bowl","floor":19},{"not_picked":["Crippling Poison+1","Sucker Punch+1","Prepared+1"],"picked":"Singing Bowl","floor":21},{"not_picked":["Well Laid Plans+1","Flying Knee+1","Slice+1"],"picked":"Singing Bowl","floor":22},{"not_picked":["Acrobatics+1","Slice+1","Deflect+1"],"picked":"Singing Bowl","floor":23},{"not_picked":["Die Die Die+1","Concentrate+1","Underhanded Strike+1"],"picked":"Singing Bowl","floor":29},{"not_picked":["Flechettes+1","Acrobatics+1","Underhanded Strike+1"],"picked":"Singing Bowl","floor":30},{"not_picked":["Setup+1","Dodge and Roll+1","All Out Attack+1"],"picked":"Singing Bowl","floor":31},{"not_picked":["Doppelganger+1","Adrenaline+1","Unload+1"],"picked":"Singing Bowl","floor":33},{"not_picked":["Outmaneuver+1","Flying Knee+1","Heel Hook+1"],"picked":"Singing Bowl","floor":35},{"not_picked":["Eviscerate+1","Bouncing Flask+1","Dodge and Roll+1"],"picked":"Singing Bowl","floor":37},{"not_picked":["All Out Attack+1","Blur+1","Deflect+1"],"picked":"Singing Bowl","floor":38},{"not_picked":["Blur+1","Sucker Punch+1","Prepared+1"],"picked":"Singing Bowl","floor":41},{"not_picked":["Footwork+1","Caltrops+1","Phantasmal Killer+1"],"picked":"Singing Bowl","floor":42},{"not_picked":["PiercingWail+1","Bane+1","Expertise+1"],"picked":"Singing Bowl","floor":45},{"not_picked":["PiercingWail+1","Reflex+1","Underhanded Strike+1"],"picked":"Singing Bowl","floor":47},{"not_picked":["Footwork+1","Concentrate+1","Backflip+1"],"picked":"Singing Bowl","floor":48},{"not_picked":["Dagger Throw+1","Die Die Die+1","Flechettes+1"],"picked":"Singing Bowl","floor":54}],"player_experience":160352,"relics_obtained":[{"floor":6,"key":"Bag of Preparation"},{"floor":12,"key":"Bottled Tornado"},{"floor":22,"key":"Red Mask"},{"floor":23,"key":"Paper Crane"},{"floor":25,"key":"Necronomicon"},{"floor":26,"key":"White Beast Statue"},{"floor":28,"key":"Meat on the Bone"},{"floor":29,"key":"Sundial"},{"floor":41,"key":"TungstenRod"},{"floor":41,"key":"InkBottle"},{"floor":43,"key":"Kunai"},{"floor":46,"key":"Regal Pillow"},{"floor":54,"key":"Pen Nib"},{"floor":54,"key":"Dead Branch"}],"event_choices":[{"damage_healed":0,"gold_gain":0,"player_choice":"Left","damage_taken":0,"max_hp_gain":0,"max_hp_loss":0,"event_name":"betterThird:BetterGoop","floor":2,"gold_loss":37},{"cards_removed":["Neutralize"],"damage_healed":0,"gold_gain":0,"player_choice":"Card Removal","damage_taken":0,"max_hp_gain":0,"max_hp_loss":0,"event_name":"Wheel of Change","floor":3,"gold_loss":0},{"damage_healed":0,"gold_gain":0,"player_choice":"Relic ","damage_taken":7,"max_hp_gain":0,"max_hp_loss":0,"event_name":"betterThird:BetterScrap","floor":13,"gold_loss":0,"cards_obtained":["Immolate"]},{"damage_healed":0,"gold_gain":0,"player_choice":"Opened","damage_taken":0,"relics_obtained":["Mercury Hourglass"],"max_hp_gain":0,"max_hp_loss":0,"event_name":"The Mausoleum","floor":20,"gold_loss":0},{"damage_healed":0,"gold_gain":0,"player_choice":"Fought Bandits","damage_taken":0,"max_hp_gain":0,"max_hp_loss":0,"event_name":"Masked Bandits","floor":22,"gold_loss":0},{"damage_healed":0,"gold_gain":0,"player_choice":"Obtained Book","damage_taken":16,"max_hp_gain":0,"max_hp_loss":0,"event_name":"Cursed Tome","floor":25,"gold_loss":0},{"damage_healed":0,"gold_gain":0,"player_choice":"Simplicity","damage_taken":0,"max_hp_gain":0,"max_hp_loss":0,"event_name":"betterThird:BetterWriting","floor":27,"gold_loss":0},{"damage_healed":0,"gold_gain":0,"player_choice":"Ignored","damage_taken":0,"max_hp_gain":0,"max_hp_loss":0,"event_name":"Upgrade Shrine","floor":36,"gold_loss":0},{"damage_healed":0,"gold_gain":222,"player_choice":"Wore Mask","damage_taken":0,"max_hp_gain":0,"max_hp_loss":0,"event_name":"Tomb of Lord Red Mask","floor":39,"gold_loss":0},{"damage_healed":0,"gold_gain":0,"player_choice":"Fight","damage_taken":0,"max_hp_gain":0,"max_hp_loss":0,"event_name":"MindBloom","floor":45,"gold_loss":0}],"is_beta":false,"boss_relics":[{"not_picked":["Calling Bell","Astrolabe"],"picked":"Ring of the Serpent"},{"not_picked":["Pandora\u0027s Box","Runic Pyramid"],"picked":"Black Star"}],"items_purged_floors":[0,0,0,0,0,0,0,0,0,0],"is_endless":false,"potions_floor_spawned":[7,10,12,16,21,29,30,31,33,35,37,38,41,42,45,47,48,54],"ascension_level":5}}