{"host":"7c48c022du196gjj","time":1612937305,"event":{"mods":["BaseMod","Better Third Choice","Colored Map","Hubris","Minty Spire (QoL Compilation)","Monster B Gone","Quick Restart","Reliquary","Replay The Spire","Say the Spire","Smile Girya","Spicy Shops","StSLib"],"gold_per_floor":[119,4,4,4,22,51,68,68,68,68,68,103,103,126,126,215,215,233,233,233,256,11,11,50,63,63,63,294,308,308,351,351,351,351],"floor_reached":33,"language":"ENG","playtime":1397,"items_purged":["Regret"],"score":641,"play_id":"8613543a-bdef-44c1-87c5-5b1a70fc924c","local_time":"20210210000825","is_ascension_mode":true,"campfire_choices":[{"floor":8,"key":"REST"},{"data":"Uppercut","floor":11,"key":"SMITH"},{"data":"hubris:StunningStrike","floor":23,"key":"SMITH"},{"data":"ReplayReversal","floor":30,"key":"SMITH"},{"data":"Massacre","floor":32,"key":"SMITH"}],"circlet_count":0,"master_deck":["AscendersBane","Strike_R","Strike_R","Strike_R","Strike_R","Strike_R","Defend_R","Defend_R","Defend_R","Defend_R","Bash","Flex","Shrug It Off","Armaments+1","Pummel","Bloodletting+1","Massacre+1","Uppercut+1","Carnage","Flex","Clothesline","hubris:StunningStrike+1","Wild Strike","Twin Strike","Bash","Bloodletting+1","Parasite","Reckless Charge+1","ReplayReversal+1","Anger","Inflame","Rupture","Anger"],"relics":["Burning Blood","NeowsBlessing","Dream Catcher","Replay:Towering Pillar of Hats","Ice Cream","hubris:IronBody","Golden Idol","Replay:Grab Bag","Painkiller Herb","ChewingGum","Black Star","hubris:BottledHeart","Membership Card","Gremlin Horn","Mango","Replay:Wax Seal","reliquary:OuijaBoard","FossilizedHelix","Torii"],"acts_visited":["Exordium","TheCity"],"potions_floor_usage":[16,18,21,24,24],"damage_taken":[{"damage":0,"enemies":"Small Slimes","floor":1,"turns":1},{"damage":0,"enemies":"2 Louse","floor":5,"turns":1},{"damage":0,"enemies":"Gremlin Nob","floor":6,"turns":1},{"damage":3,"enemies":"Cultist","floor":7,"turns":4},{"damage":14,"enemies":"Lagavulin","floor":12,"turns":5},{"damage":9,"enemies":"2 Fungi Beasts","floor":14,"turns":3},{"damage":30,"enemies":"Fading Forest","floor":16,"turns":11},{"damage":23,"enemies":"2 Thieves","floor":18,"turns":3},{"damage":0,"enemies":"Chosen","floor":21,"turns":5},{"damage":0,"enemies":"Book of Stabbing","floor":24,"turns":5},{"damage":0,"enemies":"Centurion and Healer","floor":25,"turns":4},{"damage":0,"enemies":"Snecko","floor":29,"turns":4},{"damage":0,"enemies":"Gremlin Leader","floor":31,"turns":6},{"damage":11,"enemies":"Automaton","floor":33,"turns":8}],"seed_played":"1878650686209470208","potions_obtained":[{"floor":5,"key":"Adrenaline Potion"},{"floor":14,"key":"Swift Potion"},{"floor":16,"key":"Death Potion"},{"floor":18,"key":"Languid Potion"},{"floor":21,"key":"Adrenaline Potion"}],"is_trial":false,"path_per_floor":["M","$","?","?","M","E","M","R","T","?","R","E","?","M","R_BF","B",null,"?","?","?","?","T","T","E","?","T","?","?","?","T","E","T","B"],"character_chosen":"IRONCLAD","items_purchased":["Shrug It Off","Armaments","Membership Card","Gremlin Horn"],"campfire_rested":1,"item_purchase_floors":[2,2,22,22],"current_hp_per_floor":[74,74,74,74,75,75,75,75,75,75,75,67,41,38,60,44,67,50,1,1,1,1,1,1,1,1,1,1,1,1,1,1,0,0],"gold":351,"neow_bonus":"THREE_ENEMY_KILL","is_daily":false,"chose_seed":false,"campfire_upgraded":4,"win_rate":0.0,"timestamp":1612937305,"path_taken":["M","$","?","?","?","E","M","R","T","?","R","E","?","M","R_BF","BOSS","?","?","?","?","T","T","E","?","T","?","?","?","T","E","T","BOSS"],"items_purchased_type":["Card","Card","Relic","Relic"],"build_version":"2020-12-22","purchased_purges":1,"victory":false,"max_hp_per_floor":[75,75,75,75,75,75,75,75,75,75,75,75,75,75,75,75,75,75,1,1,1,1,1,1,1,1,1,1,1,1,1,1,1,1],"card_choices":[{"not_picked":["hubris:ReadiedAction","Body Slam"],"picked":"Flex","floor":1},{"not_picked":["Defy Death","Replay:Undeath\u0027s Touch"],"picked":"Pummel","floor":5},{"not_picked":["True Grit","Replay:Undeath\u0027s Touch"],"picked":"Bloodletting","floor":6},{"not_picked":["Searing Blow","Body Slam"],"picked":"Massacre","floor":7},{"not_picked":["Battle Trance","Havoc"],"picked":"Uppercut","floor":8},{"not_picked":["ReplayTheSpireMod:Corrosion Curse","ReplayTheSpireMod:Strike From Hell"],"picked":"Carnage","floor":12},{"not_picked":["Heavy Blade","Perfected Strike"],"picked":"Flex","floor":14},{"not_picked":["Warcry","Headbutt"],"picked":"Clothesline","floor":15},{"not_picked":["Demonic Infusion","Replay:Many Hands"],"picked":"hubris:StunningStrike","floor":16},{"not_picked":["Havoc","Sentinel"],"picked":"Wild Strike","floor":18},{"not_picked":["Rampage","Flex"],"picked":"Bloodletting+1","floor":21},{"not_picked":["Carnage","Perfected Strike"],"picked":"Reckless Charge+1","floor":24},{"not_picked":["Headbutt","Berserk"],"picked":"ReplayReversal","floor":25},{"not_picked":["Body Slam","Iron Wave+1"],"picked":"Inflame","floor":28},{"not_picked":["True Grit","Feel No Pain"],"picked":"Rupture","floor":29},{"not_picked":["Heavy Blade","Havoc"],"picked":"Anger","floor":31}],"player_experience":877533,"relics_obtained":[{"floor":6,"key":"Replay:Towering Pillar of Hats"},{"floor":9,"key":"Ice Cream"},{"floor":12,"key":"hubris:IronBody"},{"floor":24,"key":"Mango"},{"floor":24,"key":"Replay:Wax Seal"},{"floor":26,"key":"reliquary:OuijaBoard"},{"floor":31,"key":"FossilizedHelix"},{"floor":31,"key":"Torii"}],"event_choices":[{"damage_healed":0,"gold_gain":0,"player_choice":"Box","damage_taken":0,"relics_obtained":["Dream Catcher"],"max_hp_gain":0,"max_hp_loss":0,"event_name":"Big Fish","floor":3,"gold_loss":0,"cards_obtained":["Regret"]},{"damage_healed":0,"gold_gain":0,"player_choice":"Upgraded","damage_taken":0,"max_hp_gain":0,"max_hp_loss":0,"event_name":"Upgrade Shrine","floor":4,"gold_loss":0,"cards_upgraded":["Armaments"]},{"damage_healed":0,"gold_gain":0,"player_choice":"Leave","damage_taken":0,"max_hp_gain":0,"max_hp_loss":0,"event_name":"The Cleric","floor":10,"gold_loss":0},{"damage_healed":0,"gold_gain":0,"player_choice":"Take Damage","damage_taken":26,"relics_obtained":["Golden Idol"],"max_hp_gain":0,"max_hp_loss":0,"event_name":"Golden Idol","floor":13,"gold_loss":0},{"damage_healed":0,"gold_gain":0,"player_choice":"2 cards matched","damage_taken":0,"max_hp_gain":0,"max_hp_loss":0,"event_name":"Match and Keep!","floor":20,"gold_loss":0,"cards_obtained":["Twin Strike","Bash"]}],"is_beta":false,"boss_relics":[{"not_picked":["hubris:BlackHole","hubris:HollowSoul"],"picked":"Replay:Grab Bag"},{"not_picked":["Busted Crown","hubris:VirtuousBlindfold"],"picked":"Painkiller Herb"},{"not_picked":["Sozu","Abe\u0027s Treasure"],"picked":"ChewingGum"},{"not_picked":["Runic Pyramid","Ring of Chaos"],"picked":"Black Star"}],"items_purged_floors":[22],"is_endless":false,"potions_floor_spawned":[5,14,16,18,21],"killed_by":"Automaton","ascension_level":15}}