{"host":"3n5xmnb54n2y5mb4","time":1612997849,"event":{"mods":["BaseMod","Colored Map","Colored Powertips","Downfall","Minty Spire (QoL Compilation)","Permanent Neow","StSLib","Unceasing Turn Reminder","everything is the same but u backflip on backflip"],"gold_per_floor":[99,117,129,41,41,59,359,370,400,414,414,430,430,114,127,230,230,230,241,251,271,85,100,100,127,127,141,141,141,141],"floor_reached":28,"language":"ENG","playtime":5790,"items_purged":[],"score":244,"play_id":"7d434d51-f477-4e2b-9b37-1fee0656713a","local_time":"20210210175729","is_ascension_mode":false,"campfire_choices":[{"floor":1.0,"key":"REST"},{"floor":11.0,"key":"REST"},{"floor":13.0,"key":"REST"},{"data":"bronze:AlphaBuild","floor":18.0,"key":"SMITH"}],"circlet_count":0,"master_deck":["bronze:Defend","bronze:Defend","bronze:Defend","bronze:Defend","bronze:Replicate","bronze:Goto","bronze:BugBarrage","bronze:Allocate","bronze:Mutator","bronze:Optimize","bronze:OilSpill","bronze:WildBeam","bronze:CutThrough","bronze:Branch","bronze:AlphaBuild+1","bronze:MaxOutput","bronze:DarkDash","bronze:Allocate","bronze:AlphaBuild","bronze:RecursiveStrike+1","bronze:CloningBeam+1","bronze:DelayedGuard+1","bronze:BuggyMess+1","bronze:Overload","bronze:Turbo","bronze:Break","bronze:HardenedForm","bronze:MaxOutput"],"relics":["bronze:BronzeCore","CaptainsWheel","Old Coin","Incense Burner","Lee\u0027s Waffle","Astrolabe","Eternal Feather","Mummified Hand"],"acts_visited":["Exordium","TheCity"],"potions_floor_usage":[27],"damage_taken":[{"damage":3.0,"enemies":"Jaw Worm","floor":2.0,"turns":4.0},{"damage":0.0,"enemies":"Cultist","floor":3.0,"turns":4.0},{"damage":0.0,"enemies":"downfall:FleeingMerchant","floor":4.0,"turns":4.0},{"damage":9.0,"enemies":"2 Louse","floor":6.0,"turns":4.0},{"damage":11.0,"enemies":"2 Fungi Beasts","floor":8.0,"turns":3.0},{"damage":19.0,"enemies":"Gremlin Nob","floor":9.0,"turns":5.0},{"damage":12.0,"enemies":"Gremlin Gang","floor":10.0,"turns":3.0},{"damage":9.0,"enemies":"Exordium Wildlife","floor":12.0,"turns":6.0},{"damage":7.0,"enemies":"downfall:FleeingMerchant","floor":14.0,"turns":4.0},{"damage":11.0,"enemies":"Exordium Thugs","floor":15.0,"turns":4.0},{"damage":44.0,"enemies":"WA_ARCHETYPE_RETAIN","floor":16.0,"turns":8.0},{"damage":3.0,"enemies":"3 Byrds","floor":19.0,"turns":7.0},{"damage":2.0,"enemies":"Spheric Guardian","floor":20.0,"turns":4.0},{"damage":22.0,"enemies":"Shelled Parasite and Fungi","floor":21.0,"turns":4.0},{"damage":0.0,"enemies":"downfall:FleeingMerchant","floor":22.0,"turns":4.0},{"damage":5.0,"enemies":"Snecko","floor":23.0,"turns":5.0},{"damage":31.0,"enemies":"Book of Stabbing","floor":25.0,"turns":6.0},{"damage":10,"enemies":"Sentry and Sphere","floor":27,"turns":4},{"damage":23,"enemies":"downfall:LadyInBlue","floor":28,"turns":6}],"seed_played":"5156274854525484139","potions_obtained":[{"floor":3.0,"key":"LiquidBronze"},{"floor":9.0,"key":"Dexterity Potion"},{"floor":10.0,"key":"champ:CounterPotion"},{"floor":16.0,"key":"Energy Potion"},{"floor":23.0,"key":"SteroidPotion"}],"is_trial":false,"path_per_floor":["R","M","M","$","?","M","T","M","E","M","R","M","R","$","M","B",null,"R","M","M","M","$","M","T","E","?","M","?"],"character_chosen":"THE_AUTOMATON","items_purchased":["bronze:Optimize","bronze:MaxOutput","Lee\u0027s Waffle","bronze:DarkDash","bronze:Break","Fruit Juice"],"campfire_rested":3,"item_purchase_floors":[4,14,14,14,22,22],"current_hp_per_floor":[70,67,67,67,67,58,58,47,28,16,37,28,49,77,66,22,77,77,74,72,50,50,50,50,19,19,9,0,0,0],"gold":141,"neow_bonus":"ONE_RARE_RELIC","is_daily":false,"chose_seed":false,"campfire_upgraded":1,"win_rate":0.0,"timestamp":1612997849,"path_taken":["R","M","M","$","?","?","T","M","E","M","R","M","R","$","M","BOSS","R","M","M","M","$","M","T","E","?","?","?"],"items_purchased_type":["Card","Card","Relic","Card","Card","Potion"],"build_version":"2020-12-22","purchased_purges":0,"victory":false,"max_hp_per_floor":[70,70,70,70,70,70,70,70,70,70,70,70,70,77,77,77,77,77,77,77,77,77,82,82,82,82,82,82,82,82],"card_choices":[{"not_picked":["bronze:CutThrough","bronze:WhirlingStrike"],"picked":"bronze:BugBarrage","floor":2.0},{"not_picked":["bronze:Constructor","bronze:Turbo"],"picked":"bronze:Allocate","floor":3.0},{"not_picked":["bronze:BuggyMess","bronze:Fortify"],"picked":"bronze:Mutator","floor":4.0},{"not_picked":["bronze:Philosophize","bronze:ClassDefault"],"picked":"bronze:WildBeam","floor":6.0},{"not_picked":["bronze:Philosophize","bronze:DigitalCarnage","bronze:Iterate"],"picked":"SKIP","floor":8.0},{"not_picked":["bronze:Iterate","bronze:FineTuning"],"picked":"bronze:CutThrough","floor":9.0},{"not_picked":["bronze:Overload","bronze:WhirlingStrike"],"picked":"bronze:Branch","floor":10.0},{"not_picked":["bronze:WhirlingStrike","bronze:BitShift","bronze:Separator"],"picked":"SKIP","floor":12.0},{"not_picked":["bronze:Fortify","bronze:BitShift"],"picked":"bronze:AlphaBuild","floor":14.0},{"not_picked":["bronze:Iterate","bronze:FineTuning"],"picked":"bronze:Allocate","floor":15.0},{"not_picked":["bronze:SpaghettiCode","bronze:RecursiveStrike"],"picked":"bronze:AlphaBuild","floor":16.0},{"not_picked":["bronze:BugBarrage","bronze:Optimize"],"picked":"bronze:BuggyMess+1","floor":19.0},{"not_picked":["bronze:DelayedGuard","bronze:Fortify"],"picked":"bronze:Overload","floor":20.0},{"not_picked":["bronze:BitShift","bronze:CloningBeam","bronze:Backtrace+1"],"picked":"SKIP","floor":21.0},{"not_picked":["bronze:Repair","bronze:Shield"],"picked":"bronze:Turbo","floor":22.0},{"not_picked":["bronze:Invalidate","bronze:Separator","bronze:Flail+1"],"picked":"SKIP","floor":23.0},{"not_picked":["bronze:WhirlingStrike+1","bronze:WildBeam"],"picked":"bronze:HardenedForm","floor":25.0},{"not_picked":["bronze:Terminator","bronze:ItsAFeature"],"picked":"bronze:MaxOutput","floor":27}],"player_experience":1026443,"relics_obtained":[{"floor":7.0,"key":"Old Coin"},{"floor":9.0,"key":"Incense Burner"},{"floor":24.0,"key":"Eternal Feather"},{"floor":25.0,"key":"Mummified Hand"}],"event_choices":[],"is_beta":false,"boss_relics":[{"not_picked":["Empty Cage","Philosopher\u0027s Stone"],"picked":"Astrolabe"}],"items_purged_floors":[],"is_endless":false,"potions_floor_spawned":[3,9,10,12,16,19,23],"killed_by":"downfall:LadyInBlue","ascension_level":0}}