{"host":"tthpht10oetb1q7t","time":1612950266,"event":{"mods":["AchievementEnabler","BaseMod","Conspire","Dio Mod","GifTheSpireLib","Hubris","Minty Spire (QoL Compilation)","Permanent Neow","Quick Restart","Replay The Spire","StSLib","SuperFastMode","The Blackbeard","The Saiyan"],"gold_per_floor":[109,128,139,39,51,51,51,67,67,99,115,115,128,143,143,247,247,260,110,129,129,204,204,236,248,248,248,248],"floor_reached":27,"language":"ENG","playtime":2148,"items_purged":["dioMod:Strike","dioMod:Strike"],"score":237,"play_id":"4d7cf59e-b863-48e1-85eb-bdc371a209ae","local_time":"20210210104426","is_ascension_mode":false,"campfire_choices":[{"data":"dioMod:MudaMudaMuda","floor":6,"key":"SMITH"},{"data":"dioMod:SevenPageMuda","floor":12,"key":"SMITH"},{"floor":15,"key":"REST"},{"data":"dioMod:MudaMudaMuda","floor":23,"key":"SMITH"}],"circlet_count":0,"master_deck":["dioMod:Strike","dioMod:Strike","Bite","dioMod:Defend","dioMod:Defend","dioMod:Defend","dioMod:Defend","dioMod:MudaMudaMuda+1","dioMod:DaggerSpree","dioMod:StreetSign","dioMod:GoodbyeJojo","dioMod:DaggerToss","dioMod:SevenPageMuda+1","dioMod:MudaMudaMuda+1","dioMod:Muda","dioMod:DoubleTime","dioMod:DaggerToss","dioMod:ComboFever+1"],"relics":["dioMod:VampireBlood","Ice Cream","hubris:Stopwatch","Pet Ghost","Bottled Lightning"],"acts_visited":["Exordium","TheCity"],"potions_floor_usage":[27],"damage_taken":[{"damage":3,"enemies":"2 Louse","floor":1,"turns":4},{"damage":1,"enemies":"Cultist","floor":2,"turns":3},{"damage":0,"enemies":"Small Slimes","floor":3,"turns":2},{"damage":37,"enemies":"Gremlin Gang","floor":5,"turns":4},{"damage":16,"enemies":"Blue Slaver","floor":8,"turns":4},{"damage":27,"enemies":"3 Sentries","floor":10,"turns":5},{"damage":10,"enemies":"3 Louse","floor":11,"turns":3},{"damage":10,"enemies":"Exordium Wildlife","floor":13,"turns":2},{"damage":10,"enemies":"Looter","floor":14,"turns":3},{"damage":31,"enemies":"Fading Forest","floor":16,"turns":11},{"damage":30,"enemies":"Spheric Guardian","floor":18,"turns":4},{"damage":10,"enemies":"Chosen","floor":20,"turns":3},{"damage":22,"enemies":"Gremlin Leader","floor":24,"turns":2},{"damage":15,"enemies":"Snecko","floor":25,"turns":3},{"damage":4,"enemies":"Centurion and Healer","floor":27,"turns":2}],"seed_played":"2658846259770702994","potions_obtained":[{"floor":2,"key":"SteroidPotion"},{"floor":3,"key":"Swift Potion"},{"floor":10,"key":"Weak Potion"}],"is_trial":false,"path_per_floor":["M","M","M","$","M","R","?","M","T","E","M","R","M","M","R","B",null,"M","$","M","?","?","R","E","M","T","M"],"character_chosen":"THE_DEFAULT","items_purchased":["dioMod:DaggerToss","dioMod:Muda"],"campfire_rested":1,"item_purchase_floors":[4,19],"current_hp_per_floor":[75,75,75,75,51,51,51,40,40,24,25,25,21,16,38,38,75,50,50,45,45,38,38,19,7,7,3,3],"gold":248,"neow_bonus":"ONE_RANDOM_RARE_CARD","is_daily":false,"chose_seed":false,"campfire_upgraded":3,"win_rate":0.0,"timestamp":1612950266,"path_taken":["M","M","M","$","M","R","?","M","T","E","?","R","M","M","R","BOSS","M","$","M","?","?","R","E","M","T","M"],"items_purchased_type":["Card","Card"],"build_version":"2020-12-22","purchased_purges":2,"victory":false,"max_hp_per_floor":[75,75,75,75,75,75,75,75,75,75,75,75,75,75,75,75,75,75,75,75,75,75,75,75,75,75,75,75],"card_choices":[{"not_picked":["dioMod:BlendIn","dioMod:GoodbyeJojo"],"picked":"dioMod:DaggerSpree","floor":1},{"not_picked":["dioMod:Roundabout","dioMod:BloodShield"],"picked":"dioMod:StreetSign","floor":2},{"not_picked":["dioMod:Minions","dioMod:StreetSign"],"picked":"dioMod:GoodbyeJojo","floor":3},{"not_picked":["dioMod:CoffinBath","dioMod:BloodSplash","dioMod:SecretPlan"],"picked":"SKIP","floor":5},{"not_picked":["dioMod:DisarmingVoice","dioMod:Hiss","dioMod:VengefulMuda"],"picked":"SKIP","floor":8},{"not_picked":["dioMod:StreetSign","dioMod:DoubleTime","dioMod:Hiss"],"picked":"SKIP","floor":10},{"not_picked":["dioMod:BloodSuck","dioMod:SlashThroughTime"],"picked":"dioMod:SevenPageMuda","floor":11},{"not_picked":["dioMod:Freeze","dioMod:BloodSuck","dioMod:BloodTransfusion"],"picked":"SKIP","floor":13},{"not_picked":["dioMod:CautiousMuda","dioMod:SlashThroughTime","dioMod:BloodShield"],"picked":"SKIP","floor":14},{"not_picked":["dioMod:Despair","dioMod:PathToHeaven"],"picked":"dioMod:MudaMudaMuda","floor":16},{"not_picked":["dioMod:BlendIn+1","dioMod:LaserVision+1","dioMod:StreetSign"],"picked":"SKIP","floor":18},{"not_picked":["dioMod:DisarmingVoice+1","dioMod:SlashThroughTime"],"picked":"dioMod:DoubleTime","floor":20},{"not_picked":["dioMod:WRYYY","dioMod:BloodSplash"],"picked":"dioMod:DaggerToss","floor":24},{"not_picked":["dioMod:GoodbyeJojo","dioMod:DisarmingVoice"],"picked":"dioMod:ComboFever+1","floor":25}],"player_experience":109697,"relics_obtained":[{"floor":10,"key":"Ice Cream"},{"floor":24,"key":"Pet Ghost"},{"floor":26,"key":"Bottled Lightning"}],"event_choices":[{"damage_healed":0,"gold_gain":0,"player_choice":"Bought 0 Potions","damage_taken":0,"max_hp_gain":0,"max_hp_loss":0,"event_name":"The Woman in Blue","floor":7,"gold_loss":0},{"damage_healed":0,"gold_gain":0,"player_choice":"Ignored","damage_taken":0,"max_hp_gain":0,"max_hp_loss":0,"event_name":"Ghosts","floor":21,"gold_loss":0},{"damage_healed":0,"gold_gain":75,"player_choice":"Touch","damage_taken":7,"max_hp_gain":0,"max_hp_loss":0,"event_name":"FaceTrader","floor":22,"gold_loss":0}],"is_beta":false,"boss_relics":[{"not_picked":["dioMod:JoestarBlood","Snecko Eye"],"picked":"hubris:Stopwatch"}],"items_purged_floors":[4,19],"is_endless":false,"potions_floor_spawned":[2,3,10,13,24,25],"killed_by":"Centurion and Healer","ascension_level":0}}