{"host":"hszimsrtxxc2k25w","time":1612987362,"event":{"mods":["AchievementEnabler","BaseMod","Colored Map","DeckTracker","Minty Spire (QoL Compilation)","Rare Cards Sparkle","SuperFastMode"],"gold_per_floor":[113,128,278,164,164,198,198,223,294,294,317,317,351,371,371,371,371],"floor_reached":16,"language":"KOR","playtime":342,"items_purged":["Doubt"],"score":270,"play_id":"38882567-153f-4fac-9bbc-06092ab2bab7","local_time":"20210211050242","is_ascension_mode":true,"campfire_choices":[{"data":"Cloak And Dagger","floor":7,"key":"SMITH"},{"data":"Blade Dance","floor":10,"key":"SMITH"},{"data":"Footwork","floor":12,"key":"SMITH"},{"floor":15,"key":"REST"}],"circlet_count":0,"master_deck":["AscendersBane","Strike_G","Strike_G","Strike_G","Strike_G","Strike_G","Defend_G","Defend_G","Defend_G","Defend_G","Defend_G","Survivor","Neutralize","Cloak And Dagger+1","Acrobatics","Footwork+1","PiercingWail","Blade Dance+1","Deadly Poison"],"relics":["Ring of the Snake","NeowsBlessing","Golden Idol","Vajra","Pear","Omamori"],"acts_visited":["Exordium"],"potions_floor_usage":[16,16],"damage_taken":[{"damage":0,"enemies":"Small Slimes","floor":1,"turns":1},{"damage":0,"enemies":"2 Louse","floor":2,"turns":1},{"damage":0,"enemies":"3 Sentries","floor":6,"turns":2},{"damage":5,"enemies":"Jaw Worm","floor":8,"turns":4},{"damage":6,"enemies":"Exordium Thugs","floor":11,"turns":8},{"damage":34,"enemies":"Gremlin Nob","floor":13,"turns":4},{"damage":11,"enemies":"Looter","floor":14,"turns":3},{"damage":38,"enemies":"Hexaghost","floor":16,"turns":12}],"seed_played":"8471891817799407070","potions_obtained":[{"floor":8,"key":"SneckoOil"},{"floor":11,"key":"SkillPotion"}],"is_trial":false,"path_per_floor":["M","M","?","$","?","E","R","M","T","R","M","R","E","M","R","B"],"character_chosen":"THE_SILENT","items_purchased":["Footwork"],"campfire_rested":1,"item_purchase_floors":[4],"current_hp_per_floor":[59,59,59,59,59,59,59,54,64,64,58,58,24,13,34,0,0],"gold":371,"neow_bonus":"THREE_ENEMY_KILL","is_daily":false,"chose_seed":false,"campfire_upgraded":3,"win_rate":0.0,"timestamp":1612987362,"path_taken":["M","M","?","$","?","E","R","M","T","R","M","R","E","M","R","BOSS"],"items_purchased_type":["Card"],"build_version":"2020-12-22","purchased_purges":1,"victory":false,"max_hp_per_floor":[66,66,66,66,60,60,60,60,70,70,70,70,70,70,70,70,70],"card_choices":[{"not_picked":["Quick Slash","PiercingWail"],"picked":"Cloak And Dagger","floor":1},{"not_picked":["Backflip","Quick Slash"],"picked":"Acrobatics","floor":2},{"not_picked":["Dodge and Roll","Night Terror"],"picked":"PiercingWail","floor":6},{"not_picked":["Cloak And Dagger","Escape Plan"],"picked":"Blade Dance","floor":8},{"not_picked":["Heel Hook","Backflip","Dodge and Roll"],"picked":"SKIP","floor":11},{"not_picked":["Backflip","PiercingWail"],"picked":"Deadly Poison","floor":13},{"not_picked":["Outmaneuver","Doppelganger","Quick Slash"],"picked":"SKIP","floor":14}],"player_experience":673710,"relics_obtained":[{"floor":6,"key":"Vajra"},{"floor":9,"key":"Pear"},{"floor":13,"key":"Omamori"}],"event_choices":[{"damage_healed":0,"gold_gain":150,"player_choice":"AGREE","damage_taken":0,"max_hp_gain":0,"max_hp_loss":0,"event_name":"Liars Game","floor":3,"gold_loss":0,"cards_obtained":["Doubt"]},{"damage_healed":0,"gold_gain":0,"player_choice":"Lose Max HP","damage_taken":0,"relics_obtained":["Golden Idol"],"max_hp_gain":0,"max_hp_loss":6,"event_name":"Golden Idol","floor":5,"gold_loss":0}],"is_beta":false,"boss_relics":[],"items_purged_floors":[4],"is_endless":false,"potions_floor_spawned":[8,11],"killed_by":"Hexaghost","ascension_level":20}}