{"host":"2zu58scgr3ekv4lr","time":1612917676,"event":{"mods":["AchievementEnabler","BaseMod","Minty Spire (QoL Compilation)","Quick Restart","StSLib","The Cursed"],"gold_per_floor":[114,131,131,131,131,171,171,185,185,216,247,84,107,121,121,121,121],"floor_reached":16,"language":"ENG","playtime":694,"items_purged":["Strike_G"],"score":137,"play_id":"58fc2d3c-4f5a-4314-9fca-675273693541","local_time":"20210210014116","is_ascension_mode":false,"campfire_choices":[{"floor":15,"key":"REST"}],"circlet_count":0,"master_deck":["Strike_G","Strike_G","Strike_G+1","Strike_G","Defend_G","Defend_G","Defend_G","Defend_G","Defend_G+1","Survivor","Neutralize","Choke","Prepared","Injury","Backstab","Slice","Phantasmal Killer","PiercingWail","Flying Knee","Dagger Throw","Tactician"],"relics":["Ring of the Snake","NeowsBlessing","Golden Idol","HornCleat","InkBottle","MawBank"],"acts_visited":["Exordium"],"potions_floor_usage":[16,16],"damage_taken":[{"damage":0,"enemies":"Jaw Worm","floor":1,"turns":1},{"damage":0,"enemies":"2 Louse","floor":2,"turns":1},{"damage":0,"enemies":"3 Sentries","floor":6,"turns":2},{"damage":0,"enemies":"Small Slimes","floor":8,"turns":4},{"damage":22,"enemies":"Lagavulin","floor":10,"turns":9},{"damage":6,"enemies":"3 Louse","floor":11,"turns":3},{"damage":3,"enemies":"Exordium Wildlife","floor":13,"turns":4},{"damage":0,"enemies":"Looter","floor":14,"turns":2},{"damage":58,"enemies":"Hexaghost","floor":16,"turns":12}],"seed_played":"2508366250016342033","potions_obtained":[{"floor":1,"key":"Block Potion"},{"floor":6,"key":"DuplicationPotion"},{"floor":11,"key":"AttackPotion"}],"is_trial":false,"path_per_floor":["M","M","?","?","?","E","?","M","T","E","M","$","M","M","R","B"],"character_chosen":"THE_SILENT","items_purchased":["Flying Knee","Dagger Throw"],"campfire_rested":1,"item_purchase_floors":[12,12],"current_hp_per_floor":[70,70,70,56,70,70,67,67,67,45,39,39,36,36,57,0,0],"gold":121,"neow_bonus":"THREE_ENEMY_KILL","is_daily":false,"chose_seed":false,"campfire_upgraded":0,"win_rate":0.0,"timestamp":1612917676,"path_taken":["M","M","?","?","?","E","?","?","T","E","M","$","M","M","R","BOSS"],"items_purchased_type":["Card","Card"],"build_version":"2020-12-22","purchased_purges":1,"victory":false,"max_hp_per_floor":[70,70,70,70,70,70,70,70,70,70,70,70,70,70,70,70,70],"card_choices":[{"not_picked":["Expertise","PiercingWail"],"picked":"Choke","floor":1},{"not_picked":["Sucker Punch","Dodge and Roll"],"picked":"Prepared","floor":2},{"not_picked":["Deadly Poison","Finisher"],"picked":"Backstab","floor":6},{"not_picked":["Tactician","Heel Hook"],"picked":"Slice","floor":8},{"not_picked":["Sucker Punch","Heel Hook"],"picked":"Phantasmal Killer","floor":10},{"not_picked":["Accuracy","Prepared"],"picked":"PiercingWail","floor":11},{"not_picked":["Catalyst","Cloak And Dagger"],"picked":"Tactician","floor":13},{"not_picked":["Dodge and Roll","Blade Dance","Poisoned Stab"],"picked":"SKIP","floor":14}],"player_experience":39049,"relics_obtained":[{"floor":6,"key":"HornCleat"},{"floor":9,"key":"InkBottle"},{"floor":10,"key":"MawBank"}],"event_choices":[{"damage_healed":0,"gold_gain":0,"player_choice":"Take Wound","damage_taken":0,"relics_obtained":["Golden Idol"],"max_hp_gain":0,"max_hp_loss":0,"event_name":"Golden Idol","floor":3,"gold_loss":0,"cards_obtained":["Injury"]},{"damage_healed":0,"gold_gain":0,"player_choice":"Entered Light","damage_taken":14,"max_hp_gain":0,"max_hp_loss":0,"event_name":"Shining Light","floor":4,"gold_loss":0,"cards_upgraded":["Defend_G","Strike_G"]},{"damage_healed":23,"gold_gain":0,"player_choice":"Banana","damage_taken":0,"max_hp_gain":0,"max_hp_loss":0,"event_name":"Big Fish","floor":5,"gold_loss":0},{"damage_healed":0,"gold_gain":0,"player_choice":"Fled","damage_taken":3,"max_hp_gain":0,"max_hp_loss":0,"event_name":"Scrap Ooze","floor":7,"gold_loss":0}],"is_beta":false,"boss_relics":[],"items_purged_floors":[12],"is_endless":false,"potions_floor_spawned":[1,6,11],"killed_by":"Hexaghost","ascension_level":0}}