{"host":"jbmvtpvel2a8rbg6","time":1612917927,"event":{"mods":["Aspiration","BaseMod","Better Match","Better Sensory Stone","Better Skull","Conspire","Downfall","Energized Spire","GungeonMod","Hubris","Infinite Spire","Minty Spire (QoL Compilation)","RRrroohrrRGHHhhh!!","Reliquary","Replay The Spire","StSLib","Wandering Minibosses"],"gold_per_floor":[116,62,62,79,95,125,125,141,141,154,183,198,54,74,74,92,92],"floor_reached":16,"language":"ENG","playtime":1989,"items_purged":[],"score":114,"play_id":"74638d92-a5e8-401a-9cea-dc6c2b23dfe2","local_time":"20210209164527","is_ascension_mode":false,"campfire_choices":[{"floor":7,"key":"REST"},{"floor":15,"key":"DIG"}],"circlet_count":0,"master_deck":["Strike_G","Strike_G","Strike_G","Strike_G","Defend_G","Defend_G","Defend_G","Defend_G","Defend_G","Survivor","Neutralize+1","Deadly Poison","rorgmod:Tendon Slice","Deadly Poison","Sucker Punch","rorgmod:Catalyst","Dagger Spray+1","Infinite Blades","Poisoned Stab","Glass Knife"],"relics":["Ring of the Snake","Regal Pillow","Ancient Tea Set","reliquary:FeatherDuster","Whetstone","Bottled Flame","Ninja Scroll","infinitespire:Midas Blood"],"acts_visited":["Exordium"],"potions_floor_usage":[5,11,11],"damage_taken":[{"damage":1,"enemies":"Cultist","floor":1,"turns":4},{"damage":0,"enemies":"2 Louse","floor":4,"turns":3},{"damage":1,"enemies":"Jaw Worm","floor":5,"turns":5},{"damage":12,"enemies":"Lagavulin","floor":6,"turns":6},{"damage":19,"enemies":"Gremlin Gang","floor":8,"turns":6},{"damage":0,"enemies":"Blue Slaver","floor":10,"turns":4},{"damage":10,"enemies":"Gremlin Nob","floor":11,"turns":4},{"damage":0,"enemies":"2 Fungi Beasts","floor":12,"turns":2},{"damage":8,"enemies":"Exordium Wildlife","floor":14,"turns":2},{"damage":40,"enemies":"The Guardian","floor":16,"turns":8}],"seed_played":"-7335848637322967793","potions_obtained":[{"floor":1,"key":"AttackPotion"},{"floor":8,"key":"Block Potion"},{"floor":10,"key":"Regen Potion"},{"floor":12,"key":"Milkshake"}],"is_trial":false,"path_per_floor":["M","$","?","M","M","E","R","M","T","M","E","M","$","M","R","B"],"character_chosen":"THE_SILENT","items_purchased":["rorgmod:Tendon Slice","Ninja Scroll"],"campfire_rested":1,"item_purchase_floors":[2,13],"current_hp_per_floor":[69,69,36,36,35,23,59,40,40,40,44,44,44,36,36,0,0],"gold":92,"neow_bonus":"TRANSFORM_CARD","is_daily":false,"chose_seed":false,"campfire_upgraded":0,"win_rate":0.0,"timestamp":1612917927,"path_taken":["M","?","?","M","M","E","R","M","T","M","E","?","$","M","R","BOSS"],"items_purchased_type":["Card","Relic"],"build_version":"2020-12-22","purchased_purges":0,"victory":false,"max_hp_per_floor":[70,70,70,70,70,70,70,70,70,70,70,70,70,70,70,70,70],"card_choices":[{"not_picked":["Calculated Gamble","ReplayTheSpireMod:Exploit Weakness"],"picked":"Backflip","floor":1},{"not_picked":["rorgmod:Slice","Hidden Blade"],"picked":"Deadly Poison","floor":4},{"not_picked":["rorgmod:Tendon Slice","Replay:Bag of Tricks"],"picked":"Sucker Punch","floor":5},{"not_picked":["Deadly Poison","Backflip"],"picked":"rorgmod:Catalyst","floor":6},{"not_picked":["Hidden Blade","ReplayTheSpireMod:Necrosis"],"picked":"Dagger Spray","floor":8},{"not_picked":["Sneak Up","Concentrate","Quick Slash"],"picked":"SKIP","floor":10},{"not_picked":["Blur","rorgmod:Slice"],"picked":"Infinite Blades","floor":11},{"not_picked":["Calculated Gamble","Leg Sweep"],"picked":"Poisoned Stab","floor":12},{"not_picked":["Poisoned Stab","Acrobatics"],"picked":"Glass Knife","floor":14}],"player_experience":853203,"relics_obtained":[{"floor":6,"key":"reliquary:FeatherDuster"},{"floor":9,"key":"Whetstone"},{"floor":11,"key":"Bottled Flame"},{"floor":15,"key":"infinitespire:Midas Blood"}],"event_choices":[{"damage_healed":0,"gold_gain":0,"player_choice":"RE RE ","damage_taken":37,"relics_obtained":["Regal Pillow","Ancient Tea Set"],"max_hp_gain":0,"max_hp_loss":0,"event_name":"betterSkull:BetterSkull","floor":3,"gold_loss":0,"cards_upgraded":[]}],"is_beta":false,"boss_relics":[],"items_purged_floors":[],"is_endless":false,"potions_floor_spawned":[1,8,10,12],"killed_by":"The Guardian","ascension_level":0}}