{"host":"069ovbzinfpenk8v","time":1612939078,"event":{"mods":["2.2 Compatiblity","AchievementEnabler","Act Like it!","BaseMod","Colored Map","Colored Powertips","DeckTracker","Downfall","Highlight Path","Minty Spire (QoL Compilation)","Quick Restart","Random Character Button","Rare Cards Sparkle","Relic Stats","Replay The Spire","StSLib","SuperFastMode","Transform Curses"],"gold_per_floor":[190,190,190,190,190,204,204,221,235,246,194,208,239,389,402,501,501,501,501],"floor_reached":17,"language":"ENG","playtime":1580,"items_purged":[],"score":157,"play_id":"36681846-3b12-4452-bc53-221a1d043e27","local_time":"20210210003758","is_ascension_mode":false,"campfire_choices":[],"circlet_count":0,"master_deck":["Slimebound:Tackle","Slimebound:Split","Slimebound:CorrosiveSpit","Slimebound:Prepare+1","Slimebound:SplitBruiser","Slimebound:DisruptingSlam","Slimebound:Grow","Slimebound:Prepare","Slimebound:SplitAcid","Slimebound:Teamwork","Slimebound:SplitAcid","Slimebound:SplitAcid+1","Slimebound:SlimeSpikes","Slimebound:FormOfPuddle","Slimebound:GoopSpray","Slimebound:LivingWall","Slimebound:SamplingLick","Slimebound:Replication","Slimebound:MinionMaster","Slimebound:SlimeBrawl","Slimebound:SelfFormingGoo","Slimebound:Chomp"],"relics":["Slimebound:AbsorbEndCombat","downfall:HeartsMalice","Centennial Puzzle","Pandora\u0027s Box"],"acts_visited":["Exordium","TheCity"],"potions_floor_usage":[],"damage_taken":[{"damage":0.0,"enemies":"2 Louse","floor":2.0,"turns":1.0},{"damage":0.0,"enemies":"Cultist","floor":4.0,"turns":1.0},{"damage":0.0,"enemies":"Small Slimes","floor":5.0,"turns":1.0},{"damage":8.0,"enemies":"Red Slaver","floor":6.0,"turns":3.0},{"damage":3.0,"enemies":"Exordium Wildlife","floor":8.0,"turns":5.0},{"damage":5.0,"enemies":"3 Louse","floor":9.0,"turns":3.0},{"damage":3.0,"enemies":"Large Slime","floor":10.0,"turns":4.0},{"damage":3.0,"enemies":"downfall:FleeingMerchant","floor":11.0,"turns":4.0},{"damage":0.0,"enemies":"Red Slaver","floor":12.0,"turns":4.0},{"damage":3.0,"enemies":"Replay:BlueRogue","floor":13.0,"turns":5.0},{"damage":0.0,"enemies":"Blue Slaver","floor":15.0,"turns":3.0},{"damage":15.0,"enemies":"SI_SHIV_ARCHETYPE","floor":16.0,"turns":12.0}],"seed_played":"-2057555870452857908","potions_obtained":[{"floor":6.0,"key":"Venom Potion"},{"floor":8.0,"key":"PowerPotion"},{"floor":12.0,"key":"Dexterity Potion"},{"floor":13.0,"key":"Doom Potion"}],"is_trial":false,"path_per_floor":["R_BF","M","?","M","M","M","T","M","M","M","$","M","E","?","M","B",null],"character_chosen":"SLIMEBOUND","items_purchased":["Slimebound:SplitAcid+1"],"campfire_rested":0,"item_purchase_floors":[11],"current_hp_per_floor":[65,65,65,65,65,57,57,56,51,50,49,51,50,50,50,43,65,65,65],"gold":501,"neow_bonus":"THREE_ENEMY_KILL","is_daily":false,"chose_seed":false,"campfire_upgraded":0,"win_rate":0.0,"timestamp":1612939078,"path_taken":["R_BF","M","?","M","M","?","T","M","M","?","$","M","E","?","M","BOSS"],"items_purchased_type":["Card"],"build_version":"2020-12-22","purchased_purges":0,"victory":false,"max_hp_per_floor":[65,65,65,65,65,65,65,65,65,65,65,65,65,65,65,65,65,65,65],"relic_stats":{"Centennial Puzzle":[3],"counters":[12,42],"Pandora\u0027s Box":["Slimebound:LivingWall","Slimebound:SamplingLick","Slimebound:Replication","Slimebound:MinionMaster","Slimebound:SlimeBrawl","Slimebound:SelfFormingGoo","Slimebound:Chomp"],"obtain_stats":[{"Centennial Puzzle":13,"ReplayTheSpireMod:Ninjato":7,"downfall:HeartsMalice":0,"Pandora\u0027s Box":17,"Slimebound:AbsorbEndCombat":0},{"Centennial Puzzle":10,"ReplayTheSpireMod:Ninjato":4,"downfall:HeartsMalice":0,"Pandora\u0027s Box":12,"Slimebound:AbsorbEndCombat":0},{"Centennial Puzzle":27,"ReplayTheSpireMod:Ninjato":3,"downfall:HeartsMalice":0,"Pandora\u0027s Box":42,"Slimebound:AbsorbEndCombat":0}]},"card_choices":[{"not_picked":["Slimebound:SplitLeeching","Slimebound:SplitBruiser"],"picked":"Slimebound:Prepare","floor":2.0},{"not_picked":["Slimebound:Replication","Slimebound:RollThrough"],"picked":"Slimebound:SplitBruiser","floor":4.0},{"not_picked":["Slimebound:ProtectTheBoss","Slimebound:SplitMire"],"picked":"Slimebound:DisruptingSlam","floor":5.0},{"not_picked":["Slimebound:LeechEnergy","Slimebound:BestDefense"],"picked":"Slimebound:Grow","floor":6.0},{"not_picked":["Slimebound:ItLooksTasty","Slimebound:RejuvenatingLick"],"picked":"Slimebound:Prepare","floor":8.0},{"not_picked":["Slimebound:MegaLick","Slimebound:Schlurp"],"picked":"Slimebound:SplitAcid","floor":9.0},{"not_picked":["Slimebound:DisruptingSlam","Slimebound:PressTheAttack"],"picked":"Slimebound:Teamwork","floor":10.0},{"not_picked":["Slimebound:GrowthPunch","Slimebound:Equalize"],"picked":"Slimebound:SplitAcid","floor":11.0},{"not_picked":["Slimebound:FinishingTackle","Slimebound:SplitMire"],"picked":"Slimebound:SlimeSpikes","floor":12.0},{"not_picked":["Slimebound:FinishingTackle","Slimebound:SplitLeeching"],"picked":"Slimebound:FormOfPuddle","floor":13.0},{"not_picked":["Slimebound:Dissolve","Slimebound:Schlurp"],"picked":"Slimebound:GoopSpray","floor":15.0}],"player_experience":572095,"relics_obtained":[{"floor":7.0,"key":"ReplayTheSpireMod:Ninjato"},{"floor":13.0,"key":"Centennial Puzzle"}],"event_choices":[{"damage_healed":0.0,"max_hp_gain":0.0,"max_hp_loss":0.0,"gold_gain":0.0,"event_name":"Accursed Blacksmith","player_choice":"Forge","floor":3.0,"gold_loss":0.0,"damage_taken":0.0,"cards_upgraded":["Slimebound:Prepare"]}],"is_beta":false,"boss_relics":[{"not_picked":["Velvet Choker","Runic Pyramid"],"picked":"Pandora\u0027s Box"}],"items_purged_floors":[],"is_endless":false,"potions_floor_spawned":[6,8,12,13,15],"ascension_level":0}}