{"host":"4rvakrj1idbgia3f","time":1612995318,"event":{"mods":["BaseMod","Colored Map","Colored Powertips","DeckTracker","Highlight Path","Minty Spire (QoL Compilation)","Random Character Button","StSLib"],"gold_per_floor":[118,136,156,167,92,92,92,103,128,154,166,178,225,251,263,349,361,384,446,458,28,28,28,46,58,81,98,98,98,109,109,109,185,185,196,196,196,216,127,127,146,158,158,158,158,158],"floor_reached":45,"language":"JPN","playtime":2780,"items_purged":["Strike_B"],"score":859,"play_id":"abe1f7ce-8ac6-48fc-baea-341d8168c673","local_time":"20210211071518","is_ascension_mode":true,"campfire_choices":[{"data":"Streamline","floor":6.0,"key":"SMITH"},{"data":"Blizzard","floor":11.0,"key":"SMITH"},{"data":"Glacier","floor":15.0,"key":"SMITH"},{"data":"Blizzard","floor":23.0,"key":"SMITH"},{"data":"Biased Cognition","floor":29.0,"key":"SMITH"},{"floor":32.0,"key":"REST"},{"data":"Stack","floor":40.0,"key":"SMITH"}],"circlet_count":0,"master_deck":["AscendersBane","Defend_B","Defend_B","Defend_B","Zap","Dualcast","Glacier+1","Blizzard+1","Stack+1","Streamline+1","Coolheaded","Hello World+1","Reboot","Ball Lightning","Core Surge","Coolheaded","Biased Cognition+1","Blizzard+1","Panacea+1","Redo+1","Hologram+1","Conserve Battery+1","Cold Snap","Seek+1","Darkness+1","Forethought+1"],"relics":["Cracked Core","NeowsBlessing","MawBank","Happy Flower","SlaversCollar","Toxic Egg 2","Question Card","MealTicket","Runic Pyramid","HornCleat","CeramicFish"],"acts_visited":["Exordium","TheCity","TheBeyond"],"potions_floor_usage":[],"damage_taken":[{"damage":0.0,"enemies":"Cultist","floor":1.0,"turns":1.0},{"damage":0.0,"enemies":"2 Louse","floor":2.0,"turns":1.0},{"damage":0.0,"enemies":"Small Slimes","floor":3.0,"turns":1.0},{"damage":2.0,"enemies":"3 Louse","floor":4.0,"turns":4.0},{"damage":11.0,"enemies":"Looter","floor":8.0,"turns":3.0},{"damage":8.0,"enemies":"Blue Slaver","floor":10.0,"turns":3.0},{"damage":3.0,"enemies":"Lagavulin","floor":13.0,"turns":8.0},{"damage":10.0,"enemies":"Exordium Wildlife","floor":14.0,"turns":4.0},{"damage":22.0,"enemies":"The Guardian","floor":16.0,"turns":14.0},{"damage":4.0,"enemies":"Spheric Guardian","floor":18.0,"turns":7.0},{"damage":4.0,"enemies":"3 Byrds","floor":24.0,"turns":6.0},{"damage":13.0,"enemies":"Cultist and Chosen","floor":25.0,"turns":7.0},{"damage":6.0,"enemies":"Snecko","floor":27.0,"turns":6.0},{"damage":13.0,"enemies":"Centurion and Healer","floor":30.0,"turns":7.0},{"damage":17.0,"enemies":"Collector","floor":33.0,"turns":10.0},{"damage":0.0,"enemies":"3 Darklings","floor":35.0,"turns":6.0},{"damage":6.0,"enemies":"Orb Walker","floor":38.0,"turns":4.0},{"damage":11.0,"enemies":"Writhing Mass","floor":41.0,"turns":5.0},{"damage":37.0,"enemies":"Jaw Worm Horde","floor":42.0,"turns":5.0},{"damage":12,"enemies":"Giant Head","floor":45,"turns":8}],"seed_played":"224515988461953591","potions_obtained":[{"floor":1.0,"key":"Weak Potion"},{"floor":3.0,"key":"Strength Potion"},{"floor":10.0,"key":"Block Potion"},{"floor":16.0,"key":"SkillPotion"},{"floor":18.0,"key":"AttackPotion"},{"floor":33.0,"key":"DistilledChaos"},{"floor":35.0,"key":"AttackPotion"}],"is_trial":false,"path_per_floor":["M","M","M","M","?","R","?","M","T","M","R","?","E","M","R","B",null,"M","?","?","$","T","R","M","M","T","M","$","R","M","?","R","B",null,"M","?","T","M","?","R","M","M","T","?","E"],"character_chosen":"DEFECT","items_purchased":["Toxic Egg 2","Panacea+1"],"campfire_rested":1,"item_purchase_floors":[21,21],"current_hp_per_floor":[64,64,64,62,62,62,62,51,51,43,43,43,40,30,30,8,55,51,51,51,51,51,51,47,34,34,28,43,43,30,30,51,34,62,62,62,62,56,56,56,45,8,8,8,0,0],"gold":158,"neow_bonus":"THREE_ENEMY_KILL","is_daily":false,"chose_seed":false,"campfire_upgraded":6,"win_rate":0.0,"timestamp":1612995318,"path_taken":["M","M","?","M","?","R","?","M","T","M","R","?","E","M","R","BOSS","M","?","?","?","?","R","?","M","T","M","$","R","M","?","R","BOSS","M","?","?","M","?","R","M","?","T","?","E"],"items_purchased_type":["Relic","Card"],"build_version":"2020-12-22","purchased_purges":1,"victory":false,"max_hp_per_floor":[71,71,71,71,71,71,71,71,71,71,71,71,71,71,71,71,71,71,71,71,71,71,71,71,71,71,71,71,71,71,71,71,71,71,71,71,71,71,71,71,71,71,71,67,67,67],"card_choices":[{"not_picked":["Ball Lightning","Turbo"],"picked":"Glacier","floor":1.0},{"not_picked":["Hologram","Conserve Battery"],"picked":"Blizzard","floor":2.0},{"not_picked":["Meteor Strike","Leap"],"picked":"Stack","floor":3.0},{"not_picked":["Turbo","Stack"],"picked":"Streamline","floor":4.0},{"not_picked":["Tempest","Go for the Eyes"],"picked":"Coolheaded","floor":8.0},{"not_picked":["Conserve Battery","Reprogram"],"picked":"Hello World","floor":10.0},{"not_picked":["Chaos","Fusion"],"picked":"Reboot","floor":13.0},{"not_picked":["Storm","Melter"],"picked":"Ball Lightning","floor":14.0},{"not_picked":["Creative AI","Reboot"],"picked":"Core Surge","floor":16.0},{"not_picked":["Darkness","Gash"],"picked":"Coolheaded","floor":18.0},{"not_picked":["Rebound","Storm","Self Repair"],"picked":"Redo+1","floor":24.0},{"not_picked":["Go for the Eyes","Leap+1","Barrage"],"picked":"Hologram+1","floor":25.0},{"not_picked":["Redo+1","Gash","Streamline"],"picked":"Conserve Battery+1","floor":27.0},{"not_picked":["Consume+1","Melter","Machine Learning"],"picked":"Cold Snap","floor":30.0},{"not_picked":["Machine Learning","Reboot+1","Electrodynamics"],"picked":"Seek+1","floor":33.0},{"not_picked":["Steam+1","Cold Snap","Stack+1"],"picked":"Darkness+1","floor":35.0},{"not_picked":["Thinking Ahead+1","Dramatic Entrance","Jack Of All Trades+1"],"picked":"Forethought+1","floor":36.0},{"not_picked":["Rip and Tear","Conserve Battery+1","Compile Driver","Coolheaded+1"],"picked":"SKIP","floor":38.0},{"not_picked":["Turbo+1","Steam+1","Scrape","Barrage"],"picked":"SKIP","floor":41.0},{"not_picked":["Streamline+1","Stack+1","Doom and Gloom+1","Cold Snap+1"],"picked":"SKIP","floor":42.0}],"player_experience":2257402,"relics_obtained":[{"floor":9.0,"key":"MawBank"},{"floor":13.0,"key":"Happy Flower"},{"floor":22.0,"key":"Question Card"},{"floor":26.0,"key":"MealTicket"},{"floor":37.0,"key":"HornCleat"}],"event_choices":[{"cards_removed":["Defend_B"],"damage_healed":0.0,"max_hp_gain":0.0,"max_hp_loss":0.0,"gold_gain":0.0,"event_name":"The Cleric","player_choice":"Card Removal","floor":5.0,"gold_loss":75.0,"damage_taken":0.0},{"damage_healed":0.0,"max_hp_gain":0.0,"max_hp_loss":0.0,"gold_gain":0.0,"event_name":"Liars Game","player_choice":"Ignored","floor":7.0,"gold_loss":0.0,"damage_taken":0.0},{"damage_healed":0.0,"max_hp_gain":0.0,"max_hp_loss":0.0,"gold_gain":0.0,"event_name":"Living Wall","player_choice":"Grow","floor":12.0,"gold_loss":0.0,"damage_taken":0.0,"cards_upgraded":["Hello World"]},{"damage_healed":0.0,"max_hp_gain":0.0,"max_hp_loss":0.0,"gold_gain":50.0,"event_name":"Nest","player_choice":"Stole From Cult","floor":19.0,"gold_loss":0.0,"damage_taken":0.0},{"damage_healed":0.0,"max_hp_gain":0.0,"max_hp_loss":0.0,"gold_gain":0.0,"cards_transformed":["Strike_B","Strike_B"],"event_name":"Drug Dealer","player_choice":"Became Test Subject","floor":20.0,"gold_loss":0.0,"damage_taken":0.0,"cards_obtained":["Biased Cognition","Blizzard"]},{"cards_removed":["Strike_B"],"damage_healed":0.0,"max_hp_gain":0.0,"max_hp_loss":0.0,"gold_gain":0.0,"event_name":"Back to Basics","player_choice":"Elegance","floor":31.0,"gold_loss":0.0,"damage_taken":0.0},{"damage_healed":0.0,"max_hp_gain":0.0,"max_hp_loss":0.0,"gold_gain":0.0,"event_name":"SensoryStone","player_choice":"Memory 1","floor":36.0,"gold_loss":0.0,"damage_taken":0.0},{"damage_healed":0.0,"max_hp_gain":0.0,"max_hp_loss":0.0,"gold_gain":0.0,"event_name":"WeMeetAgain","player_choice":"Paid Gold","floor":39.0,"gold_loss":89.0,"damage_taken":0.0,"relics_obtained":["CeramicFish"]},{"damage_healed":0,"gold_gain":0,"player_choice":"Max HP","damage_taken":0,"max_hp_gain":0,"max_hp_loss":4,"event_name":"Winding Halls","floor":44,"gold_loss":0}],"is_beta":false,"boss_relics":[{"not_picked":["Cursed Key","Ectoplasm"],"picked":"SlaversCollar"},{"not_picked":["SacredBark","Sozu"],"picked":"Runic Pyramid"}],"items_purged_floors":[21],"is_endless":false,"potions_floor_spawned":[1,3,8,10,16,18,33,35,38],"killed_by":"Giant Head","ascension_level":20}}