{"host":"3a1ypf1irl30q4k8","time":1612950708,"event":{"mods":["AchievementEnabler","BaseMod","Bestiary","Colored Map","Minty Spire (QoL Compilation)","Relic Stats","ojb\u0027s Info Mod"],"gold_per_floor":[114,114,126,136,151,151,168,180,227,227,227],"floor_reached":10,"language":"ENG","playtime":557,"items_purged":[],"score":74,"play_id":"832b2abb-e614-4b54-9b44-9b264ebbc584","local_time":"20210210095148","is_ascension_mode":true,"campfire_choices":[{"data":"Streamline","floor":6,"key":"SMITH"}],"circlet_count":0,"master_deck":["Strike_B","Strike_B","Strike_B","Strike_B","Defend_B","Defend_B","Defend_B","Defend_B","Zap","Dualcast","Leap","Biased Cognition","Streamline+1","Skim","Storm","Undo"],"relics":["SacredBark","DataDisk"],"acts_visited":["Exordium"],"potions_floor_usage":[5,10,10],"damage_taken":[{"damage":13,"enemies":"Jaw Worm","floor":1,"turns":4},{"damage":0,"enemies":"Cultist","floor":3,"turns":4},{"damage":0,"enemies":"2 Louse","floor":4,"turns":2},{"damage":10,"enemies":"Lots of Slimes","floor":5,"turns":3},{"damage":12,"enemies":"Blue Slaver","floor":7,"turns":3},{"damage":12,"enemies":"Exordium Thugs","floor":8,"turns":6},{"damage":29,"enemies":"Gremlin Nob","floor":10,"turns":3}],"seed_played":"-7617431003871038119","potions_obtained":[{"floor":3,"key":"DuplicationPotion"},{"floor":5,"key":"GamblersBrew"},{"floor":8,"key":"FearPotion"}],"is_trial":false,"path_per_floor":["M","?","M","M","M","R","M","M","T","E"],"character_chosen":"DEFECT","items_purchased":[],"campfire_rested":0,"item_purchase_floors":[],"current_hp_per_floor":[62,62,62,62,52,52,40,28,28,0,0],"gold":227,"neow_bonus":"BOSS_RELIC","is_daily":false,"chose_seed":false,"campfire_upgraded":1,"win_rate":0.0,"timestamp":1612950708,"path_taken":["M","?","M","M","?","R","M","M","T","E"],"items_purchased_type":[],"build_version":"2020-12-22","purchased_purges":0,"victory":false,"max_hp_per_floor":[75,75,75,75,75,75,75,75,75,75,75],"relic_stats":{"counters":[7,25],"obtain_stats":[{"DataDisk":9,"SacredBark":0,"Cracked Core":0},{"DataDisk":6,"SacredBark":0,"Cracked Core":0},{"DataDisk":22,"SacredBark":0,"Cracked Core":0}]},"card_choices":[{"not_picked":["Stack","Steam"],"picked":"Leap","floor":1},{"not_picked":["Beam Cell","Barrage"],"picked":"Streamline","floor":3},{"not_picked":["Fusion","Hello World"],"picked":"Skim","floor":4},{"not_picked":["Hologram","Double Energy"],"picked":"Storm","floor":5},{"not_picked":["Beam Cell","Conserve Battery"],"picked":"Undo","floor":7},{"not_picked":["Fusion","Hello World","Double Energy"],"picked":"SKIP","floor":8}],"player_experience":1378506,"relics_obtained":[{"floor":9,"key":"DataDisk"}],"event_choices":[{"damage_healed":0,"gold_gain":0,"player_choice":"1 cards matched","damage_taken":0,"max_hp_gain":0,"max_hp_loss":0,"event_name":"Match and Keep!","floor":2,"gold_loss":0,"cards_obtained":["Biased Cognition"]}],"is_beta":false,"boss_relics":[],"items_purged_floors":[],"is_endless":false,"potions_floor_spawned":[3,5,8],"killed_by":"Gremlin Nob","ascension_level":4}}