{"host":"qe5t0t54rc9uejrt","time":1612946364,"event":{"mods":["Act Like it!","Aspiration","BaseMod","Colored Powertips","Hunter 猎人","Jedi Mod","Marked Mod","Minty Spire (QoL Compilation)","Replay The Spire","Shop Mod","Spicy Shops","StSLib","TestMod","The Administrix","The Cursed","The Hierophant","The Runesmith"],"gold_per_floor":[10,21,40,40,56,56,84,84,84,9,9,9,35,35,35,135,135,155,155,155,165,179,179,192,203,203,203,238,62,62,2,2,105,105,120,137,0,0,400,400,416,98,121,121,138,138,138,165,165,165],"floor_reached":51,"language":"ZHS","playtime":5042,"items_purged":["Strike_R"],"score":914,"play_id":"f423bb4f-bf9c-40b0-acd7-e8bb43e9eaeb","local_time":"20210210163924","is_ascension_mode":true,"campfire_choices":[{"data":"Pommel Strike","floor":6.0,"key":"SMITH"},{"floor":8.0,"key":"REST"},{"data":"jedi:strikingstrike","floor":11.0,"key":"SMITH"},{"floor":15.0,"key":"REST"},{"data":"Feed","floor":23.0,"key":"SMITH"},{"floor":27.0,"key":"REST"},{"data":"Impervious","floor":32,"key":"SMITH"},{"floor":40,"key":"REST"},{"floor":46,"key":"REST"},{"floor":49,"key":"REST"}],"circlet_count":0,"master_deck":["Strike_R+1","Strike_R+1","Strike_R+1","Defend_R+1","Defend_R","Defend_R","Sever Soul","Replay:Undeath\u0027s Touch","ReplayTheSpireMod:Limb From Limb+1","Pommel Strike+1","jedi:strikingstrike+1","Impervious+1","Feed+1","Reaper","ReplayTheSpireMod:Stacked+1","Perfected Strike","Offering","Havoc+1","Perfected Strike+1","jedi:harder","testmod-Reverberation","Limit Break","Clash+1","Feel No Pain","Pot Of Greed","Pot Of Greed","Pot Of Greed","jedi:harder"],"relics":["Burning Blood","Juzu Bracelet","Replay:Rubber Ducky","Ornamental Fan","Gremlin Food","testmod-NegativeEmotionEnhancer","testmod-Déjàvu","Ancient Tea Set","aspiration:RunicSpoon","HandDrill","Pear","Grinning Jar","jedi:bottledfury"],"acts_visited":["Exordium","TheCity","TheBeyond"],"potions_floor_usage":[48],"damage_taken":[{"damage":6.0,"enemies":"Cultist","floor":1.0,"turns":3.0},{"damage":11.0,"enemies":"Jaw Worm","floor":2.0,"turns":4.0},{"damage":0.0,"enemies":"2 Louse","floor":3.0,"turns":2.0},{"damage":26.0,"enemies":"Lots of Slimes","floor":5.0,"turns":5.0},{"damage":27.0,"enemies":"Replay:BlueRogue","floor":7.0,"turns":4.0},{"damage":31.0,"enemies":"3 Sentries","floor":13.0,"turns":7.0},{"damage":30.0,"enemies":"Fading Forest","floor":16.0,"turns":11.0},{"damage":14.0,"enemies":"Chosen","floor":18.0,"turns":4.0},{"damage":23.0,"enemies":"3 Byrds","floor":21.0,"turns":4.0},{"damage":6.0,"enemies":"Snecko","floor":22.0,"turns":4.0},{"damage":75.0,"enemies":"Shelled Parasite and Fungi","floor":24.0,"turns":6.0},{"damage":22.0,"enemies":"Cultist and Chosen","floor":25.0,"turns":4.0},{"damage":53,"enemies":"Slavers","floor":28,"turns":4},{"damage":0,"enemies":"Champ","floor":33,"turns":6},{"damage":87,"enemies":"3 Darklings","floor":35,"turns":4},{"damage":48,"enemies":"3 Shapes","floor":36,"turns":5},{"damage":46,"enemies":"Jaw Worm Horde","floor":41,"turns":4},{"damage":12,"enemies":"3 Darklings","floor":45,"turns":6},{"damage":86,"enemies":"Nemesis","floor":48,"turns":5},{"damage":34,"enemies":"Donu and Deca","floor":50,"turns":5}],"seed_played":"2010202191015834160","potions_obtained":[{"floor":1.0,"key":"jedi:StrikingPotion"},{"floor":2.0,"key":"jedi:hoardpotion"},{"floor":3.0,"key":"testmod-TestPotion"},{"floor":14.0,"key":"AttackPotion"},{"floor":18.0,"key":"Explosive Potion"},{"floor":21.0,"key":"SkillPotion"},{"floor":22.0,"key":"Toxic Potion"},{"floor":36,"key":"jedi:wingpotion"},{"floor":45,"key":"ColorlessPotion"}],"is_trial":false,"path_per_floor":["M","M","M","?","M","R","E","R","T","$","R","?","E","?","R","B",null,"M","?","?","M","M","R","M","M","T","R","E","$","?","?","R","B",null,"M","M","?","?","?","R","M","$","T","?","M","R","?","E","R","B",null],"character_chosen":"IRONCLAD","items_purchased":["testmod-Reverberation","HandDrill","Pear"],"campfire_rested":6,"item_purchase_floors":[29,42,42],"current_hp_per_floor":[80,75,80,80,60,60,39,63,63,63,63,63,38,38,62,56,80,74,74,74,70,75,75,13,14,14,43,30,30,8,8,8,30,114,58,36,36,36,36,72,49,59,59,59,87,126,126,48,87,62],"gold":165,"neow_bonus":"REMOVE_TWO","is_daily":false,"chose_seed":false,"campfire_upgraded":4,"win_rate":0.0,"timestamp":1612946364,"path_taken":["M","M","M","?","M","R","E","R","T","?","R","?","E","?","R","BOSS","M","?","?","M","M","R","M","M","T","R","E","$","?","?","R","BOSS","M","M","?","?","?","R","M","$","T","?","M","R","?","E","R","BOSS"],"items_purchased_type":["Card","Relic","Relic"],"build_version":"2020-12-22","purchased_purges":1,"victory":true,"max_hp_per_floor":[80,80,80,80,80,80,80,80,80,80,80,80,80,80,80,80,80,81,81,81,85,89,89,94,99,99,99,108,108,113,113,113,114,114,115,120,120,120,120,120,121,131,131,131,132,132,132,133,133,134],"card_choices":[{"not_picked":["Perfected Strike","Defy Death"],"picked":"Sever Soul","floor":1.0},{"not_picked":["ReplayTheSpireMod:Corrosion Curse","Heavy Blade"],"picked":"Replay:Undeath\u0027s Touch","floor":2.0},{"not_picked":["Flame Barrier","Perfected Strike"],"picked":"ReplayTheSpireMod:Limb From Limb","floor":3.0},{"not_picked":["Combust","Anger"],"picked":"Pommel Strike","floor":5.0},{"not_picked":["Abandon","Sword Boomerang"],"picked":"jedi:strikingstrike","floor":7.0},{"not_picked":["jedi:hate","Sentinel"],"picked":"Rupture","floor":13.0},{"not_picked":["Thunderclap","Warcry"],"picked":"ReplayTheSpireMod:Stacked","floor":18.0},{"not_picked":["Thunderclap","Searing Blow","ReplayTheSpireMod:Stacked"],"picked":"SKIP","floor":21.0},{"not_picked":["Power Through+1","True Grit"],"picked":"Offering","floor":22.0},{"not_picked":["Life Link","Ghostly Armor"],"picked":"Havoc+1","floor":24.0},{"not_picked":["Twin Strike+1","Wild Strike"],"picked":"Perfected Strike+1","floor":25.0},{"not_picked":["Heavy Blade","Wild Strike"],"picked":"jedi:harder","floor":28},{"not_picked":["jedi:harder","Impervious"],"picked":"Limit Break","floor":33},{"not_picked":["Sword Boomerang+1","Intimidate"],"picked":"Clash+1","floor":35},{"not_picked":["Perfected Strike","jedi:collectorstrike+1"],"picked":"Feel No Pain","floor":36},{"not_picked":["Burning Pact+1","Thunderclap+1","Second Wind+1"],"picked":"SKIP","floor":41},{"not_picked":["Thunderclap","Body Slam","True Grit"],"picked":"SKIP","floor":45},{"not_picked":["Headbutt","Second Wind"],"picked":"jedi:harder","floor":48}],"player_experience":210400,"relics_obtained":[{"floor":7.0,"key":"Replay:Rubber Ducky"},{"floor":9.0,"key":"Ornamental Fan"},{"floor":13.0,"key":"Gremlin Food"},{"floor":26.0,"key":"testmod-Déjàvu"},{"floor":28,"key":"Ancient Tea Set"},{"floor":43,"key":"Grinning Jar"},{"floor":48,"key":"jedi:bottledfury"}],"event_choices":[{"damage_healed":0.0,"max_hp_gain":0.0,"max_hp_loss":0.0,"gold_gain":0.0,"event_name":"给自己的盒子","player_choice":"Swap Relic","floor":4.0,"relics_lost":["testmod-TestBox"],"gold_loss":0.0,"damage_taken":0.0,"relics_obtained":["Juzu Bracelet"]},{"damage_healed":0.0,"max_hp_gain":0.0,"max_hp_loss":0.0,"gold_gain":0.0,"event_name":"Living Wall","player_choice":"Grow","floor":12.0,"gold_loss":0.0,"damage_taken":0.0,"cards_upgraded":["ReplayTheSpireMod:Limb From Limb"]},{"damage_healed":0.0,"max_hp_gain":0.0,"max_hp_loss":0.0,"gold_gain":0.0,"event_name":"Lab","player_choice":"Got Potions","floor":14.0,"gold_loss":0.0,"damage_taken":0.0},{"damage_healed":0.0,"max_hp_gain":0.0,"max_hp_loss":0.0,"gold_gain":0.0,"event_name":"The Library","player_choice":"Read","floor":19.0,"gold_loss":0.0,"damage_taken":0.0,"cards_obtained":["Perfected Strike"]},{"damage_healed":0.0,"max_hp_gain":0.0,"max_hp_loss":0.0,"gold_gain":0.0,"event_name":"Ghosts","player_choice":"Ignored","floor":20.0,"gold_loss":0.0,"damage_taken":0.0},{"damage_healed":0,"gold_gain":0,"player_choice":"Shed Blood","damage_taken":27,"max_hp_gain":5,"max_hp_loss":0,"event_name":"Forgotten Altar","floor":30,"gold_loss":0},{"damage_healed":0,"gold_gain":0,"player_choice":"Paid","damage_taken":0,"relics_obtained":["Red Mask"],"max_hp_gain":0,"max_hp_loss":0,"event_name":"Tomb of Lord Red Mask","floor":37,"gold_loss":137},{"cards_removed":["Rupture"],"damage_healed":0,"gold_gain":0,"player_choice":"Purged","damage_taken":0,"max_hp_gain":0,"max_hp_loss":0,"event_name":"Purifier","floor":38,"gold_loss":0},{"damage_healed":0,"gold_gain":400,"player_choice":"Sell","damage_taken":0,"max_hp_gain":0,"max_hp_loss":0,"event_name":"恩洛斯的盘子","floor":39,"relics_lost":["Red Mask"],"gold_loss":0},{"damage_healed":0,"gold_gain":0,"player_choice":"Ignored","damage_taken":0,"max_hp_gain":0,"max_hp_loss":0,"event_name":"The Moai Head","floor":44,"gold_loss":0},{"cards_removed":["Bash"],"damage_healed":0,"gold_gain":0,"player_choice":"Removed Attack","damage_taken":0,"max_hp_gain":0,"max_hp_loss":0,"event_name":"Falling","floor":47,"gold_loss":0}],"is_beta":false,"boss_relics":[{"not_picked":["testmod-PortableAltar","Replay:Wanted Poster"],"picked":"testmod-NegativeEmotionEnhancer"},{"not_picked":["Runic Dome","Snecko Eye"],"picked":"aspiration:RunicSpoon"}],"items_purged_floors":[10],"is_endless":false,"potions_floor_spawned":[1,2,3,13,18,21,22,36,45],"ascension_level":3}}