{"host":"3498uni0c31c9bdm","time":1612971560,"event":{"mods":["BaseMod","Better Match","Better Note","Better Sensory Stone","Better Skull","Better Third Choice","Colored Map","Minty Spire (QoL Compilation)","Quick Restart","RNG Fix","Random Character Button","Replay The Spire","Shop Mod","Smile Girya","StSLib","Unceasing Turn Reminder"],"gold_per_floor":[118,118,118,135,146,146,180,180,253,282,282,282,282,248,248,341,341,359,409,9,33,57,57,20,29,82,109,109,61,101,101,101,100,127,47,87,41,41,41,41,66,108,156,89,89,23,57,390,399,99,99,108,42,78,78],"floor_reached":56,"language":"ENG","playtime":2854,"items_purged":["Injury","Shame"],"score":2217,"play_id":"e48b2847-8b69-49d1-bfa0-11c2d6d2d1c7","local_time":"20210211023920","is_ascension_mode":true,"campfire_choices":[{"data":"Hello World","floor":6.0,"key":"SMITH"},{"floor":8.0,"key":"REST"},{"floor":11.0,"key":"RECALL"},{"floor":15.0,"key":"REST"},{"floor":23.0,"key":"REST"},{"floor":32.0,"key":"REST"},{"data":"Storm","floor":40,"key":"SMITH"},{"data":"ReplayTheSpireMod:Calculation Training","floor":45,"key":"SMITH"},{"floor":49,"key":"REST"},{"floor":52,"key":"REST"}],"circlet_count":0,"master_deck":["AscendersBane","Defend_B+1","Defend_B+1","Defend_B","Zap","Dualcast","Sweeping Beam","ReplayTheSpireMod:Calculation Training+1","Ball Lightning","Hello World+1","Beam Cell","Reboot+1","Replay:Bootleg Shield Generator+1","Electrodynamics","CurseOfTheBell","Tempest","ReplayTheSpireMod:IOU","ReplayTheSpireMod:IOU","ReplayTheSpireMod:IOU","ReplayTheSpireMod:IOU","ReplayTheSpireMod:IOU","Stack","Cold Snap+1","ReplayTheSpireMod:IOU","ReplayTheSpireMod:IOU","ReplayTheSpireMod:IOU","Capacitor","Biased Cognition","Panic Button","ReplayTheSpireMod:Omega Cannon","Panic Button+1","Genetic Algorithm+1","Rebound+1","Tempest+1","ReplayTheSpireMod:IOU","Melter+1","Leap","Coolheaded","Self Repair","Replay:Bootleg Shield Generator","ReplayTheSpireMod:Omega Cannon","Storm+1","ReplayTheSpireMod:IOU","ReplayTheSpireMod:IOU","ReplayTheSpireMod:IOU","ReplayTheSpireMod:IOU","Pot Of Greed","Pot Of Greed+1","Pot Of Greed","Pot Of Greed","ReplayTheSpireMod:IOU","FIFO Queue+1","Amplify+1","Barrage","ReplayTheSpireMod:IOU","ReplayTheSpireMod:IOU","ReplayTheSpireMod:IOU","Pot Of Greed","ReplayTheSpireMod:IOU","ReplayTheSpireMod:IOU","ReplayTheSpireMod:IOU","ReplayTheSpireMod:IOU","ReplayTheSpireMod:IOU","ReplayTheSpireMod:IOU","ReplayTheSpireMod:IOU","ReplayTheSpireMod:IOU","ReplayTheSpireMod:IOU","ReplayTheSpireMod:IOU","ReplayTheSpireMod:IOU","ReplayTheSpireMod:IOU","Pot Of Greed","ReplayTheSpireMod:IOU","ReplayTheSpireMod:IOU","ReplayTheSpireMod:IOU","ReplayTheSpireMod:IOU","ReplayTheSpireMod:IOU","ReplayTheSpireMod:IOU","ReplayTheSpireMod:IOU","ReplayTheSpireMod:IOU","ReplayTheSpireMod:IOU","ReplayTheSpireMod:IOU","ReplayTheSpireMod:IOU","ReplayTheSpireMod:IOU","Pot Of Greed","ReplayTheSpireMod:IOU","ReplayTheSpireMod:IOU","ReplayTheSpireMod:IOU","ReplayTheSpireMod:IOU","ReplayTheSpireMod:IOU","ReplayTheSpireMod:IOU","ReplayTheSpireMod:IOU","ReplayTheSpireMod:IOU","ReplayTheSpireMod:IOU","ReplayTheSpireMod:IOU","Steam+1","Coolheaded","Pot Of Greed","Force Field","Chaos+1","ReplaySort","ReplayTheSpireMod:IOU","ReplayTheSpireMod:IOU","ReplayTheSpireMod:IOU","ReplayTheSpireMod:IOU","ReplayTheSpireMod:IOU","ReplayTheSpireMod:IOU","ReplayTheSpireMod:IOU","ReplayTheSpireMod:IOU","ReplayTheSpireMod:IOU","Pot Of Greed","ReplayTheSpireMod:IOU","ReplayTheSpireMod:IOU","ReplayTheSpireMod:IOU","ReplayTheSpireMod:IOU","ReplayTheSpireMod:IOU","ReplayTheSpireMod:IOU","Heatsinks","ReplayTheSpireMod:IOU","Barrage","ReplayTheSpireMod:IOU","ReplayTheSpireMod:IOU","ReplayTheSpireMod:IOU","ReplayTheSpireMod:IOU","Pot Of Greed","Beam Cell","Beam Cell","Go for the Eyes","Compile Driver"],"relics":["Cracked Core","NeowsBlessing","Replay:Rubber Ducky","White Beast Statue","Gremlin Horn","betterThird:SlimedRelic","ReplayFunnel","The Courier","Durian","Replay:Wax Seal","Replay:Frozen Program","Cables","MerchantsRug","Quantum Egg","Ancient Tea Set","Iron Hammer","Omamori","Lizard Tail","Bag of Preparation","Replay:Mystery Machine","CeramicFish","Torii","Toolbox","Singing Bowl","Blood Vial","ReplayTheSpireMod:Lightbulb","Lantern","Red Mask","Astrolabe","Replay:Kaleidoscope","BargainBundle","Regal Pillow","Carrot","Grinning Jar","MealTicket","Art of War","Geode","OrangePellets","ReplayTheSpireMod:TigerMarble","Akabeko","Bag of Marbles","Replay:Antivirus Software","Whetstone","Gremlin Food","Strawberry","Potion Belt","Blue Candle","Oddly Smooth Stone","Divine Protection","Chameleon Ring","Sundial","Darkstone Periapt","Calipers","Replay:Baseball","PreservedInsect","Dream Catcher","FossilizedHelix","Bronze Scales","Blue Doll","Anchor","Orichalcum","CaptainsWheel","Solar Panel","War Paint","Lee\u0027s Waffle","InkBottle","StrikeDummy","DataDisk","Simple Rune","Vajra","ReplayTheSpireMod:Shallot","Shuriken","Nunchaku","Replay:Ringing Soul","Bottled Tornado","HornCleat","Onion Ring"],"acts_visited":["Exordium","TheCity","TheBeyond","TheEnding"],"potions_floor_usage":[55,55],"damage_taken":[{"damage":0.0,"enemies":"Cultist","floor":1.0,"turns":1.0},{"damage":0.0,"enemies":"2 Louse","floor":4.0,"turns":1.0},{"damage":0.0,"enemies":"Jaw Worm","floor":5.0,"turns":1.0},{"damage":22.0,"enemies":"3 Sentries","floor":7.0,"turns":6.0},{"damage":17.0,"enemies":"Gremlin Nob","floor":10.0,"turns":4.0},{"damage":23.0,"enemies":"Fading Forest","floor":16.0,"turns":11.0},{"damage":0.0,"enemies":"Spheric Guardian","floor":18.0,"turns":3.0},{"damage":15.0,"enemies":"Shell Parasite","floor":21.0,"turns":4.0},{"damage":10.0,"enemies":"Chosen and Byrds","floor":22.0,"turns":6.0},{"damage":0.0,"enemies":"3 Cultists","floor":27.0,"turns":4.0},{"damage":14.0,"enemies":"Book of Stabbing","floor":29.0,"turns":7.0},{"damage":0.0,"enemies":"Masked Bandits","floor":30.0,"turns":2.0},{"damage":6.0,"enemies":"Champ","floor":33.0,"turns":9.0},{"damage":21,"enemies":"3 Darklings","floor":35,"turns":4},{"damage":0,"enemies":"Mind Bloom Boss Battle","floor":36,"turns":8},{"damage":0,"enemies":"Orb Walker","floor":41,"turns":1},{"damage":0,"enemies":"R_Hoarder","floor":42,"turns":9},{"damage":9,"enemies":"4 Shapes","floor":44,"turns":3},{"damage":0,"enemies":"Spire Growth","floor":47,"turns":5},{"damage":42,"enemies":"Awakened One","floor":50,"turns":12},{"damage":0,"enemies":"Shield and Spear","floor":54,"turns":2},{"damage":31,"enemies":"The Heart","floor":55,"turns":10}],"seed_played":"1244284039259831881","potions_obtained":[{"floor":1.0,"key":"Reflective Coating"},{"floor":10.0,"key":"SkillPotion"},{"floor":22.0,"key":"BlessingOfTheForge"},{"floor":29.0,"key":"Milkshake"},{"floor":30.0,"key":"SpeedPotion"},{"floor":47,"key":"SpeedPotion"},{"floor":54,"key":"Strength Potion"}],"is_trial":false,"path_per_floor":["M","?","$","M","M","R","E","R","T","E","R","?","?","?","R","B",null,"M","?","$","M","M","R","$","?","T","M","?","E","?","?","R","B",null,"M","?","$","?","?","R","M","E","T","M","R","$","M","?","R","B",null,"R","$","E","B",null],"character_chosen":"DEFECT","items_purchased":["Replay:Wax Seal","Replay:Frozen Program","Cables","MerchantsRug","Quantum Egg","Ancient Tea Set","Iron Hammer","Omamori","Lizard Tail","Bag of Preparation","Replay:Mystery Machine","CeramicFish","Torii","Toolbox","BargainBundle","Melter","Leap","Coolheaded","Self Repair","Replay:Bootleg Shield Generator","ReplayTheSpireMod:Omega Cannon","Storm","Regal Pillow","Carrot","Grinning Jar","MealTicket","Art of War","OrangePellets","ReplayTheSpireMod:TigerMarble","Akabeko","Bag of Marbles","Replay:Antivirus Software","Whetstone","Gremlin Food","Strawberry","Potion Belt","Blue Candle","Oddly Smooth Stone","Divine Protection","Chameleon Ring","Sundial","Darkstone Periapt","Calipers","Replay:Baseball","PreservedInsect","Dream Catcher","FossilizedHelix","Bronze Scales","Blue Doll","Anchor","Orichalcum","CaptainsWheel","Solar Panel","War Paint","Steam+1","Coolheaded","Lee\u0027s Waffle","InkBottle","StrikeDummy","DataDisk","Simple Rune","Vajra","ReplayTheSpireMod:Shallot","Shuriken","Nunchaku","Replay:Ringing Soul","CultistPotion","Heatsinks","Barrage","Bottled Tornado","HornCleat","Beam Cell","Go for the Eyes"],"campfire_rested":6,"item_purchase_floors":[20,20,20,20,20,20,20,20,20,20,20,20,24,24,37,37,37,37,37,37,37,37,37,37,37,37,37,46,46,46,46,46,46,46,46,46,46,46,46,46,46,46,46,46,46,46,46,46,46,46,46,46,46,46,46,46,53,53,53,53,53,53,53,53,53,53,53,53,53,53,53,53,53],"current_hp_per_floor":[64,64,64,64,64,64,42,63,63,46,46,46,46,35,56,37,68,68,68,68,53,43,65,65,65,65,67,67,55,57,57,76,70,75,57,59,59,59,64,64,66,75,75,68,68,187,187,187,187,162,181,187,317,320,289],"gold":78,"neow_bonus":"THREE_ENEMY_KILL","is_daily":false,"chose_seed":false,"campfire_upgraded":3,"win_rate":0.0,"timestamp":1612971560,"path_taken":["M","?","$","M","M","R","E","R","T","E","R","?","?","?","R","BOSS","M","?","$","M","M","R","$","?","T","?","?","E","?","?","R","BOSS","M","?","$","?","?","R","M","E","T","M","R","$","M","?","R","BOSS","R","$","E","BOSS"],"items_purchased_type":["Relic","Relic","Relic","Relic","Relic","Relic","Relic","Relic","Relic","Relic","Relic","Relic","Relic","Relic","Relic","Card","Card","Card","Card","Card","Card","Card","Relic","Relic","Relic","Relic","Relic","Relic","Relic","Relic","Relic","Relic","Relic","Relic","Relic","Relic","Relic","Relic","Relic","Relic","Relic","Relic","Relic","Relic","Relic","Relic","Relic","Relic","Relic","Relic","Relic","Relic","Relic","Relic","Card","Card","Relic","Relic","Relic","Relic","Relic","Relic","Relic","Relic","Relic","Relic","Potion","Card","Card","Relic","Relic","Card","Card"],"build_version":"2020-12-22","purchased_purges":2,"victory":true,"max_hp_per_floor":[71,71,71,71,71,71,71,71,71,71,71,71,71,71,71,71,76,76,76,76,76,76,76,76,76,76,76,76,76,76,76,76,76,76,78,78,78,78,78,78,78,78,78,78,78,187,187,187,187,187,187,187,317,320,320],"card_choices":[{"not_picked":["Redo","Stack"],"picked":"Sweeping Beam","floor":1.0},{"not_picked":["Hello World","Capacitor"],"picked":"Ball Lightning","floor":4.0},{"not_picked":["Coolheaded","Sweeping Beam"],"picked":"Hello World","floor":5.0},{"not_picked":["ReplayTheSpireMod:System Scan","ReplayTheSpireMod:GoodbyeWorld"],"picked":"Beam Cell","floor":7.0},{"not_picked":["Ball Lightning","Compile Driver"],"picked":"Reboot","floor":10.0},{"not_picked":["Replay:Sssssssssstrike","Crow Ritual"],"picked":"Replay:Bootleg Shield Generator","floor":13.0},{"not_picked":["Reboot","Amplify"],"picked":"Electrodynamics","floor":16.0},{"not_picked":["Go for the Eyes","Capacitor"],"picked":"Tempest","floor":18.0},{"not_picked":["Conserve Battery","Beam Cell"],"picked":"Stack","floor":21.0},{"not_picked":["Steam","Meteor Strike"],"picked":"Cold Snap","floor":22.0},{"not_picked":["ReplayTheSpireMod:Calculation Training","Hologram"],"picked":"Capacitor","floor":27.0},{"not_picked":["Go for the Eyes+1","Doom and Gloom"],"picked":"Biased Cognition","floor":29.0},{"not_picked":["Steam","Crystallizer+1"],"picked":"Panic Button","floor":30.0},{"not_picked":["Buffer","Amplify"],"picked":"ReplayTheSpireMod:Omega Cannon","floor":33.0},{"not_picked":["ReplayTheSpireMod:Repulse+1","Genetic Algorithm","Gash"],"picked":"Singing Bowl","floor":35},{"not_picked":["Blizzard","Consume"],"picked":"Tempest+1","floor":36},{"not_picked":["Panic Button","Rebound+1"],"picked":"FIFO Queue+1","floor":41},{"not_picked":["Turbo","Coolheaded+1"],"picked":"Amplify","floor":42},{"not_picked":["Melter+1","Coolheaded+1"],"picked":"Barrage","floor":44},{"not_picked":["Doom and Gloom","Hologram"],"picked":"Force Field","floor":47},{"not_picked":["Aggregate","Beam Cell"],"picked":"Chaos+1","floor":49},{"not_picked":["Conserve Battery","Chaos"],"picked":"ReplaySort","floor":52},{"not_picked":["Reinforced Body","Rebound+1"],"picked":"Compile Driver","floor":54}],"player_experience":892393,"relics_obtained":[{"floor":7.0,"key":"Replay:Rubber Ducky"},{"floor":9.0,"key":"White Beast Statue"},{"floor":10.0,"key":"Gremlin Horn"},{"floor":17.0,"key":"ReplayFunnel"},{"floor":17.0,"key":"The Courier"},{"floor":17.0,"key":"Durian"},{"floor":26.0,"key":"Blood Vial"},{"floor":29.0,"key":"Lantern"},{"floor":30.0,"key":"Red Mask"},{"floor":36,"key":"Replay:Kaleidoscope"},{"floor":42,"key":"Geode"},{"floor":54,"key":"Onion Ring"}],"event_choices":[{"damage_healed":0.0,"max_hp_gain":0.0,"max_hp_loss":0.0,"gold_gain":0.0,"cards_transformed":["Strike_B"],"event_name":"Transmorgrifier","player_choice":"Transformed","floor":2.0,"gold_loss":0.0,"damage_taken":0.0,"cards_obtained":["ReplayTheSpireMod:Calculation Training"]},{"damage_healed":0.0,"max_hp_gain":0.0,"max_hp_loss":0.0,"gold_gain":0.0,"event_name":"Golden Idol","player_choice":"Take Wound","floor":12.0,"gold_loss":0.0,"damage_taken":0.0,"relics_obtained":["Golden Idol"],"cards_obtained":["Injury"]},{"damage_healed":0.0,"max_hp_gain":0.0,"max_hp_loss":0.0,"gold_gain":1.0,"event_name":"betterStone:BetterStone","player_choice":"1","floor":13.0,"gold_loss":0.0,"damage_taken":0.0},{"damage_healed":0.0,"max_hp_gain":0.0,"max_hp_loss":0.0,"gold_gain":0.0,"event_name":"betterThird:BetterGoop","player_choice":"Slimed","floor":14.0,"gold_loss":34.0,"damage_taken":11.0},{"damage_healed":0.0,"max_hp_gain":0.0,"max_hp_loss":0.0,"gold_gain":100.0,"event_name":"The Joust","player_choice":"Bet on Murderer","floor":19.0,"gold_loss":50.0,"damage_taken":0.0},{"damage_healed":0.0,"max_hp_gain":0.0,"max_hp_loss":0.0,"gold_gain":0.0,"event_name":"Addict","player_choice":"Stole Relic","floor":25.0,"gold_loss":0.0,"damage_taken":0.0,"relics_obtained":["Singing Bowl"],"cards_obtained":["Shame"]},{"damage_healed":0.0,"max_hp_gain":0.0,"max_hp_loss":0.0,"gold_gain":0.0,"event_name":"WeMeetAgain","player_choice":"Gave Potion","floor":28.0,"gold_loss":0.0,"damage_taken":0.0,"relics_obtained":["ReplayTheSpireMod:Lightbulb"]},{"damage_healed":0.0,"max_hp_gain":0.0,"max_hp_loss":0.0,"gold_gain":0.0,"event_name":"Masked Bandits","player_choice":"Fought Bandits","floor":30.0,"gold_loss":0.0,"damage_taken":0.0},{"damage_healed":0,"gold_gain":0,"player_choice":"Fight","damage_taken":0,"max_hp_gain":0,"max_hp_loss":0,"event_name":"MindBloom","floor":36,"gold_loss":0},{"cards_removed":["Strike_B"],"damage_healed":0,"gold_gain":0,"player_choice":"Removed Attack","damage_taken":0,"max_hp_gain":0,"max_hp_loss":0,"event_name":"Falling","floor":38,"gold_loss":0},{"cards_removed":["Pot Of Greed"],"damage_healed":5,"gold_gain":0,"player_choice":"Offered Special","damage_taken":0,"max_hp_gain":0,"max_hp_loss":0,"event_name":"Bonfire Elementals","floor":39,"gold_loss":0},{"damage_healed":0,"gold_gain":333,"player_choice":"Gave Idol","damage_taken":0,"max_hp_gain":0,"max_hp_loss":0,"event_name":"The Moai Head","floor":48,"relics_lost":["Golden Idol"],"gold_loss":0}],"is_beta":false,"boss_relics":[{"not_picked":["Abe\u0027s Treasure","ReplayTheSpireMod:DimensionalGlitch"],"picked":"Calling Bell"},{"not_picked":["FrozenCore","Sozu"],"picked":"Astrolabe"}],"items_purged_floors":[37,53],"is_endless":false,"potions_floor_spawned":[1,10,16,18,21,22,27,29,30,33,35,36,41,42,44,47,54],"ascension_level":14}}