{"host":"2n2g1vowfllvjtvi","time":1612976980,"event":{"mods":["AchievementEnabler","BaseMod","Custom Start","GifTheSpireLib","Keyboard Shortcuts","Minty Spire (QoL Compilation)","Permanent Neow","Quick Restart","StSLib","SuperFastMode"],"gold_per_floor":[361,380,380,181,181,213,163,198,198,212,212,229,260,274,274,372,372,390,409,195,212,266,266,64,94,94,94,113,148,148,164,164,266,266,280,280,297,62,62,62,81,81,81,81,81,109,3,17,17,17,17,17,17,42,42],"floor_reached":56,"language":"KOR","playtime":1202,"items_purged":["Strike_P","Strike_P","Strike_P","Strike_P+1","Defend_P","Defend_P"],"score":1466,"play_id":"eca26426-0a0b-4b75-856e-57a9afc21d85","local_time":"20210211020940","is_ascension_mode":true,"campfire_choices":[{"floor":11.0,"key":"REST"},{"data":"MentalFortress","floor":15.0,"key":"SMITH"},{"data":"LessonLearned","floor":23.0,"key":"SMITH"},{"floor":27.0,"key":"REST"},{"data":"Fasting2","floor":30.0,"key":"SMITH"},{"floor":32.0,"key":"RECALL"},{"floor":40.0,"key":"REST"},{"floor":42.0,"key":"REST"},{"floor":49.0,"key":"REST"},{"floor":52.0,"key":"REST"}],"circlet_count":0,"master_deck":["Defend_P+1","Eruption+1","Vigilance+1","ReachHeaven+1","MentalFortress+1","Adaptation","EmptyFist+1","Tantrum+1","Wallop+1","LessonLearned+1","Fasting2+1","TalkToTheHand+1","MentalFortress+1","Halt+1","DeusExMachina+1","Fasting2","Finesse+1","MentalFortress","EmptyBody+1"],"relics":["PureWater","Letter Opener","Membership Card","Tiny Chest","Mercury Hourglass","Orichalcum","Omamori","Cursed Key","OrangePellets","Bronze Scales","Pantograph","Mango","Centennial Puzzle","Fusion Hammer","HornCleat","MawBank","War Paint"],"acts_visited":["Exordium","TheCity","TheBeyond","TheEnding"],"potions_floor_usage":[],"damage_taken":[{"damage":1.0,"enemies":"2 Louse","floor":1.0,"turns":2.0},{"damage":0.0,"enemies":"Jaw Worm","floor":2.0,"turns":3.0},{"damage":18.0,"enemies":"3 Sentries","floor":6.0,"turns":8.0},{"damage":0.0,"enemies":"Lagavulin","floor":8.0,"turns":3.0},{"damage":0.0,"enemies":"Cultist","floor":10.0,"turns":2.0},{"damage":6.0,"enemies":"Exordium Thugs","floor":12.0,"turns":4.0},{"damage":8.0,"enemies":"3 Sentries","floor":13.0,"turns":6.0},{"damage":0.0,"enemies":"Red Slaver","floor":14.0,"turns":2.0},{"damage":8.0,"enemies":"The Guardian","floor":16.0,"turns":9.0},{"damage":0.0,"enemies":"3 Byrds","floor":18.0,"turns":4.0},{"damage":0.0,"enemies":"Shell Parasite","floor":19.0,"turns":3.0},{"damage":0.0,"enemies":"3 Cultists","floor":21.0,"turns":6.0},{"damage":22.0,"enemies":"Gremlin Leader","floor":25.0,"turns":5.0},{"damage":0.0,"enemies":"Snecko","floor":28.0,"turns":3.0},{"damage":2.0,"enemies":"Book of Stabbing","floor":29.0,"turns":5.0},{"damage":11.0,"enemies":"Centurion and Healer","floor":31.0,"turns":5.0},{"damage":42.0,"enemies":"Automaton","floor":33.0,"turns":8.0},{"damage":0.0,"enemies":"Orb Walker","floor":35.0,"turns":2.0},{"damage":32.0,"enemies":"3 Darklings","floor":37.0,"turns":3.0},{"damage":0.0,"enemies":"Sphere and 2 Shapes","floor":41.0,"turns":4.0},{"damage":25.0,"enemies":"Reptomancer","floor":46.0,"turns":4.0},{"damage":11.0,"enemies":"Jaw Worm Horde","floor":48.0,"turns":4.0},{"damage":25.0,"enemies":"Donu and Deca","floor":50.0,"turns":6.0},{"damage":26,"enemies":"Shield and Spear","floor":54,"turns":4},{"damage":70,"enemies":"The Heart","floor":55,"turns":7}],"seed_played":"-1572635194100896709","potions_obtained":[{"floor":2.0,"key":"DistilledChaos"},{"floor":6.0,"key":"DuplicationPotion"},{"floor":8.0,"key":"StancePotion"},{"floor":13.0,"key":"CultistPotion"},{"floor":14.0,"key":"PowerPotion"},{"floor":18.0,"key":"EntropicBrew"},{"floor":28.0,"key":"PowerPotion"},{"floor":29.0,"key":"Dexterity Potion"},{"floor":33.0,"key":"FairyPotion"},{"floor":41.0,"key":"BottledMiracle"},{"floor":46.0,"key":"Fruit Juice"}],"is_trial":false,"path_per_floor":["M","M","?","$","?","E","$","E","T","M","R","M","E","M","R","B",null,"M","M","$","M","T","R","$","E","T","R","M","E","R","M","R","B",null,"M","T","M","$","?","R","M","R","T","?","T","E","$","M","R","B",null,"R","$","E","B",null],"character_chosen":"WATCHER","items_purchased":["Membership Card","MentalFortress","OrangePellets","Fasting2","TalkToTheHand","Pantograph","HornCleat","Fasting2","MentalFortress"],"campfire_rested":6,"item_purchase_floors":[4,4,20,20,20,24,38,38,47],"current_hp_per_floor":[64,64,39,39,39,21,21,21,21,21,40,34,26,26,26,18,53,53,53,53,53,53,53,53,45,45,68,68,66,66,55,55,37,69,69,69,37,37,37,60,60,79,79,79,79,59,59,48,73,59,78,84,84,58,13],"gold":42,"neow_bonus":"TWO_FIFTY_GOLD","is_daily":false,"chose_seed":false,"campfire_upgraded":3,"win_rate":0.0,"timestamp":1612976980,"path_taken":["M","M","?","$","?","E","$","E","T","M","R","M","E","M","R","BOSS","M","?","$","M","?","R","$","E","T","R","?","E","R","M","R","BOSS","M","?","?","$","?","R","M","R","T","?","?","E","$","M","R","BOSS","R","$","E","BOSS"],"items_purchased_type":["Relic","Card","Relic","Card","Card","Relic","Relic","Card","Card"],"build_version":"2020-12-22","purchased_purges":6,"victory":true,"max_hp_per_floor":[65,65,65,65,65,65,65,65,65,65,65,65,65,65,65,65,65,65,65,65,65,65,65,65,79,79,79,79,79,79,79,79,79,79,79,79,79,79,79,79,79,79,79,79,79,84,84,84,84,84,84,84,84,84,84],"card_choices":[{"not_picked":["Evaluate","FlurryOfBlows","ClearTheMind"],"picked":"SKIP","floor":1.0},{"not_picked":["Study","BattleHymn"],"picked":"ReachHeaven","floor":2.0},{"not_picked":["ReachHeaven","Blasphemy"],"picked":"Adaptation","floor":6.0},{"not_picked":["ClearTheMind","CutThroughFate"],"picked":"EmptyFist","floor":8.0},{"not_picked":["Collect","Study"],"picked":"Tantrum","floor":10.0},{"not_picked":["Adaptation","SashWhip"],"picked":"Wallop","floor":12.0},{"not_picked":["Sanctity","Study","CutThroughFate"],"picked":"SKIP","floor":13.0},{"not_picked":["Conclude","SashWhip","Vengeance"],"picked":"SKIP","floor":14.0},{"not_picked":["SpiritShield","Scrawl"],"picked":"LessonLearned","floor":16.0},{"not_picked":["FlurryOfBlows","WreathOfFlame","FlyingSleeves+1"],"picked":"SKIP","floor":18.0},{"not_picked":["CutThroughFate","Consecrate+1","ClearTheMind"],"picked":"SKIP","floor":19.0},{"not_picked":["Vengeance+1","CutThroughFate+1"],"picked":"MentalFortress+1","floor":21.0},{"not_picked":["BattleHymn","Sanctity"],"picked":"Halt+1","floor":25.0},{"not_picked":["PathToVictory","Sanctity","SignatureMove+1"],"picked":"SKIP","floor":28.0},{"not_picked":["ConjureBlade","JustLucky+1","Sanctity"],"picked":"SKIP","floor":29.0},{"not_picked":["Vengeance","ThirdEye","Indignation"],"picked":"SKIP","floor":31.0},{"not_picked":["LessonLearned","SpiritShield"],"picked":"DeusExMachina","floor":33.0},{"not_picked":["Prostrate","Meditate","FlyingSleeves"],"picked":"SKIP","floor":35.0},{"not_picked":["ForeignInfluence+1","CutThroughFate+1","EmptyMind+1"],"picked":"SKIP","floor":37.0},{"not_picked":["WindmillStrike+1","ReachHeaven+1","BowlingBash"],"picked":"SKIP","floor":41.0},{"not_picked":["BowlingBash+1","FearNoEvil","CrushJoints+1"],"picked":"SKIP","floor":46.0},{"not_picked":["Protect+1","Perseverance+1","CarveReality+1"],"picked":"SKIP","floor":48.0},{"not_picked":["JustLucky","ConjureBlade"],"picked":"EmptyBody+1","floor":54}],"player_experience":223505,"relics_obtained":[{"floor":6.0,"key":"Tiny Chest"},{"floor":8.0,"key":"Mercury Hourglass"},{"floor":9.0,"key":"Orichalcum"},{"floor":13.0,"key":"Omamori"},{"floor":22.0,"key":"Bronze Scales"},{"floor":25.0,"key":"Mango"},{"floor":29.0,"key":"Centennial Puzzle"},{"floor":46.0,"key":"MawBank"},{"floor":54,"key":"War Paint"}],"event_choices":[{"damage_healed":0.0,"max_hp_gain":0.0,"max_hp_loss":0.0,"gold_gain":0.0,"event_name":"Scrap Ooze","player_choice":"Success","floor":3.0,"gold_loss":0.0,"damage_taken":25.0,"relics_obtained":["Letter Opener"]},{"damage_healed":0.0,"max_hp_gain":0.0,"max_hp_loss":0.0,"gold_gain":0.0,"event_name":"Upgrade Shrine","player_choice":"Upgraded","floor":5.0,"gold_loss":0.0,"damage_taken":0.0,"cards_upgraded":["Eruption"]},{"cards_removed":["Defend_P"],"damage_healed":0.0,"max_hp_gain":0.0,"max_hp_loss":0.0,"gold_gain":0.0,"event_name":"Falling","player_choice":"Removed Skill","floor":39.0,"gold_loss":0.0,"damage_taken":0.0},{"damage_healed":0.0,"max_hp_gain":0.0,"max_hp_loss":0.0,"gold_gain":0.0,"event_name":"Match and Keep!","player_choice":"1 cards matched","floor":44.0,"gold_loss":0.0,"damage_taken":0.0,"cards_obtained":["Finesse"]}],"is_beta":false,"boss_relics":[{"not_picked":["VioletLotus","Philosopher\u0027s Stone"],"picked":"Cursed Key"},{"not_picked":["Astrolabe","Empty Cage"],"picked":"Fusion Hammer"}],"items_purged_floors":[4,7,20,24,38,47],"is_endless":false,"potions_floor_spawned":[2,6,8,13,14,18,28,29,31,33,37,41,46],"ascension_level":5}}