{"host":"Doisman","time":1612915921,"event":{"mods":["AchievementEnabler","BaseMod","Better Note","Curses Come First","Minty Spire (QoL Compilation)","Permanent Neow","Relic Stats","Replay The Spire","StSLib"],"gold_per_floor":[109,109,57,57,21,54,54,88,88,129,152,188,203,203,203,332,332,348,348,366,380,424,460,460,499,523,523,541,580,580,580,580,711,811,832,782,806,411,479,500,531,531,608,608,635,664,664,664,664,666],"floor_reached":51,"language":"ENG","playtime":2556,"items_purged":["Strike_B"],"score":999,"play_id":"5e7aa8f0-34e1-46cf-ace6-58bcfb45043a","local_time":"20210209181201","is_ascension_mode":true,"campfire_choices":[{"floor":7,"key":"REST"},{"data":"Dualcast","floor":15,"key":"SMITH"},{"data":"Creative AI","floor":24,"key":"SMITH"},{"data":"Core Surge","floor":32,"key":"SMITH"},{"data":"ReplayUltimateDefense","floor":42,"key":"SMITH"},{"data":"ReplayUltimateDefense","floor":47,"key":"SMITH"},{"data":"Capacitor","floor":49,"key":"SMITH"}],"circlet_count":0,"master_deck":["Strike_B","Strike_B","Strike_B","Defend_B","Defend_B","Defend_B","Defend_B","Zap+1","Dualcast+1","Ball Lightning","Self Repair+1","Steam","Steam","Fission+1","Cold Snap","Stack+1","Tempest+1","Hologram+1","Core Surge+1","Creative AI+1","Redo+1","ReplayTheSpireMod:Calculation Training+1","Coolheaded+1","Redo+1","Hologram+1","Ghostly+1","Ghostly+1","Ghostly+1","Ghostly+1","Ghostly+1","Electrodynamics","Hologram+1","ReplayUltimateDefense+1","ReplayUltimateDefense+1","Capacitor+1","Panic Button+1","Capacitor+1"],"relics":["SlaversCollar","Golden Idol","Toxic Egg 2","Mango","Blue Candle","Smiling Mask","Kunai","Coffee Dripper","Red Mask","Toy Ornithopter","Happy Flower","Oddly Smooth Stone","Replay:Bottled Flurry","Bottled Lightning","Strawberry","Replay:Wanted Poster","DollysMirror","Durian","Divine Protection","ReplayTheSpireMod:Ninjato","Replay:Bandana"],"acts_visited":["Exordium","TheCity","TheBeyond"],"potions_floor_usage":[12,18,20,21,23,29,35,39,39,50],"damage_taken":[{"damage":0,"enemies":"Small Slimes","floor":1,"turns":3},{"damage":34,"enemies":"Gremlin Nob","floor":6,"turns":5},{"damage":9,"enemies":"Replay:BlueRogue","floor":8,"turns":8},{"damage":16,"enemies":"3 Sentries","floor":10,"turns":8},{"damage":1,"enemies":"Jaw Worm","floor":11,"turns":3},{"damage":25,"enemies":"Gremlin Nob","floor":12,"turns":5},{"damage":0,"enemies":"Cultist","floor":13,"turns":2},{"damage":5,"enemies":"Slime Boss","floor":16,"turns":8},{"damage":11,"enemies":"3 Byrds","floor":18,"turns":3},{"damage":10,"enemies":"2 Thieves","floor":20,"turns":4},{"damage":4,"enemies":"Chosen and Byrds","floor":21,"turns":4},{"damage":0,"enemies":"Masked Bandits","floor":22,"turns":3},{"damage":29,"enemies":"Gremlin Leader","floor":23,"turns":9},{"damage":5,"enemies":"Book of Stabbing","floor":25,"turns":5},{"damage":43,"enemies":"Cultist and Chosen","floor":28,"turns":8},{"damage":0,"enemies":"Replay:Snechameleon","floor":29,"turns":6},{"damage":12,"enemies":"Champ","floor":33,"turns":13},{"damage":0,"enemies":"3 Shapes","floor":35,"turns":5},{"damage":0,"enemies":"Orb Walker","floor":37,"turns":4},{"damage":18,"enemies":"2 Orb Walkers","floor":39,"turns":8},{"damage":0,"enemies":"Maw","floor":40,"turns":10},{"damage":0,"enemies":"Reptomancer","floor":41,"turns":6},{"damage":0,"enemies":"Writhing Mass","floor":45,"turns":8},{"damage":3,"enemies":"3 Darklings","floor":46,"turns":6},{"damage":0,"enemies":"Time Eater","floor":50,"turns":15}],"seed_played":"-6321550418734429292","potions_obtained":[{"floor":8,"key":"BlessingOfTheForge"},{"floor":10,"key":"Adrenaline Potion"},{"floor":12,"key":"Strength Potion"},{"floor":13,"key":"Toxic Potion"},{"floor":16,"key":"Weak Potion"},{"floor":20,"key":"AttackPotion"},{"floor":21,"key":"Regen Potion"},{"floor":28,"key":"SpeedPotion"},{"floor":29,"key":"Toxic Potion"},{"floor":33,"key":"DistilledChaos"},{"floor":35,"key":"DuplicationPotion"},{"floor":45,"key":"Death Potion"}],"is_trial":false,"path_per_floor":["M","?","$","?","$","E","R","E","T","E","M","E","M","?","R","B",null,"M","?","M","M","?","E","R","E","T","T","M","E","?","?","R","B",null,"M","$","M","$","?","M","E","R","T","?","M","M","R","?","R","B",null],"character_chosen":"DEFECT","items_purchased":["Self Repair+1","Steam","ReplayUltimateDefense","DollysMirror","Capacitor"],"campfire_rested":1,"item_purchase_floors":[3,5,38,38,38],"current_hp_per_floor":[75,75,75,57,57,33,55,70,70,64,73,58,58,58,58,63,89,78,78,78,84,84,65,65,70,70,70,37,67,74,48,48,46,48,48,48,48,48,47,53,53,53,53,53,53,53,53,53,53,53],"gold":666,"neow_bonus":"BOSS_RELIC","is_daily":false,"chose_seed":false,"campfire_upgraded":6,"win_rate":0.0,"timestamp":1612915921,"path_taken":["M","?","$","?","?","E","R","E","T","E","M","E","?","?","R","BOSS","M","?","M","?","?","E","R","E","T","?","?","E","?","?","R","BOSS","M","$","M","$","?","M","E","R","T","?","?","M","R","?","R","BOSS"],"items_purchased_type":["Card","Card","Card","Relic","Card"],"build_version":"2020-12-18","purchased_purges":1,"victory":true,"max_hp_per_floor":[75,75,75,75,75,75,75,89,89,89,89,89,89,89,89,89,89,89,89,89,89,89,89,89,89,89,89,89,89,96,48,48,48,48,48,48,48,48,53,53,53,53,53,53,53,53,53,53,53,53],"relic_stats":{"Happy Flower":[29],"counters":[25,159],"Golden Idol":204,"Blue Candle":[0],"Kunai":[12],"Smiling Mask":25,"obtain_stats":[{"Divine Protection":41,"ReplayTheSpireMod:Ninjato":43,"Happy Flower":25,"Golden Idol":4,"Blue Candle":9,"Oddly Smooth Stone":26,"Mango":8,"Smiling Mask":10,"Replay:Wanted Poster":34,"SlaversCollar":0,"Replay:Bandana":44,"DollysMirror":38,"Strawberry":30,"Coffee Dripper":17,"Red Mask":22,"Replay:Bottled Flurry":27,"Durian":39,"Kunai":12,"Bottled Lightning":29,"Toxic Egg 2":6,"Cracked Core":0,"Toy Ornithopter":23},{"Divine Protection":22,"ReplayTheSpireMod:Ninjato":22,"Happy Flower":14,"Golden Idol":1,"Blue Candle":3,"Oddly Smooth Stone":14,"Mango":3,"Smiling Mask":4,"Replay:Wanted Poster":17,"SlaversCollar":0,"Replay:Bandana":22,"DollysMirror":19,"Strawberry":16,"Coffee Dripper":8,"Red Mask":12,"Replay:Bottled Flurry":14,"Durian":20,"Kunai":6,"Bottled Lightning":16,"Toxic Egg 2":2,"Cracked Core":0,"Toy Ornithopter":13},{"Divine Protection":130,"ReplayTheSpireMod:Ninjato":130,"Happy Flower":70,"Golden Idol":3,"Blue Candle":16,"Oddly Smooth Stone":70,"Mango":16,"Smiling Mask":24,"Replay:Wanted Poster":97,"SlaversCollar":0,"Replay:Bandana":130,"DollysMirror":106,"Strawberry":84,"Coffee Dripper":42,"Red Mask":56,"Replay:Bottled Flurry":70,"Durian":114,"Kunai":32,"Bottled Lightning":84,"Toxic Egg 2":8,"Cracked Core":0,"Toy Ornithopter":65}],"Toy Ornithopter":7},"card_choices":[{"not_picked":["Beam Cell","Rebound"],"picked":"Ball Lightning","floor":1},{"not_picked":["Chaos+1","Skim+1"],"picked":"Fission+1","floor":6},{"not_picked":["ReplayTheSpireMod:Reroute Power+1","Compile Driver","Steam+1"],"picked":"SKIP","floor":8},{"not_picked":["ReplayTheSpireMod:Repulse+1","Streamline"],"picked":"Cold Snap","floor":10},{"not_picked":["Gash","Streamline"],"picked":"Stack+1","floor":11},{"not_picked":["Hello World","ReplayRNGCard+1"],"picked":"Tempest+1","floor":12},{"not_picked":["Gash","FTL"],"picked":"Hologram+1","floor":13},{"not_picked":["Fission+1","Reboot+1"],"picked":"Creative AI","floor":16},{"not_picked":["Rebound","Compile Driver","Turbo+1"],"picked":"SKIP","floor":18},{"not_picked":["ReplayTheSpireMod:Reroute Power+1","Genetic Algorithm+1"],"picked":"Redo+1","floor":20},{"not_picked":["Streamline","Tempest+1","Turbo+1"],"picked":"SKIP","floor":21},{"not_picked":["Tempest+1","Mirror Shield+1"],"picked":"ReplayTheSpireMod:Calculation Training+1","floor":22},{"not_picked":["Ball Lightning+1","Undo+1"],"picked":"Coolheaded+1","floor":23},{"not_picked":["Ball Lightning+1","Reinforced Body+1"],"picked":"Redo+1","floor":25},{"not_picked":["Leap+1","Reprogram+1"],"picked":"Hologram+1","floor":28},{"not_picked":["Steam Power+1","Sweeping Beam","ReplayTheSpireMod:GoodbyeWorld"],"picked":"SKIP","floor":29},{"not_picked":["Hyperbeam","Creative AI"],"picked":"Electrodynamics","floor":33},{"not_picked":["Hello World+1","ReplaySolidLightProjector+1"],"picked":"Hologram+1","floor":35},{"not_picked":["Turbo+1","Beam Cell+1","Cold Snap+1"],"picked":"SKIP","floor":37},{"not_picked":["Go for the Eyes+1","Coolheaded+1"],"picked":"Panic Button+1","floor":39},{"not_picked":["Storm+1","FTL","Steam+1"],"picked":"SKIP","floor":40},{"not_picked":["ReplaySolidLightProjector+1","Streamline+1","ReplayTheSpireMod:Reroute Power+1"],"picked":"SKIP","floor":41},{"not_picked":["Steam+1","Rebound+1","Turbo+1"],"picked":"SKIP","floor":45},{"not_picked":["Leap+1","Go for the Eyes+1"],"picked":"Capacitor+1","floor":46}],"player_experience":1102022,"relics_obtained":[{"floor":6,"key":"Toxic Egg 2"},{"floor":8,"key":"Mango"},{"floor":9,"key":"Blue Candle"},{"floor":10,"key":"Smiling Mask"},{"floor":12,"key":"Kunai"},{"floor":22,"key":"Red Mask"},{"floor":23,"key":"Toy Ornithopter"},{"floor":25,"key":"Happy Flower"},{"floor":26,"key":"Oddly Smooth Stone"},{"floor":27,"key":"Replay:Bottled Flurry"},{"floor":29,"key":"Bottled Lightning"},{"floor":39,"key":"Durian"},{"floor":41,"key":"Divine Protection"},{"floor":43,"key":"ReplayTheSpireMod:Ninjato"}],"event_choices":[{"damage_healed":0,"gold_gain":0,"player_choice":"Grow","damage_taken":0,"max_hp_gain":0,"max_hp_loss":0,"event_name":"Living Wall","floor":2,"gold_loss":0,"cards_upgraded":["Zap"]},{"damage_healed":0,"gold_gain":0,"player_choice":"Take Damage","damage_taken":18,"relics_obtained":["Golden Idol"],"max_hp_gain":0,"max_hp_loss":0,"event_name":"Golden Idol","floor":4,"gold_loss":0},{"damage_healed":0,"gold_gain":0,"player_choice":"1 cards matched","damage_taken":0,"max_hp_gain":0,"max_hp_loss":0,"event_name":"Match and Keep!","floor":14,"gold_loss":0,"cards_obtained":["Core Surge"]},{"damage_healed":0,"gold_gain":0,"player_choice":"Ignored","damage_taken":0,"max_hp_gain":0,"max_hp_loss":0,"event_name":"betterNote:BetterNote","floor":19,"gold_loss":0,"cards_obtained":["Bash"]},{"damage_healed":0,"gold_gain":0,"player_choice":"Fought Bandits","damage_taken":0,"max_hp_gain":0,"max_hp_loss":0,"event_name":"Masked Bandits","floor":22,"gold_loss":0},{"damage_healed":0,"gold_gain":0,"player_choice":"Became a Ghost","damage_taken":0,"max_hp_gain":0,"max_hp_loss":48,"event_name":"Ghosts","floor":31,"gold_loss":0,"cards_obtained":["Ghostly","Ghostly","Ghostly","Ghostly","Ghostly"]},{"damage_healed":0,"gold_gain":0,"player_choice":"Fight","damage_taken":0,"max_hp_gain":0,"max_hp_loss":0,"event_name":"Mysterious Sphere","floor":39,"gold_loss":0},{"damage_healed":0,"gold_gain":0,"player_choice":"Gave Potion","damage_taken":0,"relics_obtained":["Replay:Bandana"],"max_hp_gain":0,"max_hp_loss":0,"event_name":"WeMeetAgain","floor":44,"gold_loss":0}],"is_beta":true,"boss_relics":[{"not_picked":["Philosopher\u0027s Stone","ReplayTheSpireMod:DimensionalGlitch"],"picked":"Coffee Dripper"},{"not_picked":["Velvet Choker","Runic Dome"],"picked":"Replay:Wanted Poster"}],"items_purged_floors":[36],"is_endless":false,"potions_floor_spawned":[8,10,12,13,16,20,21,28,29,33,35,45],"ascension_level":1}}