{"host":"qljq6nt1bltq73k9","time":1612936668,"event":{"mods":["BaseMod","Colored Map","Colored Powertips","Downfall","Minty Spire (QoL Compilation)","Quick Restart","Replay The Spire","StSLib","[IsaacMod]ÒÔÈö¼âËþ"],"gold_per_floor":[99999,100013,98788,98807,98807,98807,98009,98024,98049,97999,98025,98059,98071,98084,98084,98189,98189,98203,98203,98203],"floor_reached":19,"language":"ZHS","playtime":476,"items_purged":["Defend_B","Delirium"],"score":269,"play_id":"e81cd6a2-a5b0-424a-b209-17ba7fff291a","local_time":"20210210135748","is_ascension_mode":false,"campfire_choices":[{"floor":15,"key":"RECALL"}],"circlet_count":0,"master_deck":["Strike_B","Strike_B","Strike_B","Defend_B","Defend_B","Defend_B","Zap","Dualcast","BasicCrystalCard","Barrage","Loop","Rainbow","Meteor Strike","All For One","Specialist","Self Repair","Double Energy","Sweeping Beam","Rip and Tear","Echo Form"],"relics":["Cracked Core","HushsDoor","Chaos","NeowsBlessing","ReplayTheSpireMod:Ninjato","BookofShadows","SatanicBible","ReplayTheSpireMod:Ring of Collecting","Ring of Peace","BargainBundle","Kunai","Damocles","Toolbox","Regal Pillow","SteamSale","MealTicket","Replay:Rubber Ducky","GnawedLeaf","WingedGreaves","Ring of the Snake"],"acts_visited":["Exordium","TheCity"],"potions_floor_usage":[8,16,16,18],"damage_taken":[{"damage":0,"enemies":"Small Slimes","floor":1,"turns":1},{"damage":0,"enemies":"2 Louse","floor":2,"turns":1},{"damage":0,"enemies":"Jaw Worm","floor":4,"turns":1},{"damage":0,"enemies":"Large Slime","floor":8,"turns":4},{"damage":0,"enemies":"Lagavulin","floor":12,"turns":2},{"damage":0,"enemies":"Looter","floor":13,"turns":2},{"damage":0,"enemies":"Exordium Thugs","floor":14,"turns":2},{"damage":0,"enemies":"Hexaghost","floor":16,"turns":9},{"damage":0,"enemies":"Spheric Guardian","floor":18,"turns":3}],"seed_played":"-3527985946635374527","potions_obtained":[{"floor":2,"key":"LiquidMemories"},{"floor":12,"key":"PotionOfCapacity"},{"floor":13,"key":"Death Potion"},{"floor":14,"key":"PowerPotion"},{"floor":16,"key":"PowerPotion"}],"is_trial":false,"path_per_floor":["M","M","$","M","?","?","$","M","T","?","T","E","M","M","R_BF","B",null,"M","?"],"character_chosen":"DEFECT","items_purchased":["ReplayTheSpireMod:Ninjato","BookofShadows","SatanicBible","Loop","Rainbow","Dexterity Potion","BlessingOfTheForge","Meteor Strike","BargainBundle","Kunai","Damocles","ChaosCard","Specialist","Self Repair","Fire Potion"],"campfire_rested":0,"item_purchase_floors":[3,3,3,3,3,3,3,3,7,7,7,7,7,7,7],"current_hp_per_floor":[75,75,75,75,75,75,75,75,75,75,75,75,75,75,75,75,75,75,0,0],"gold":98203,"neow_bonus":"THREE_ENEMY_KILL","is_daily":false,"chose_seed":false,"campfire_upgraded":0,"win_rate":0.0,"timestamp":1612936668,"path_taken":["M","M","$","M","?","?","$","M","T","?","?","E","M","M","R_BF","BOSS","M","?"],"items_purchased_type":["Relic","Relic","Relic","Card","Card","Potion","Potion","Card","Relic","Relic","Relic","Card","Card","Card","Potion"],"build_version":"2020-12-22","purchased_purges":2,"victory":false,"max_hp_per_floor":[75,75,75,75,75,75,75,75,75,75,75,75,75,75,75,75,75,75,75,75],"card_choices":[{"not_picked":["Reinforced Body","ReplayTheSpireMod:Reroute Power"],"picked":"BasicCrystalCard","floor":1},{"not_picked":["Hologram","Compile Driver"],"picked":"Barrage","floor":2},{"not_picked":["Conserve Battery","Stack"],"picked":"All For One","floor":4},{"not_picked":["ReplayTheSpireMod:GoodbyeWorld","Panic Button"],"picked":"Double Energy","floor":8},{"not_picked":["Double Energy","Redo"],"picked":"Sweeping Beam","floor":12},{"not_picked":["Loop","Fusion"],"picked":"Bomb","floor":13},{"not_picked":["Ball Lightning","Reprogram"],"picked":"Rip and Tear","floor":14},{"not_picked":["ReplayTheSpireMod:Fabricate Wheel","All For One"],"picked":"Echo Form","floor":16},{"not_picked":["Reprogram","ReplayTheSpireMod:Calculation Training+1","Fan+1"],"picked":"SKIP","floor":18}],"player_experience":453753,"relics_obtained":[{"floor":6,"key":"ReplayTheSpireMod:Ring of Collecting"},{"floor":6,"key":"Ring of Peace"},{"floor":8,"key":"Toolbox"},{"floor":11,"key":"Regal Pillow"},{"floor":12,"key":"SteamSale"},{"floor":12,"key":"MealTicket"},{"floor":13,"key":"Replay:Rubber Ducky"},{"floor":14,"key":"GnawedLeaf"},{"floor":18,"key":"Ring of the Snake"}],"event_choices":[{"damage_healed":0,"gold_gain":0,"player_choice":"Ignored","damage_taken":0,"max_hp_gain":0,"max_hp_loss":0,"event_name":"Golden Idol","floor":5,"gold_loss":0},{"cards_removed":["Strike_B"],"damage_healed":0,"gold_gain":0,"player_choice":"Card Removal","damage_taken":0,"max_hp_gain":0,"max_hp_loss":0,"event_name":"The Cleric","floor":10,"gold_loss":50}],"is_beta":false,"boss_relics":[{"not_picked":["Tiny House","Pear"],"picked":"WingedGreaves"},{"not_picked":[]}],"items_purged_floors":[3,7],"is_endless":false,"potions_floor_spawned":[2,12,13,14,16],"ascension_level":0}}