{"host":"coame8l8goqx0svj","time":1612965153,"event":{"mods":["BaseMod","Downfall","Minty Spire (QoL Compilation)","StSLib"],"gold_per_floor":[99,99,99,99,99,99,126,313,72,101,120,67,67,78,90,188,188,88,104,121,321,341,341,341,374,16,16,44,44,70,82,92,187,187,87,98,98,115,132,32,82,82,82,111,123,141,141,191,210,210,210,239,114,114,114,114,114,114],"floor_reached":56,"language":"ENG","playtime":4876,"items_purged":["downfall:Haunted","downfall:Malfunctioning","bronze:Defend"],"score":973,"play_id":"d0fd586b-7a05-40ef-b147-97cabe1bb2bd","local_time":"20210210145233","is_ascension_mode":true,"campfire_choices":[{"floor":1,"key":"RECALL"},{"data":"bronze:ForceShield","floor":6,"key":"SMITH"},{"data":"Apotheosis","floor":13,"key":"SMITH"},{"data":"bronze:SpaghettiCode","floor":18,"key":"SMITH"},{"floor":27,"key":"REST"},{"floor":29,"key":"REST"},{"data":"bronze:Library","floor":35,"key":"SMITH"},{"floor":40,"key":"REST"},{"data":"bronze:Format","floor":42,"key":"SMITH"},{"floor":47,"key":"REST"},{"floor":54,"key":"REST"}],"circlet_count":0,"master_deck":["bronze:Strike+1","bronze:Defend+1","bronze:Defend+1","bronze:Defend","bronze:Replicate","bronze:Goto","bronze:ForceShield+1","bronze:ChildClass","bronze:HardenedForm+1","bronze:ShipIt","Doubt","bronze:Flail","Apotheosis+1","bronze:Safeguard+1","bronze:TinkerersToolbox","bronze:DarkDash","bronze:SpaghettiCode+1","Pride","bronze:Refactor","bronze:Boost","bronze:Format+1","bronze:FollowUp+1","bronze:Library+1","bronze:ThunderWave","bronze:ForceShield+1","bronze:Terminator","bronze:Repair","bronze:Repulsor"],"relics":["bronze:PlatinumCore","downfall:HeartsMalice","Guardian:GemstoneGun","bronze:MakeshiftBattery","downfall:HeartBlessingRed","War Paint","Dream Catcher","Question Card","Omamori","Darkstone Periapt","downfall:HeartBlessingGreen","downfall:HeartBlessingBlue","Boot","bronze:BottledCode","bronze:SilverBullet","Turnip","Blue Candle"],"acts_visited":["Exordium","TheCity","TheBeyond","TheEnding"],"potions_floor_usage":[16,25,25,25,36,46,50,52,55,56],"damage_taken":[{"damage":0,"enemies":"2 Louse","floor":2,"turns":1},{"damage":0,"enemies":"Cultist","floor":4,"turns":1},{"damage":0,"enemies":"downfall:FleeingMerchant","floor":9,"turns":1},{"damage":16,"enemies":"Lagavulin","floor":10,"turns":6},{"damage":0,"enemies":"Small Slimes","floor":11,"turns":1},{"damage":0,"enemies":"downfall:FleeingMerchant","floor":12,"turns":4},{"damage":0,"enemies":"Blue Slaver","floor":14,"turns":2},{"damage":0,"enemies":"Large Slime","floor":15,"turns":3},{"damage":25,"enemies":"IC_STATUS_ARCHETYPE","floor":16,"turns":5},{"damage":6,"enemies":"Spheric Guardian","floor":19,"turns":3},{"damage":0,"enemies":"3 Byrds","floor":20,"turns":3},{"damage":3,"enemies":"Snake Plant","floor":22,"turns":4},{"damage":37,"enemies":"Slavers","floor":25,"turns":7},{"damage":0,"enemies":"downfall:FleeingMerchant","floor":26,"turns":4},{"damage":7,"enemies":"Gremlin Leader","floor":28,"turns":6},{"damage":14,"enemies":"Book of Stabbing","floor":30,"turns":5},{"damage":10,"enemies":"Centurion and Healer","floor":31,"turns":3},{"damage":0,"enemies":"Cultist and Chosen","floor":32,"turns":3},{"damage":11,"enemies":"WA_ARCHETYPE_CALM","floor":33,"turns":14},{"damage":0,"enemies":"3 Darklings","floor":36,"turns":2},{"damage":0,"enemies":"Orb Walker","floor":38,"turns":3},{"damage":9,"enemies":"Writhing Mass","floor":39,"turns":6},{"damage":13,"enemies":"Giant Head","floor":44,"turns":7},{"damage":0,"enemies":"Transient","floor":45,"turns":5},{"damage":0,"enemies":"Jaw Worm Horde","floor":46,"turns":2},{"damage":0,"enemies":"Jaw Worm Horde","floor":48,"turns":5},{"damage":0,"enemies":"3 Darklings","floor":49,"turns":3},{"damage":9,"enemies":"SI_POISON_ARCHETYPE","floor":50,"turns":9},{"damage":35,"enemies":"downfall:CharBossMerchant","floor":52,"turns":8},{"damage":8,"enemies":"downfall:NeowBoss","floor":55,"turns":14},{"damage":87,"enemies":"downfall:NeowBossFinal","floor":56,"turns":8}],"seed_played":"-5406592135604741397","potions_obtained":[{"floor":10,"key":"hexamod:SoulburnPotion"},{"floor":14,"key":"CultistPotion"},{"floor":15,"key":"bronze:BuildAFunctionPotion"},{"floor":20,"key":"Explosive Potion"},{"floor":28,"key":"BlessingOfTheForge"},{"floor":31,"key":"PowerPotion"},{"floor":32,"key":"Explosive Potion"},{"floor":39,"key":"Ancient Potion"},{"floor":45,"key":"ColorlessPotion"},{"floor":48,"key":"Swift Potion"},{"floor":52,"key":"PowerPotion"}],"is_trial":false,"path_per_floor":["R","M","?","M","?","R","T","?","$","E","M","$","R","M","M","B",null,"R","M","M","?","M","?","T","E","$","R","E","R","E","M","M","B",null,"R","M","?","M","M","R","T","R","?","E","M","M","R","?","M","B",null,"E","$","R","B","B"],"character_chosen":"THE_AUTOMATON","items_purchased":["Apotheosis","bronze:DarkDash","Question Card"],"campfire_rested":5,"item_purchase_floors":[9,12,26],"current_hp_per_floor":[70,70,70,70,70,70,70,70,70,54,54,54,54,54,54,29,60,60,54,54,54,51,51,51,14,14,35,28,49,35,25,25,14,56,56,56,56,56,47,80,80,80,70,57,57,57,70,70,70,70,70,35,35,56,58,0,0,0],"gold":114,"neow_bonus":"THREE_ENEMY_KILL","is_daily":false,"chose_seed":false,"campfire_upgraded":5,"win_rate":0.0,"timestamp":1612965153,"path_taken":["R","M","?","?","?","R","T","?","?","E","M","$","R","M","M","BOSS","R","M","M","?","?","?","T","E","$","R","E","R","E","M","M","BOSS","R","M","?","?","?","R","T","R","?","E","M","M","R","?","M","BOSS","E","$","R","BOSS","BOSS"],"items_purchased_type":["Card","Card","Relic"],"build_version":"2020-12-22","purchased_purges":3,"victory":false,"max_hp_per_floor":[70,70,70,70,70,70,70,70,70,70,70,70,70,70,70,70,70,70,70,70,70,70,70,70,70,70,70,70,70,70,70,70,70,70,70,70,70,70,70,80,80,80,70,70,70,70,70,70,70,70,70,70,70,70,70,70,70,70],"card_choices":[{"not_picked":["bronze:Turbo","bronze:WildBeam"],"picked":"bronze:ForceShield","floor":2},{"not_picked":["bronze:WhirlingStrike","bronze:DelayedSlice","bronze:BugBarrage"],"picked":"SKIP","floor":4},{"not_picked":["bronze:WildBeam","bronze:Invalidate"],"picked":"bronze:Flail","floor":9},{"not_picked":["bronze:Frontload","bronze:Constructor"],"picked":"bronze:Safeguard","floor":10},{"not_picked":["bronze:Constructor","bronze:Philosophize","bronze:BugBarrage"],"picked":"SKIP","floor":11},{"not_picked":["bronze:Invalidate","bronze:Allocate"],"picked":"bronze:TinkerersToolbox","floor":12},{"not_picked":["bronze:BugBarrage","bronze:FollowUp","bronze:Constructor"],"picked":"SKIP","floor":14},{"not_picked":["bronze:OilSpill","bronze:BugBarrage","bronze:Invalidate"],"picked":"SKIP","floor":15},{"not_picked":["bronze:HardenedForm","bronze:CleanCode"],"picked":"bronze:SpaghettiCode","floor":16},{"not_picked":["bronze:Flail","bronze:Overheat","bronze:ChosenStrike"],"picked":"SKIP","floor":19},{"not_picked":["bronze:Philosophize+1","bronze:BronzeArmor+1","bronze:Return+1"],"picked":"SKIP","floor":20},{"not_picked":["bronze:CutThrough","bronze:Separator+1","bronze:CloningBeam+1"],"picked":"SKIP","floor":22},{"not_picked":["bronze:WildBeam","bronze:BronzeOrb"],"picked":"bronze:Refactor","floor":25},{"not_picked":["bronze:BitShift+1","bronze:CutThrough"],"picked":"bronze:Boost","floor":26},{"not_picked":["bronze:BuggyMess","bronze:Invalidate+1","bronze:ForLoop+1"],"picked":"bronze:Format","floor":28},{"not_picked":["bronze:Branch","bronze:Fortify","bronze:Shield","bronze:GetLatest"],"picked":"SKIP","floor":30},{"not_picked":["bronze:Overheat","bronze:Deprecate","bronze:Allocate"],"picked":"bronze:FollowUp+1","floor":31},{"not_picked":["bronze:Philosophize","bronze:BitShift","bronze:DarkDash+1","bronze:DelayedGuard"],"picked":"SKIP","floor":32},{"not_picked":["bronze:HardenedForm","bronze:AlphaBuild","bronze:ThunderWave"],"picked":"bronze:Library","floor":33},{"not_picked":["bronze:OilSpill+1","bronze:Boost","bronze:Overheat","bronze:BuggyMess+1"],"picked":"SKIP","floor":36},{"not_picked":["bronze:BronzeOrb+1","bronze:WhirlingStrike","bronze:Branch"],"picked":"bronze:ForceShield+1","floor":38},{"not_picked":["bronze:Philosophize+1","bronze:DelayedGuard+1","bronze:BuggyMess+1","bronze:Turbo"],"picked":"SKIP","floor":39},{"not_picked":["bronze:Shield+1","bronze:CutThrough+1","bronze:NullPointer+1","bronze:BuggyMess"],"picked":"SKIP","floor":44},{"not_picked":["bronze:Boost","bronze:Optimize+1","bronze:Shield+1"],"picked":"bronze:Terminator","floor":45},{"not_picked":["bronze:Frontload","bronze:Separator","bronze:InfiniteLoop","bronze:BuggyMess"],"picked":"SKIP","floor":46},{"not_picked":["bronze:Invalidate","bronze:CutThrough+1","bronze:Optimize+1"],"picked":"bronze:Repair","floor":49},{"not_picked":["bronze:ClassDefault+1","bronze:CloningBeam","bronze:Shell"],"picked":"bronze:Repulsor","floor":52}],"player_experience":1787673,"relics_obtained":[{"floor":7,"key":"MawBank"},{"floor":10,"key":"Guardian:GemstoneGun"},{"floor":25,"key":"Dream Catcher"},{"floor":28,"key":"Omamori"},{"floor":30,"key":"Darkstone Periapt"},{"floor":41,"key":"Boot"},{"floor":44,"key":"bronze:SilverBullet"},{"floor":48,"key":"Turnip"},{"floor":52,"key":"Blue Candle"}],"event_choices":[{"damage_healed":0,"gold_gain":0,"player_choice":"Stole Relic","damage_taken":0,"relics_obtained":["War Paint"],"max_hp_gain":0,"max_hp_loss":0,"event_name":"Addict","floor":23,"gold_loss":0,"cards_obtained":["Pride"]}],"is_beta":false,"boss_relics":[{"not_picked":["Runic Pyramid","expansioncontent:StudyCardRelic"],"picked":"bronze:MakeshiftBattery"},{"not_picked":["Astrolabe","Cursed Key"],"picked":"bronze:PlatinumCore"}],"items_purged_floors":[9,26,53],"is_endless":false,"potions_floor_spawned":[10,14,15,20,28,31,32,33,39,45,48,49,52],"killed_by":"downfall:NeowBossFinal","ascension_level":5}}