{"host":"neeznpvpgo0qgfkd","time":1612942049,"event":{"mods":["AchievementEnabler","BaseMod","BetterRewards","Colored Map","Colored Powertips","Exacting","Minty Spire (QoL Compilation)","Permanent Neow","Quick Restart","Shop Mod"],"gold_per_floor":[118,118,118,49,74,115,135,155,155,194,194,207,207,235,235,355,355,391,391,404,423,436,467,467,467],"floor_reached":24,"language":"ENG","playtime":1184,"items_purged":[],"score":299,"play_id":"e8fab19e-6092-4f9c-90df-9814df183747","local_time":"20210210022729","is_ascension_mode":true,"campfire_choices":[{"floor":11,"key":"REST"},{"floor":15,"key":"RECALL"}],"circlet_count":0,"master_deck":["Strike_R","Strike_R","Strike_R+1","Strike_R","Strike_R","Defend_R+1","Defend_R","Defend_R","Defend_R","Bash","Inflame","Flex","Cleave","Metallicize","Ghostly Armor","Thunderclap","Sword Boomerang","Combust","Flame Barrier","Metallicize","Heavy Blade+1","Twin Strike","Juggernaut","Perfected Strike","Flex+1","Rage"],"relics":["Black Blood","Bird Faced Urn","OrangePellets","Gambling Chip","Golden Idol","Charon\u0027s Ashes","Sundial","White Beast Statue","TungstenRod"],"acts_visited":["Exordium","TheCity"],"potions_floor_usage":[10,10,16,16,18,18,21,23,23],"damage_taken":[{"damage":19,"enemies":"Small Slimes","floor":1,"turns":3},{"damage":5,"enemies":"2 Louse","floor":5,"turns":2},{"damage":26,"enemies":"3 Sentries","floor":6,"turns":8},{"damage":10,"enemies":"Jaw Worm","floor":7,"turns":4},{"damage":13,"enemies":"3 Louse","floor":8,"turns":3},{"damage":7,"enemies":"Gremlin Nob","floor":10,"turns":4},{"damage":6,"enemies":"Red Slaver","floor":12,"turns":4},{"damage":8,"enemies":"Looter","floor":14,"turns":2},{"damage":7,"enemies":"Slime Boss","floor":16,"turns":5},{"damage":25,"enemies":"2 Thieves","floor":18,"turns":5},{"damage":21,"enemies":"Spheric Guardian","floor":20,"turns":4},{"damage":10,"enemies":"Snecko","floor":21,"turns":4},{"damage":63,"enemies":"Centurion and Healer","floor":22,"turns":5},{"damage":35,"enemies":"Gremlin Leader","floor":23,"turns":6},{"damage":30,"enemies":"3 Cultists","floor":24,"turns":4}],"seed_played":"-4315520409522164076","potions_obtained":[{"floor":6,"key":"HeartOfIron"},{"floor":7,"key":"Weak Potion"},{"floor":8,"key":"HeartOfIron"},{"floor":12,"key":"Energy Potion"},{"floor":14,"key":"AttackPotion"},{"floor":16,"key":"LiquidMemories"},{"floor":18,"key":"DuplicationPotion"},{"floor":20,"key":"AttackPotion"},{"floor":21,"key":"ElixirPotion"},{"floor":22,"key":"Block Potion"},{"floor":23,"key":"Ancient Potion"}],"is_trial":false,"path_per_floor":["M","?","?","$","M","E","M","M","T","E","R","M","?","M","R","B",null,"M","?","M","M","M","E","M"],"character_chosen":"IRONCLAD","items_purchased":["Inflame","OrangePellets","Flex","Metallicize"],"campfire_rested":1,"item_purchase_floors":[0,0,0,4],"current_hp_per_floor":[61,61,45,45,50,34,34,31,31,36,60,68,68,70,70,77,79,73,73,70,78,35,20,0,0],"gold":467,"neow_bonus":"","is_daily":false,"chose_seed":false,"campfire_upgraded":0,"win_rate":0.0,"timestamp":1612942049,"path_taken":["M","?","?","?","M","E","M","M","T","E","R","M","?","?","R","BOSS","M","?","?","M","M","E","M"],"items_purchased_type":["Card","Relic","Card","Card"],"build_version":"2020-12-22","purchased_purges":0,"victory":false,"max_hp_per_floor":[80,80,80,80,80,80,80,80,80,80,80,80,80,80,80,80,80,80,80,80,80,80,80,80,80],"card_choices":[{"not_picked":["Dual Wield","Perfected Strike"],"picked":"Cleave","floor":1},{"not_picked":["Reckless Charge","Intimidate"],"picked":"Ghostly Armor","floor":5},{"not_picked":["Clothesline","Seeing Red"],"picked":"Thunderclap","floor":6},{"not_picked":["Havoc","Wild Strike"],"picked":"Sword Boomerang","floor":7},{"not_picked":["Shrug It Off","Heavy Blade"],"picked":"Combust","floor":8},{"not_picked":["True Grit","Rage"],"picked":"Flame Barrier","floor":8},{"not_picked":["Wild Strike","Twin Strike"],"picked":"Metallicize","floor":10},{"not_picked":["Perfected Strike","Burning Pact"],"picked":"Heavy Blade","floor":12},{"not_picked":["Second Wind","Entrench"],"picked":"Twin Strike","floor":14},{"not_picked":["Fiend Fire","Corruption"],"picked":"Juggernaut","floor":16},{"not_picked":["Clothesline","Shrug It Off+1"],"picked":"Perfected Strike","floor":18},{"not_picked":["True Grit","Warcry"],"picked":"Flex+1","floor":20},{"not_picked":["Shockwave","Body Slam","Pommel Strike"],"picked":"SKIP","floor":21},{"not_picked":["Havoc","Body Slam","Blood for Blood"],"picked":"SKIP","floor":22},{"not_picked":["Warcry","Havoc"],"picked":"Rage","floor":23}],"player_experience":1351205,"relics_obtained":[{"floor":6,"key":"Charon\u0027s Ashes"},{"floor":9,"key":"Sundial"},{"floor":10,"key":"White Beast Statue"},{"floor":23,"key":"TungstenRod"}],"event_choices":[{"damage_healed":0,"gold_gain":0,"player_choice":"Take Wound","damage_taken":0,"relics_obtained":["Golden Idol"],"max_hp_gain":0,"max_hp_loss":0,"event_name":"Golden Idol","floor":2,"gold_loss":0,"cards_obtained":["Injury"]},{"damage_healed":0,"gold_gain":0,"player_choice":"Entered Light","damage_taken":16,"max_hp_gain":0,"max_hp_loss":0,"event_name":"Shining Light","floor":3,"gold_loss":0,"cards_upgraded":["Defend_R","Strike_R"]},{"cards_removed":["Injury"],"damage_healed":0,"gold_gain":0,"player_choice":"Removed Curses","damage_taken":0,"max_hp_gain":0,"max_hp_loss":0,"event_name":"Fountain of Cleansing","floor":13,"gold_loss":0},{"damage_healed":0,"gold_gain":0,"player_choice":"Upgraded","damage_taken":0,"max_hp_gain":0,"max_hp_loss":0,"event_name":"Upgrade Shrine","floor":19,"gold_loss":0,"cards_upgraded":["Heavy Blade"]}],"is_beta":false,"boss_relics":[{"not_picked":["Pandora\u0027s Box","Velvet Choker"],"picked":"Black Blood"}],"items_purged_floors":[],"is_endless":false,"potions_floor_spawned":[6,7,8,12,14,16,18,20,21,22,23],"killed_by":"3 Cultists","ascension_level":6}}