{"host":"minbhrtlkaoly5f0","time":1612924461,"event":{"mods":["Act Like it!","BaseMod","Colored Map","Minty Spire (QoL Compilation)","Quick Restart","StSLib"],"gold_per_floor":[113,38,138,150,168,168,201,201,201,201,226,226,244,264,264,363,363,374,390,390,390,390,390,390],"floor_reached":23,"language":"ZHS","playtime":716,"items_purged":["Strike_B"],"score":199,"play_id":"09956f4d-0ff6-4cdc-a61f-84225d25334c","local_time":"20210210103421","is_ascension_mode":false,"campfire_choices":[{"data":"Echo Form","floor":6.0,"key":"SMITH"},{"floor":8.0,"key":"REST"},{"floor":10.0,"key":"REST"},{"floor":15.0,"key":"REST"}],"circlet_count":0,"master_deck":["Strike_B","Strike_B","Strike_B","Defend_B","Defend_B","Defend_B","Zap","Dualcast","Echo Form+1","Streamline","Hello World","Skim","Static Discharge","Electrodynamics","Storm"],"relics":["Cracked Core","Mummified Hand","Meat on the Bone","Smiling Mask","Runic Pyramid","MutagenicStrength"],"acts_visited":["Exordium","TheCity"],"potions_floor_usage":[],"damage_taken":[{"damage":11.0,"enemies":"Jaw Worm","floor":1.0,"turns":3.0},{"damage":6.0,"enemies":"Cultist","floor":4.0,"turns":5.0},{"damage":5.0,"enemies":"Small Slimes","floor":5.0,"turns":3.0},{"damage":21.0,"enemies":"Gremlin Nob","floor":7.0,"turns":4.0},{"damage":36.0,"enemies":"Lagavulin","floor":11.0,"turns":6.0},{"damage":29.0,"enemies":"Exordium Thugs","floor":13.0,"turns":5.0},{"damage":27.0,"enemies":"Looter","floor":14.0,"turns":4.0},{"damage":46.0,"enemies":"The Guardian","floor":16.0,"turns":8.0},{"damage":41.0,"enemies":"Shell Parasite","floor":18.0,"turns":5.0},{"damage":5.0,"enemies":"Chosen","floor":19.0,"turns":4.0},{"damage":45,"enemies":"Book of Stabbing","floor":23,"turns":4}],"seed_played":"8072183397062903645","potions_obtained":[{"floor":4.0,"key":"Fire Potion"},{"floor":5.0,"key":"DistilledChaos"},{"floor":7.0,"key":"BlessingOfTheForge"},{"floor":11.0,"key":"FocusPotion"},{"floor":18.0,"key":"SpeedPotion"}],"is_trial":false,"path_per_floor":["M","$","?","M","M","R","E","R","T","R","E","?","M","M","R","B",null,"M","M","?","?","?","E"],"character_chosen":"DEFECT","items_purchased":[],"campfire_rested":3,"item_purchase_floors":[],"current_hp_per_floor":[64,64,64,58,53,53,32,54,54,75,39,75,46,31,53,19,75,46,41,41,41,41,0,0],"gold":390,"neow_bonus":"ONE_RANDOM_RARE_CARD","is_daily":false,"chose_seed":true,"campfire_upgraded":1,"win_rate":0.0,"timestamp":1612924461,"path_taken":["M","$","?","M","?","R","E","R","T","R","E","?","?","M","R","BOSS","M","M","?","?","?","E"],"items_purchased_type":[],"build_version":"2020-12-22","purchased_purges":1,"victory":false,"max_hp_per_floor":[75,75,75,75,75,75,75,75,75,75,75,75,75,75,75,75,75,75,75,75,75,75,75,75],"card_choices":[{"not_picked":["Hologram","Darkness","Turbo"],"picked":"SKIP","floor":1.0},{"not_picked":["Turbo","Glacier"],"picked":"Streamline","floor":4.0},{"not_picked":["Cold Snap","Melter"],"picked":"Hello World","floor":5.0},{"not_picked":["Reprogram","Melter","FTL"],"picked":"SKIP","floor":7.0},{"not_picked":["Redo","BootSequence"],"picked":"Skim","floor":11.0},{"not_picked":["Coolheaded","Streamline","Melter"],"picked":"SKIP","floor":13.0},{"not_picked":["FTL","Lockon"],"picked":"Static Discharge","floor":14.0},{"not_picked":["Meteor Strike","Biased Cognition"],"picked":"Electrodynamics","floor":16.0},{"not_picked":["Cold Snap","Sweeping Beam","Beam Cell"],"picked":"SKIP","floor":18.0},{"not_picked":["Rip and Tear","Hello World","Glacier"],"picked":"SKIP","floor":19.0}],"player_experience":36258,"relics_obtained":[{"floor":7.0,"key":"Mummified Hand"},{"floor":9.0,"key":"Meat on the Bone"},{"floor":11.0,"key":"Smiling Mask"}],"event_choices":[{"damage_healed":0.0,"max_hp_gain":0.0,"max_hp_loss":0.0,"gold_gain":100.0,"event_name":"Golden Shrine","player_choice":"Pray","floor":3.0,"gold_loss":0.0,"damage_taken":0.0},{"damage_healed":36.0,"max_hp_gain":0.0,"max_hp_loss":0.0,"gold_gain":0.0,"event_name":"Wheel of Change","player_choice":"Full Heal","floor":12.0,"gold_loss":0.0,"damage_taken":0.0},{"cards_removed":["Defend_B"],"damage_healed":0.0,"max_hp_gain":0.0,"max_hp_loss":0.0,"gold_gain":0.0,"event_name":"Back to Basics","player_choice":"Elegance","floor":20.0,"gold_loss":0.0,"damage_taken":0.0},{"damage_healed":0.0,"max_hp_gain":0.0,"max_hp_loss":0.0,"gold_gain":0.0,"event_name":"The Library","player_choice":"Read","floor":21.0,"gold_loss":0.0,"damage_taken":0.0,"cards_obtained":["Storm"]},{"damage_healed":0.0,"max_hp_gain":0.0,"max_hp_loss":0.0,"gold_gain":0.0,"event_name":"Drug Dealer","player_choice":"Inject Mutagens","floor":22.0,"gold_loss":0.0,"damage_taken":0.0,"relics_obtained":["MutagenicStrength"]}],"is_beta":false,"boss_relics":[{"not_picked":["Ectoplasm","SlaversCollar"],"picked":"Runic Pyramid"}],"items_purged_floors":[2],"is_endless":false,"potions_floor_spawned":[4,5,7,11,14,18],"killed_by":"Book of Stabbing","ascension_level":0}}