{"host":"kaame4qwxxqnygv7","time":1612966773,"event":{"mods":["AchievementEnabler","BaseMod","Better Match","Better Skull","Better Third Choice","Block Reminder","DeckTracker","Energized Spire","GungeonMod","Minty Spire (QoL Compilation)","Quick Restart","Red Circlet Mod","StSLib","SuperFastMode","The Blue Laboratory"],"gold_per_floor":[116,195,214,214,190,190,209,226,226,226,245,281,303,340,340,448,398,421,437,314,335,250,283,283,283,310,345,345,345,377,395,395,505,505,529,529,553,570,588,588,646,646,673,673,740,740,710,737,737,737],"floor_reached":51,"language":"KOR","playtime":2138,"items_purged":["DemoMod:RustySidearm"],"score":1286,"play_id":"73cba6a6-0566-4618-93d1-ec07c9cf74be","local_time":"20210210231933","is_ascension_mode":true,"campfire_choices":[{"floor":6.0,"key":"REST"},{"floor":10.0,"key":"REST"},{"floor":15.0,"key":"REST"},{"floor":24.0,"key":"REST"},{"floor":29.0,"key":"REST"},{"floor":32.0,"key":"REST"},{"floor":40.0,"key":"REST"},{"floor":42.0,"key":"REST"},{"data":"DemoMod:Behold!","floor":44.0,"key":"SMITH"},{"data":"DemoMod:GunslingerForm","floor":46.0,"key":"SMITH"},{"data":"DemoMod:PotionOfGunFriendShip","floor":49,"key":"PURGE"}],"circlet_count":0,"master_deck":["AscendersBane","DemoMod:Roll","DemoMod:ManualReload","DemoMod:CursedBullets","DemoMod:SniperShot+1","DemoMod:Gungine","DemoMod:ShadowBullets","DemoMod:Behold!+1","DemoMod:LifeOrb","DemoMod:ConditionalReflex+1","DemoMod:HardPowerCard","DemoMod:BattleInHaste","DemoMod:StrategicReserve","DemoMod:ConditionalReflex","DemoMod:MachoBrace+1","DemoMod:DoubleVision","DemoMod:SuppressiveFire","DemoMod:ConditionalReflex+1","DemoMod:PotionOfGunFriendShip+1","DemoMod:GunslingerForm+1","DemoMod:HardPowerCard+1"],"relics":["Pandora\u0027s Box","betterThird:SlimedRelic","DemoMod:LichsEyeBullet","DemoMod:Metronome","energizedSpire:HugeHouse","MealTicket","DemoMod:HoleyGrail","DemoMod:MemoryAlloy","DemoMod:ClearGuonStone","DemoMod:GreenGuonStone","DemoMod:Ammonomicon","DemoMod:SevenLeafClover","Dead Branch","Turnip","DemoMod:Plus1Bullets","Peace Pipe","FossilizedHelix"],"acts_visited":["Exordium","TheCity","TheBeyond"],"potions_floor_usage":[50,50],"damage_taken":[{"damage":0.0,"enemies":"Small Slimes","floor":1.0,"turns":2.0},{"damage":12.0,"enemies":"Jaw Worm","floor":3.0,"turns":2.0},{"damage":0.0,"enemies":"2 Louse","floor":7.0,"turns":2.0},{"damage":11.0,"enemies":"Exordium Wildlife","floor":8.0,"turns":3.0},{"damage":7.0,"enemies":"Looter","floor":11.0,"turns":2.0},{"damage":0.0,"enemies":"Lots of Slimes","floor":12.0,"turns":1.0},{"damage":11.0,"enemies":"2 Fungi Beasts","floor":13.0,"turns":2.0},{"damage":0.0,"enemies":"Lagavulin","floor":14.0,"turns":1.0},{"damage":31.0,"enemies":"The Guardian","floor":16.0,"turns":9.0},{"damage":10.0,"enemies":"2 Thieves","floor":18.0,"turns":3.0},{"damage":0.0,"enemies":"Chosen","floor":19.0,"turns":3.0},{"damage":0.0,"enemies":"3 Cultists","floor":21.0,"turns":3.0},{"damage":18.0,"enemies":"Slavers","floor":23.0,"turns":4.0},{"damage":0.0,"enemies":"Gremlin Leader","floor":27.0,"turns":4.0},{"damage":18.0,"enemies":"Book of Stabbing","floor":30.0,"turns":3.0},{"damage":14.0,"enemies":"Shelled Parasite and Fungi","floor":31.0,"turns":2.0},{"damage":12.0,"enemies":"Champ","floor":33.0,"turns":7.0},{"damage":19.0,"enemies":"3 Darklings","floor":35.0,"turns":5.0},{"damage":10.0,"enemies":"Orb Walker","floor":37.0,"turns":2.0},{"damage":7.0,"enemies":"3 Darklings","floor":38.0,"turns":1.0},{"damage":0.0,"enemies":"Jaw Worm Horde","floor":39.0,"turns":3.0},{"damage":12.0,"enemies":"2 Orb Walkers","floor":41.0,"turns":2.0},{"damage":2.0,"enemies":"4 Shapes","floor":45.0,"turns":3.0},{"damage":0,"enemies":"4 Shapes","floor":48,"turns":1},{"damage":0,"enemies":"Awakened One","floor":50,"turns":6}],"seed_played":"8890401986734498963","potions_obtained":[{"floor":7.0,"key":"SteroidPotion"},{"floor":13.0,"key":"Swift Potion"},{"floor":18.0,"key":"blueLaboratory:Moonshine"},{"floor":23.0,"key":"Explosive Potion"},{"floor":38.0,"key":"blueLaboratory:HorrorPotion"},{"floor":39.0,"key":"blueLaboratory:RememoryPotion"},{"floor":47.0,"key":"DemoMod:BlankPotion"},{"floor":47.0,"key":"blueLaboratory:BubblePotion"}],"is_trial":false,"path_per_floor":["M","?","M","?","?","R","M","M","T","R","M","M","M","E","R","B",null,"M","M","$","M","?","E","R","T","T","E","?","R","E","M","R","B",null,"M","?","M","M","M","R","?","R","T","R","?","R","?","M","R","B",null],"character_chosen":"HUNTRESS","items_purchased":["DemoMod:LeadSkinPotion"],"campfire_rested":8,"item_purchase_floors":[20],"current_hp_per_floor":[63,63,51,37,26,47,47,36,36,57,50,50,39,39,60,29,56,46,46,46,46,46,28,47,47,47,47,47,65,47,45,64,52,62,43,43,33,26,26,45,39,58,58,58,62,62,62,62,62,62],"gold":737,"neow_bonus":"BOSS_RELIC","is_daily":false,"chose_seed":false,"campfire_upgraded":2,"win_rate":0.0,"timestamp":1612966773,"path_taken":["M","?","M","?","?","R","M","M","T","R","M","M","M","E","R","BOSS","M","M","$","M","?","E","R","?","T","E","?","R","E","M","R","BOSS","M","?","?","M","?","R","?","R","T","R","?","R","?","?","R","BOSS"],"items_purchased_type":["Undefined"],"build_version":"2020-12-22","purchased_purges":1,"victory":true,"max_hp_per_floor":[70,70,70,70,70,70,70,70,70,70,70,70,70,70,70,70,65,65,65,65,65,65,65,65,65,65,65,65,65,65,65,65,65,65,65,65,65,65,65,65,65,65,65,65,65,65,65,65,65,65],"card_choices":[{"not_picked":["DemoMod:BattleInHaste","DemoMod:Unity"],"picked":"DemoMod:LifeOrb","floor":1.0},{"not_picked":["DemoMod:ShadowBullets","DemoMod:ZorGun"],"picked":"DemoMod:ConditionalReflex","floor":3.0},{"not_picked":["DemoMod:StickyCrossBow","DemoMod:HardPowerCard"],"picked":"DemoMod:Purify","floor":7.0},{"not_picked":["DemoMod:Purify","DemoMod:TeaPot"],"picked":"DemoMod:HardPowerCard","floor":8.0},{"not_picked":["DemoMod:HighKaliber","DemoMod:ZorGun","DemoMod:Camera"],"picked":"SKIP","floor":11.0},{"not_picked":["DemoMod:FortunesFavor","DemoMod:AC15"],"picked":"DemoMod:BattleInHaste","floor":12.0},{"not_picked":["DemoMod:LifeOrb","DemoMod:Slinger","DemoMod:HardPowerCard"],"picked":"SKIP","floor":13.0},{"not_picked":["DemoMod:AC15","DemoMod:StickyCrossBow"],"picked":"DemoMod:PotionOfGunFriendShip","floor":14.0},{"not_picked":["DemoMod:SpreadAmmo","DemoMod:LifeOrb+1"],"picked":"DemoMod:ConditionalReflex","floor":18.0},{"not_picked":["DemoMod:ProbeStrike+1","DemoMod:Unmoved"],"picked":"DemoMod:MachoBrace+1","floor":19.0},{"not_picked":["DemoMod:FeignSurrender","DemoMod:FastSwitch"],"picked":"DemoMod:DoubleVision","floor":21.0},{"not_picked":["DemoMod:JK47","DemoMod:AC15","DemoMod:StrategicReserve"],"picked":"SKIP","floor":23.0},{"not_picked":["DemoMod:FortunesFavor","DemoMod:TripleGun"],"picked":"DemoMod:Purify","floor":27.0},{"not_picked":["DemoMod:Purify","DemoMod:DoubleSwitch+1","DemoMod:FeignSurrender+1"],"picked":"SKIP","floor":30.0},{"not_picked":["DemoMod:MachoBrace+1","DemoMod:HuntsMan","DemoMod:Polaris+1"],"picked":"SKIP","floor":31.0},{"not_picked":["DemoMod:FightSabre","DemoMod:BSG"],"picked":"DemoMod:SuppressiveFire","floor":33.0},{"not_picked":["DemoMod:AC15","DemoMod:BoxingGlove+1","DemoMod:GunstockTap"],"picked":"SKIP","floor":35.0},{"not_picked":["DemoMod:SAA","DemoMod:FeignSurrender","DemoMod:JK47+1"],"picked":"SKIP","floor":37.0},{"not_picked":["DemoMod:AC15+1","DemoMod:Casey+1","DemoMod:DoubleSwitch"],"picked":"SKIP","floor":38.0},{"not_picked":["DemoMod:Ejector","DemoMod:ProbeStrike"],"picked":"DemoMod:ConditionalReflex+1","floor":39.0},{"not_picked":["DemoMod:CombinedRifle","DemoMod:HuntsMan+1"],"picked":"DemoMod:PotionOfGunFriendShip+1","floor":41.0},{"not_picked":["DemoMod:DarkMarker","DemoMod:Desperate","DemoMod:Slinger"],"picked":"SKIP","floor":43.0},{"not_picked":["DemoMod:Eureka","DemoMod:BlackHoleGun"],"picked":"DemoMod:GunslingerForm","floor":45.0},{"not_picked":["DemoMod:FeignSurrender","DemoMod:Rummage+1"],"picked":"DemoMod:HardPowerCard+1","floor":45.0},{"not_picked":["DemoMod:DirectionalPad+1","DemoMod:AWP+1","DemoMod:FinishedGun"],"picked":"SKIP","floor":48}],"player_experience":273700,"relics_obtained":[{"floor":9.0,"key":"DemoMod:LichsEyeBullet"},{"floor":14.0,"key":"DemoMod:Metronome"},{"floor":23.0,"key":"DemoMod:HoleyGrail"},{"floor":25.0,"key":"DemoMod:MemoryAlloy"},{"floor":26.0,"key":"DemoMod:ClearGuonStone"},{"floor":27.0,"key":"DemoMod:GreenGuonStone"},{"floor":30.0,"key":"DemoMod:SevenLeafClover"},{"floor":41.0,"key":"Dead Branch"},{"floor":43.0,"key":"Turnip"},{"floor":43.0,"key":"DemoMod:Plus1Bullets"},{"floor":45.0,"key":"Peace Pipe"},{"floor":45.0,"key":"FossilizedHelix"}],"event_choices":[{"damage_healed":51.0,"max_hp_gain":0.0,"max_hp_loss":70.0,"gold_gain":0.0,"event_name":"betterThird:BetterShining","player_choice":"Upgrade","floor":4.0,"gold_loss":0.0,"damage_taken":14.0,"cards_upgraded":["DemoMod:SniperShot","DemoMod:ConditionalReflex"]},{"damage_healed":0.0,"max_hp_gain":0.0,"max_hp_loss":0.0,"gold_gain":0.0,"event_name":"betterThird:BetterGoop","player_choice":"Slimed","floor":5.0,"gold_loss":24.0,"damage_taken":11.0},{"damage_healed":0.0,"max_hp_gain":0.0,"max_hp_loss":0.0,"gold_gain":0.0,"event_name":"Addict","player_choice":"Obtained Relic","floor":22.0,"gold_loss":85.0,"damage_taken":0.0,"relics_obtained":["MealTicket"]},{"cards_removed":["DemoMod:CrossBow"],"damage_healed":0.0,"max_hp_gain":0.0,"max_hp_loss":0.0,"gold_gain":0.0,"event_name":"Purifier","player_choice":"Purged","floor":36.0,"gold_loss":0.0,"damage_taken":0.0},{"damage_healed":0.0,"max_hp_gain":0.0,"max_hp_loss":0.0,"gold_gain":0.0,"event_name":"Mysterious Sphere","player_choice":"Fight","floor":41.0,"gold_loss":0.0,"damage_taken":0.0},{"damage_healed":0.0,"max_hp_gain":0.0,"max_hp_loss":0.0,"gold_gain":0.0,"event_name":"The Woman in Blue","player_choice":"Bought 2 Potions","floor":47.0,"gold_loss":0.0,"damage_taken":0.0}],"is_beta":false,"boss_relics":[{"not_picked":["Philosopher\u0027s Stone","energizedSpire:RedRose"],"picked":"energizedSpire:HugeHouse"},{"not_picked":["Sozu","energizedSpire:StickyHand","energizedSpire:NeverEndingSparkler"]}],"items_purged_floors":[20],"is_endless":false,"potions_floor_spawned":[7,13,18,23,38,39,41],"ascension_level":10}}