{"host":"phniwng9zo19jwdb","time":1612983132,"event":{"mods":["AchievementEnabler","BaseMod","Colored Powertips","Dark Map","Faster Ascension Climbing","GifTheSpireLib","Minty Spire (QoL Compilation)","Permanent Neow","Rare Cards Sparkle","Relic Filter Mod","StSLib","Weighted Paths"],"gold_per_floor":[119,130,130,145,161,189,189,201,201,213,225,225],"floor_reached":11,"language":"ENG","playtime":355,"items_purged":[],"score":150,"play_id":"da406d06-f820-4a36-bf04-c95e914dd5e3","local_time":"20210210195212","is_ascension_mode":true,"campfire_choices":[{"floor":7,"key":"REST"},{"floor":10,"key":"REST"}],"circlet_count":0,"master_deck":["AscendersBane","Strike_G","Strike_G","Strike_G","Strike_G","Strike_G","Defend_G","Defend_G","Defend_G","Defend_G","Defend_G","Survivor","Neutralize","Bullet Time","Backflip","Distraction","Poisoned Stab","Crippling Poison"],"relics":["Ring of the Snake","Matryoshka","MawBank","The Specimen"],"acts_visited":["Exordium"],"potions_floor_usage":[6],"damage_taken":[{"damage":0,"enemies":"Small Slimes","floor":1,"turns":5},{"damage":9,"enemies":"Jaw Worm","floor":2,"turns":7},{"damage":8,"enemies":"Cultist","floor":4,"turns":5},{"damage":9,"enemies":"Red Slaver","floor":5,"turns":4},{"damage":30,"enemies":"Lagavulin","floor":6,"turns":7},{"damage":17,"enemies":"Large Slime","floor":8,"turns":9},{"damage":22,"enemies":"Gremlin Nob","floor":11,"turns":4}],"seed_played":"2432728575813377702","potions_obtained":[{"floor":2,"key":"DuplicationPotion"}],"is_trial":false,"path_per_floor":["M","M","?","M","M","E","R","M","T","R","E"],"character_chosen":"THE_SILENT","items_purchased":[],"campfire_rested":2,"item_purchase_floors":[],"current_hp_per_floor":[59,50,55,47,38,8,27,10,10,29,7,7],"gold":225,"neow_bonus":"THREE_RARE_CARDS","is_daily":false,"chose_seed":false,"campfire_upgraded":0,"win_rate":0.0,"timestamp":1612983132,"path_taken":["M","M","?","M","M","E","R","M","T","R","E"],"items_purchased_type":[],"build_version":"2020-12-22","purchased_purges":0,"victory":false,"max_hp_per_floor":[60,60,65,65,65,65,65,65,65,65,65,65],"card_choices":[{"not_picked":["Glass Knife","Unload"],"picked":"Bullet Time","floor":0},{"not_picked":["Deadly Poison","Bouncing Flask"],"picked":"Backflip","floor":1},{"not_picked":["Deflect","Bane"],"picked":"Distraction","floor":2},{"not_picked":["Blade Dance","Acrobatics"],"picked":"Poisoned Stab","floor":4},{"not_picked":["Skewer","Outmaneuver"],"picked":"Crippling Poison","floor":5},{"not_picked":["Dagger Throw","Storm of Steel","Quick Slash"],"picked":"SKIP","floor":6},{"not_picked":["Deadly Poison","Setup","Outmaneuver"],"picked":"SKIP","floor":8}],"player_experience":111887,"relics_obtained":[{"floor":6,"key":"Matryoshka"},{"floor":9,"key":"MawBank"},{"floor":9,"key":"The Specimen"}],"event_choices":[{"damage_healed":0,"gold_gain":0,"player_choice":"Donut","damage_taken":0,"max_hp_gain":5,"max_hp_loss":0,"event_name":"Big Fish","floor":3,"gold_loss":0}],"is_beta":false,"boss_relics":[],"items_purged_floors":[],"is_endless":false,"potions_floor_spawned":[2],"killed_by":"Gremlin Nob","ascension_level":20}}