{"host":"Cenci","time":1612943265,"event":{"mods":["BaseMod","Downfall","Highlight Path","Minty Spire (QoL Compilation)","StSLib","The Cursed"],"gold_per_floor":[112,125,135,146,146,180,180,195,271,74,122,139,172,172,172,172,172],"floor_reached":16,"language":"ENG","playtime":704,"items_purged":[],"score":112,"play_id":"0ffbf7fb-7f72-4c5e-a5a8-e99aafb95bf1","local_time":"20210210084745","is_ascension_mode":false,"campfire_choices":[{"data":"TheCursedMod:FleshFromBone","floor":7,"key":"SMITH"},{"floor":15,"key":"REST"}],"circlet_count":0,"master_deck":["TheCursedMod:Strike_TheCursed+1","TheCursedMod:Strike_TheCursed+1","TheCursedMod:Strike_TheCursed","TheCursedMod:Strike_TheCursed","TheCursedMod:Defend_TheCursed","TheCursedMod:Defend_TheCursed","TheCursedMod:Defend_TheCursed","TheCursedMod:Defend_TheCursed","TheCursedMod:CursedWand+1","TheCursedMod:CleanUpWorkshop","TheCursedMod:Dregs","TheCursedMod:SmokeScreen","TheCursedMod:SmokeScreen","TheCursedMod:CursedBlade","TheCursedMod:AshesToAshes","TheCursedMod:ForbiddenAlchemy","TheCursedMod:FleshFromBone+1","TheCursedMod:HellsGateOpen","TheCursedMod:DemonSword+1","TheCursedMod:CursedShiv+1","TheCursedMod:SurpriseAttack+1","TheCursedMod:CircleOfBlood"],"relics":["TheCursedMod:BlackMagic101","Whetstone","Molten Egg 2","Anchor"],"acts_visited":["Exordium"],"potions_floor_usage":[6,16,16],"damage_taken":[{"damage":0,"enemies":"2 Louse","floor":1,"turns":2},{"damage":1,"enemies":"Cultist","floor":2,"turns":3},{"damage":0,"enemies":"Small Slimes","floor":3,"turns":5},{"damage":14,"enemies":"Blue Slaver","floor":4,"turns":5},{"damage":32,"enemies":"Gremlin Nob","floor":6,"turns":6},{"damage":3,"enemies":"Looter","floor":8,"turns":3},{"damage":0,"enemies":"Lots of Slimes","floor":12,"turns":2},{"damage":9,"enemies":"3 Sentries","floor":13,"turns":5},{"damage":47,"enemies":"The Guardian","floor":16,"turns":7}],"seed_played":"-2197300966801931809","potions_obtained":[{"floor":1,"key":"GamblersBrew"},{"floor":2,"key":"EssenceOfSteel"},{"floor":12,"key":"PowerPotion"},{"floor":13,"key":"Dexterity Potion"}],"is_trial":false,"path_per_floor":["M","M","M","M","?","E","R","M","T","$","T","M","E","?","R","B"],"character_chosen":"THE_CURSED","items_purchased":["TheCursedMod:DemonSword+1","TheCursedMod:CursedShiv+1"],"campfire_rested":1,"item_purchase_floors":[10,10],"current_hp_per_floor":[75,74,74,60,60,28,28,25,25,25,25,25,16,16,38,0,0],"gold":172,"neow_bonus":"UPGRADE_CARD","is_daily":false,"chose_seed":false,"campfire_upgraded":1,"win_rate":0.0,"timestamp":1612943265,"path_taken":["M","M","M","M","?","E","R","M","T","$","?","M","E","?","R","BOSS"],"items_purchased_type":["Card","Card"],"build_version":"2020-11-17","purchased_purges":0,"victory":false,"max_hp_per_floor":[75,75,75,75,75,75,75,75,75,75,75,75,75,75,75,75,75],"card_choices":[{"not_picked":["TheCursedMod:TroublousMinions","TheCursedMod:Torture"],"picked":"TheCursedMod:SmokeScreen","floor":1},{"not_picked":["TheCursedMod:VitalStrike","TheCursedMod:Stretching"],"picked":"TheCursedMod:SmokeScreen","floor":2},{"not_picked":["TheCursedMod:DoubleShield","TheCursedMod:SmokeScreen","TheCursedMod:Torture"],"picked":"SKIP","floor":3},{"not_picked":["TheCursedMod:SmokeScreen","TheCursedMod:Stretching"],"picked":"TheCursedMod:CursedBlade","floor":4},{"not_picked":["TheCursedMod:CircleOfAmplification","TheCursedMod:RavingStaff"],"picked":"TheCursedMod:FleshFromBone","floor":6},{"not_picked":["TheCursedMod:StingEye","TheCursedMod:SpitefulPlan"],"picked":"TheCursedMod:HellsGateOpen","floor":8},{"not_picked":["TheCursedMod:SoulReap+1","TheCursedMod:RavingStaff+1"],"picked":"TheCursedMod:SurpriseAttack+1","floor":12},{"not_picked":["TheCursedMod:DoubleShield","TheCursedMod:Hemoplague"],"picked":"TheCursedMod:CircleOfBlood","floor":13}],"player_experience":305647,"relics_obtained":[{"floor":6,"key":"Whetstone"},{"floor":9,"key":"Molten Egg 2"},{"floor":11,"key":"Anchor"}],"event_choices":[{"damage_healed":0,"gold_gain":0,"player_choice":"2 cards matched","damage_taken":0,"max_hp_gain":0,"max_hp_loss":0,"event_name":"Match and Keep!","floor":5,"gold_loss":0,"cards_obtained":["TheCursedMod:AshesToAshes","TheCursedMod:ForbiddenAlchemy"]},{"damage_healed":0,"gold_gain":0,"player_choice":"Fled","damage_taken":0,"max_hp_gain":0,"max_hp_loss":0,"event_name":"Scrap Ooze","floor":14,"gold_loss":0}],"is_beta":true,"boss_relics":[],"items_purged_floors":[],"is_endless":false,"potions_floor_spawned":[1,2,12,13],"killed_by":"The Guardian","ascension_level":0}}