{"host":"k919bq8mkuzdqhzi","time":1612916371,"event":{"mods":["AchievementEnabler","BaseMod","Colored Map","Colored Powertips","DeckTracker","Minty Spire (QoL Compilation)","Relic Sorter","SuperFastMode"],"gold_per_floor":[219,219,176,186,204,204,215,215,239,239,239],"floor_reached":10,"language":"ENG","playtime":399,"items_purged":[],"score":58,"play_id":"a2c1be71-df6e-4886-bc29-f19ee9cca72a","local_time":"20210209191931","is_ascension_mode":false,"campfire_choices":[{"data":"Zap","floor":6,"key":"SMITH"},{"data":"Dualcast","floor":8,"key":"SMITH"}],"circlet_count":0,"master_deck":["Strike_B","Strike_B","Strike_B","Strike_B","Defend_B","Defend_B","Defend_B","Defend_B","Zap+1","Dualcast+1","Hello World","Steam","Stack","Conserve Battery"],"relics":["Cracked Core","Art of War","Bag of Preparation"],"acts_visited":["Exordium"],"potions_floor_usage":[7,10],"damage_taken":[{"damage":2,"enemies":"Small Slimes","floor":1,"turns":3},{"damage":9,"enemies":"2 Louse","floor":4,"turns":3},{"damage":0,"enemies":"Jaw Worm","floor":5,"turns":3},{"damage":8,"enemies":"3 Louse","floor":7,"turns":4},{"damage":64,"enemies":"Gremlin Nob","floor":10,"turns":5}],"seed_played":"-4914944990116696744","potions_obtained":[{"floor":1,"key":"Regen Potion"},{"floor":5,"key":"SkillPotion"}],"is_trial":false,"path_per_floor":["M","?","?","M","M","R","M","R","T","E"],"character_chosen":"DEFECT","items_purchased":[],"campfire_rested":0,"item_purchase_floors":[],"current_hp_per_floor":[73,61,61,52,52,52,53,53,53,0,0],"gold":239,"neow_bonus":"HUNDRED_GOLD","is_daily":false,"chose_seed":false,"campfire_upgraded":2,"win_rate":0.0,"timestamp":1612916371,"path_taken":["M","?","?","M","M","R","M","R","T","E"],"items_purchased_type":[],"build_version":"2020-12-22","purchased_purges":0,"victory":false,"max_hp_per_floor":[75,75,75,75,75,75,75,75,75,75,75],"card_choices":[{"not_picked":["Fusion","Sunder"],"picked":"Hello World","floor":1},{"not_picked":["Fusion","Hologram"],"picked":"Steam","floor":4},{"not_picked":["Steam Power","Compile Driver"],"picked":"Stack","floor":5},{"not_picked":["Streamline","White Noise"],"picked":"Conserve Battery","floor":7}],"player_experience":138965,"relics_obtained":[{"floor":9,"key":"Bag of Preparation"}],"event_choices":[{"damage_healed":0,"gold_gain":0,"player_choice":"Success","damage_taken":12,"relics_obtained":["Art of War"],"max_hp_gain":0,"max_hp_loss":0,"event_name":"Scrap Ooze","floor":2,"gold_loss":0},{"damage_healed":0,"gold_gain":0,"player_choice":"Left Gold","damage_taken":0,"max_hp_gain":0,"max_hp_loss":0,"event_name":"World of Goop","floor":3,"gold_loss":43}],"is_beta":false,"boss_relics":[],"items_purged_floors":[],"is_endless":false,"potions_floor_spawned":[1,5],"killed_by":"Gremlin Nob","ascension_level":0}}