{"host":"0kk91h4bq4kgfj0u","time":1612985200,"event":{"mods":["BaseMod","Bestiary","Block Reminder","Colored Map","Colored Powertips","Curses Come First","Highlight Path","Minty Spire (QoL Compilation)","Relic Stats","StSLib"],"gold_per_floor":[111,123,135,135,155,180,199,199,199,224,224,224,224,238,238,363,363,349,349,374,374,374],"floor_reached":21,"language":"ENG","playtime":1691,"items_purged":[],"score":277,"play_id":"dd2d5582-a7a9-4d1d-9705-a59e833f30ad","local_time":"20210210142640","is_ascension_mode":true,"campfire_choices":[{"floor":8,"key":"REST"},{"floor":15,"key":"REST"}],"circlet_count":0,"master_deck":["Strike_R","Strike_R","Strike_R","Strike_R","Strike_R+1","Defend_R","Defend_R","Defend_R","Defend_R","Bash","Regret","Sadistic Nature+1","Cleave","Anger","Perfected Strike","Inflame+1","Flame Barrier","Uppercut","Clothesline","Injury","Armaments","Feed","Heavy Blade","Fire Breathing"],"relics":["Burning Blood","StoneCalendar","Gremlin Horn","Golden Idol","SlaversCollar"],"acts_visited":["Exordium","TheCity"],"potions_floor_usage":[16],"damage_taken":[{"damage":16,"enemies":"Cultist","floor":1,"turns":4},{"damage":8,"enemies":"Small Slimes","floor":2,"turns":3},{"damage":2,"enemies":"2 Louse","floor":3,"turns":2},{"damage":15,"enemies":"Blue Slaver","floor":5,"turns":4},{"damage":26,"enemies":"3 Sentries","floor":6,"turns":6},{"damage":0,"enemies":"Large Slime","floor":7,"turns":3},{"damage":27,"enemies":"Gremlin Nob","floor":10,"turns":4},{"damage":2,"enemies":"3 Louse","floor":14,"turns":2},{"damage":32,"enemies":"Hexaghost","floor":16,"turns":9},{"damage":28,"enemies":"2 Thieves","floor":18,"turns":4},{"damage":6,"enemies":"3 Byrds","floor":20,"turns":2},{"damage":13,"enemies":"Snecko","floor":21,"turns":3}],"seed_played":"-3777477891495877561","potions_obtained":[{"floor":1,"key":"Swift Potion"},{"floor":6,"key":"PowerPotion"},{"floor":7,"key":"FearPotion"},{"floor":16,"key":"Dexterity Potion"}],"is_trial":false,"path_per_floor":["M","M","M","?","M","E","M","R","T","E","?","?","?","M","R","B",null,"M","?","M","M"],"character_chosen":"IRONCLAD","items_purchased":[],"campfire_rested":2,"item_purchase_floors":[],"current_hp_per_floor":[62,60,64,64,55,35,41,65,65,44,28,28,28,32,56,30,68,46,46,49,36,36],"gold":374,"neow_bonus":"RANDOM_COLORLESS_2","is_daily":false,"chose_seed":false,"campfire_upgraded":0,"win_rate":0.0,"timestamp":1612985200,"path_taken":["M","M","?","?","M","E","M","R","T","E","?","?","?","M","R","BOSS","M","?","M","M"],"items_purchased_type":[],"build_version":"2020-12-22","purchased_purges":0,"victory":false,"max_hp_per_floor":[80,80,80,80,80,80,80,80,80,80,80,80,80,80,80,80,80,80,80,83,83,83],"relic_stats":{"Gremlin Horn":[5,5],"counters":[12,46],"Golden Idol":36,"StoneCalendar":[52],"obtain_stats":[{"SlaversCollar":17,"Gremlin Horn":10,"Golden Idol":12,"StoneCalendar":6,"Burning Blood":0},{"SlaversCollar":9,"Gremlin Horn":7,"Golden Idol":7,"StoneCalendar":5,"Burning Blood":0},{"SlaversCollar":37,"Gremlin Horn":26,"Golden Idol":26,"StoneCalendar":19,"Burning Blood":0}],"Burning Blood":66},"card_choices":[{"not_picked":["Secret Weapon","HandOfGreed"],"picked":"Sadistic Nature","floor":0},{"not_picked":["Twin Strike","Perfected Strike"],"picked":"Cleave","floor":1},{"not_picked":["Rampage","Thunderclap"],"picked":"Anger","floor":2},{"not_picked":["Hemokinesis","Battle Trance"],"picked":"Perfected Strike","floor":3},{"not_picked":["Disarm","Burning Pact"],"picked":"Inflame","floor":5},{"not_picked":["Brutality","Heavy Blade"],"picked":"Flame Barrier","floor":6},{"not_picked":["True Grit","Iron Wave"],"picked":"Uppercut","floor":7},{"not_picked":["Uppercut","Bloodletting"],"picked":"Clothesline","floor":10},{"not_picked":["Bloodletting","Clothesline"],"picked":"Armaments","floor":14},{"not_picked":["Bludgeon","Impervious"],"picked":"Feed","floor":16},{"not_picked":["Thunderclap","Perfected Strike"],"picked":"Heavy Blade","floor":18},{"not_picked":["Disarm","Blood for Blood+1","Clothesline"],"picked":"SKIP","floor":20}],"player_experience":869606,"relics_obtained":[{"floor":6,"key":"StoneCalendar"},{"floor":10,"key":"Gremlin Horn"}],"event_choices":[{"damage_healed":0,"gold_gain":0,"player_choice":"Grow","damage_taken":0,"max_hp_gain":0,"max_hp_loss":0,"event_name":"Living Wall","floor":4,"gold_loss":0,"cards_upgraded":["Sadistic Nature"]},{"damage_healed":0,"gold_gain":0,"player_choice":"Entered Light","damage_taken":16,"max_hp_gain":0,"max_hp_loss":0,"event_name":"Shining Light","floor":11,"gold_loss":0,"cards_upgraded":["Inflame","Strike_R"]},{"damage_healed":0,"gold_gain":0,"player_choice":"Take Wound","damage_taken":0,"relics_obtained":["Golden Idol"],"max_hp_gain":0,"max_hp_loss":0,"event_name":"Golden Idol","floor":12,"gold_loss":0,"cards_obtained":["Injury"]},{"damage_healed":0,"gold_gain":0,"player_choice":"Ignored","damage_taken":0,"max_hp_gain":0,"max_hp_loss":0,"event_name":"Liars Game","floor":13,"gold_loss":0},{"damage_healed":0,"gold_gain":0,"player_choice":"Read","damage_taken":0,"max_hp_gain":0,"max_hp_loss":0,"event_name":"The Library","floor":19,"gold_loss":0,"cards_obtained":["Fire Breathing"]}],"is_beta":false,"boss_relics":[{"not_picked":["Fusion Hammer","Sozu"],"picked":"SlaversCollar"}],"items_purged_floors":[],"is_endless":false,"potions_floor_spawned":[1,6,7,16,18],"killed_by":"Snecko","ascension_level":9}}