{"host":"74rphcgmhz43g39u","time":1612955901,"event":{"mods":["Act Like it!","BaseMod","Gensokyo","Minty Spire (QoL Compilation)","Quick Restart","Remilia£®¿Ÿ√◊¿Ú—«£©","StSLib"],"gold_per_floor":[362,13,23,34,34,34,268,268,268,279,307,324,349,387,387,462,462,478,428,438,453,136,136,161,481,551,551,551,567,567,599,599,670,670,681,681,697,697,710,742,742,769,769,138,138,78,113,127,127,127,147,147,147,47,76,76],"floor_reached":57,"language":"ZHS","playtime":3989,"items_purged":["Defend_RM","Defend_RM"],"score":3190,"play_id":"a5352b15-c4ea-469a-83fd-c79c2b473518","local_time":"20210210191821","is_ascension_mode":true,"campfire_choices":[{"data":"ScarletDevilSign","floor":6.0,"key":"SMITH"},{"data":"UltimateOffering","floor":8.0,"key":"SMITH"},{"data":"ScarletSymphony","floor":15.0,"key":"SMITH"},{"data":"CurseOfVladTepes","floor":23.0,"key":"SMITH"},{"data":"RedMagic","floor":27.0,"key":"SMITH"},{"data":"SuperhumanBloodyKnife","floor":30.0,"key":"SMITH"},{"data":"BloodyHallows","floor":32.0,"key":"SMITH"},{"data":"BatForm","floor":41.0,"key":"SMITH"},{"data":"ScarletMeister","floor":45,"key":"SMITH"},{"floor":49,"key":"RECALL"},{"data":"Gensokyo:ShootingStar","floor":53,"key":"SMITH"}],"circlet_count":0,"master_deck":["AscendersBane","Strike_RM+1","Defend_RM","Defend_RM","RedMoon","ScarletShoot","UltimateOffering+1","ScarletDevilSign+1","NightDance","NightLord+1","ScarletSymphony+1","CurseOfVladTepes+1","ScarletMeister+1","RedMagic+1","SuperhumanBloodyKnife+1","BloodyHallows+1","VampireSweep+1","ForbiddenFruit+1","Gensokyo:ShootingStar+1","BatForm+1","ScarletGensokyo+1","Gensokyo:CustomPotion"],"relics":["ScarletHat","Medical Kit","Regal Pillow","InkBottle","CaptainsWheel","Incense Burner","Question Card","Happy Flower","ScarletEmblem","ScarletDevilRocket","OrangePellets","Matryoshka","Juzu Bracelet","Potion Belt","Molten Egg 2","Gensokyo:RedStar","Nunchaku","Centennial Puzzle","Busted Crown","Mummified Hand","Mango","Bottled Flame","Mercury Hourglass","Toxic Egg 2","Singing Bowl","Orrery","Oddly Smooth Stone","Letter Opener","Blood Vial"],"acts_visited":["Exordium","Gensokyo:Gensokyo","Gensokyo:Gensokyoer","TheEnding"],"potions_floor_usage":[50,56,56,56,56,56,56],"damage_taken":[{"damage":0.0,"enemies":"Gensokyo:Python","floor":1.0,"turns":3.0},{"damage":8.0,"enemies":"Gensokyo:3_Fairies","floor":3.0,"turns":9.0},{"damage":7.0,"enemies":"Gensokyo:Gryphon","floor":4.0,"turns":7.0},{"damage":29.0,"enemies":"Gensokyo:Aya","floor":7.0,"turns":7.0},{"damage":6.0,"enemies":"Gensokyo:LivingMonolith","floor":10.0,"turns":5.0},{"damage":8.0,"enemies":"Gensokyo:Mamizou","floor":11.0,"turns":14.0},{"damage":0.0,"enemies":"Gensokyo:Kitsune","floor":12.0,"turns":6.0},{"damage":0.0,"enemies":"Gensokyo:Cirno","floor":13.0,"turns":5.0},{"damage":0.0,"enemies":"Gensokyo:VengefulSpirit","floor":14.0,"turns":5.0},{"damage":13.0,"enemies":"Gensokyo:Kokoro","floor":16.0,"turns":11.0},{"damage":2.0,"enemies":"Gensokyo:Chomper","floor":18.0,"turns":3.0},{"damage":1.0,"enemies":"Gensokyo:AngelMirror","floor":20.0,"turns":3.0},{"damage":28.0,"enemies":"Gensokyo:Wraith","floor":21.0,"turns":5.0},{"damage":23.0,"enemies":"Gensokyo:Reisen","floor":24.0,"turns":5.0},{"damage":0.0,"enemies":"Gensokyo:Swordslinger","floor":25.0,"turns":4.0},{"damage":10.0,"enemies":"Gensokyo:Slime_Group","floor":29.0,"turns":4.0},{"damage":16.0,"enemies":"Gensokyo:Koishi","floor":31.0,"turns":6.0},{"damage":18.0,"enemies":"Gensokyo:Kaguya","floor":33.0,"turns":7.0},{"damage":13.0,"enemies":"Gensokyo:3_Bats","floor":35.0,"turns":2.0},{"damage":24.0,"enemies":"Gensokyo:AncientGuardian","floor":37.0,"turns":2.0},{"damage":19.0,"enemies":"Gensokyo:Rafflesia","floor":39.0,"turns":3.0},{"damage":25.0,"enemies":"Gensokyo:Doremy","floor":40.0,"turns":4.0},{"damage":19.0,"enemies":"Gensokyo:Kasen","floor":42.0,"turns":2.0},{"damage":7,"enemies":"Gensokyo:Marisa","floor":47,"turns":4},{"damage":34,"enemies":"Gensokyo:Dusk_and_Dawn","floor":48,"turns":3},{"damage":67,"enemies":"Gensokyo:Shinki","floor":50,"turns":4},{"damage":50,"enemies":"Gensokyo:Yuyuko","floor":51,"turns":6},{"damage":67,"enemies":"Shield and Spear","floor":55,"turns":2},{"damage":81,"enemies":"The Heart","floor":56,"turns":4}],"seed_played":"101802371609706122","potions_obtained":[{"floor":7.0,"key":"FairyPotion"},{"floor":11.0,"key":"SpeedPotion"},{"floor":12.0,"key":"Block Potion"},{"floor":13.0,"key":"Strength Potion"},{"floor":14.0,"key":"EntropicBrew"},{"floor":16.0,"key":"DestinyDice"},{"floor":29.0,"key":"LiquidMemories"},{"floor":31.0,"key":"ColorlessPotion"},{"floor":37.0,"key":"EssenceOfSteel"},{"floor":39.0,"key":"Dexterity Potion"},{"floor":55,"key":"Block Potion"},{"floor":55,"key":"DestinyDice"}],"is_trial":false,"path_per_floor":["M","COS","M","M","$","R","E","R","T","M","E","M","E","M","R","B",null,"M","?","M","M","COS","R","E","M","T","R","?","M","R","E","R","B",null,"M","?","M","?","M","E","R","E","T","$","R","?","E","M","R","B","B",null,"R","$","E","B",null],"character_chosen":"REMILIA","items_purchased":["Singing Bowl","Orrery","EntropicBrew"],"campfire_rested":0,"item_purchase_floors":[44,44,44],"current_hp_per_floor":[63,63,55,50,50,50,26,26,26,23,20,22,22,24,24,24,53,54,61,62,36,36,36,21,29,29,29,29,26,26,18,18,58,67,57,57,33,16,38,48,48,42,42,50,50,50,68,46,46,74,74,91,91,91,41,41],"gold":76,"neow_bonus":"TWO_FIFTY_GOLD","is_daily":false,"chose_seed":false,"campfire_upgraded":10,"win_rate":0.0,"timestamp":1612955901,"path_taken":["M","COS","M","M","?","R","E","R","T","M","E","M","E","M","R","BOSS","M","?","M","M","COS","R","E","M","T","R","?","M","R","E","R","BOSS","M","?","M","?","M","E","R","E","T","$","R","?","E","M","R","BOSS","BOSS","R","$","E","BOSS"],"items_purchased_type":["Relic","Relic","Potion"],"build_version":"2020-12-22","purchased_purges":2,"victory":true,"max_hp_per_floor":[63,63,63,63,63,63,63,63,63,63,63,63,63,63,63,63,63,63,70,70,70,70,70,70,70,70,70,70,70,70,70,70,70,70,70,70,70,70,70,84,84,84,84,92,92,92,94,96,96,96,96,96,96,96,98,98],"card_choices":[{"not_picked":["BloodHunter","BlasphemousPunishment"],"picked":"UltimateOffering","floor":1.0},{"not_picked":["BloodAndWine","UnderTheZenith","VampirishNight"],"picked":"SKIP","floor":3.0},{"not_picked":["BloodAndWine","UnderTheZenith","VampirishNight"],"picked":"SKIP","floor":3.0},{"not_picked":["ScarletDevil","BloodHunter"],"picked":"ScarletDevilSign","floor":4.0},{"not_picked":["VampireKiss","MastersStateliness","ScarletImprint"],"picked":"SKIP","floor":7.0},{"not_picked":["Ultimatum","ScarletDevil"],"picked":"NightDance","floor":10.0},{"not_picked":["BatForm","NightDance"],"picked":"NightLord","floor":11.0},{"not_picked":["VampireKiss","EndlessAdversity","FavorOfDestiny"],"picked":"ScarletSymphony","floor":12.0},{"not_picked":["NightDance","EternalNight","ReincarnationDial"],"picked":"CurseOfVladTepes","floor":13.0},{"not_picked":["ScarletDevil","VampireFantasy","NightDance","BlasphemousPunishment"],"picked":"SKIP","floor":14.0},{"not_picked":["EquivalentExchange","ScarletCoffin","CeilingFear"],"picked":"ScarletMeister","floor":16.0},{"not_picked":["UnstableMagic","Stigmanizer","MastersStateliness"],"picked":"RedMagic","floor":18.0},{"not_picked":["EndlessAdversity","CharismaGuard","BloodyMagicSquare","BloodHunter"],"picked":"SKIP","floor":20.0},{"not_picked":["ScarletDevil","BlasphemousPunishment","VampireKiss","FavorOfDestiny"],"picked":"SKIP","floor":21.0},{"not_picked":["NightDance","BloodyMagicSquare","MiserableFate","UnderTheZenith"],"picked":"SKIP","floor":24.0},{"not_picked":["TwelveNightmare","StarOfDavid+1","Stigmanizer"],"picked":"SuperhumanBloodyKnife","floor":25.0},{"not_picked":["BloodRain","BloodyCatastrophe","TricksterDevil"],"picked":"BloodyHallows","floor":29.0},{"not_picked":["UnderTheZenith","EndlessAdversity+1","VampireFantasy"],"picked":"VampireSweep+1","floor":29.0},{"not_picked":["BloodHunter","MastersStateliness+1","UnstableMagic"],"picked":"ForbiddenFruit+1","floor":31.0},{"not_picked":[],"picked":"Gensokyo:ShootingStar","floor":33.0},{"not_picked":["BloodySeventeenLaser+1","ScarletCoffin+1","HellCatastrophe+1"],"picked":"BatForm","floor":33.0},{"not_picked":["MiserableFate","ScarletDevilSign+1"],"picked":"SKIP","floor":35.0},{"not_picked":["ScarletSymphony","VampireKiss+1"],"picked":"SKIP","floor":37.0},{"not_picked":["DiffusionOfMisfortune+1","ScarletDevil+1"],"picked":"SKIP","floor":39.0},{"not_picked":["UnstableMagic","Stigmanizer+1"],"picked":"SKIP","floor":39.0},{"not_picked":["RedRainbow+1","BloodHunter"],"picked":"SKIP","floor":40.0},{"not_picked":["MastersStateliness","UnderTheZenith"],"picked":"SKIP","floor":42.0},{"not_picked":["BloodRain+1","RedNightlessCastle+1"],"picked":"Singing Bowl","floor":44},{"not_picked":["EndlessAdversity+1"],"picked":"ScarletGensokyo+1","floor":44},{"not_picked":["NightDance+1","EmergencyRegeneration+1"],"picked":"Singing Bowl","floor":44},{"not_picked":["ScarletDevil+1","FavorOfDestiny+1"],"picked":"Singing Bowl","floor":44},{"not_picked":["ScarletGensokyo+1","ScarletSymphony+1"],"picked":"Singing Bowl","floor":44},{"not_picked":["NightDance+1","BlasphemousPunishment+1"],"picked":"Singing Bowl","floor":47},{"not_picked":["DiffusionOfMisfortune+1","BombardNight+1"],"picked":"Singing Bowl","floor":48},{"not_picked":["EndlessAdversity+1","BombardNight+1"],"picked":"Singing Bowl","floor":55}],"player_experience":855607,"relics_obtained":[{"floor":7.0,"key":"CaptainsWheel"},{"floor":11.0,"key":"Question Card"},{"floor":13.0,"key":"Happy Flower"},{"floor":21.0,"key":"ScarletDevilRocket"},{"floor":24.0,"key":"Matryoshka"},{"floor":26.0,"key":"Potion Belt"},{"floor":26.0,"key":"Molten Egg 2"},{"floor":31.0,"key":"Centennial Puzzle"},{"floor":40.0,"key":"Mango"},{"floor":42.0,"key":"Bottled Flame"},{"floor":43.0,"key":"Mercury Hourglass"},{"floor":43.0,"key":"Toxic Egg 2"},{"floor":47,"key":"Oddly Smooth Stone"},{"floor":55,"key":"Letter Opener"},{"floor":55,"key":"Blood Vial"}],"event_choices":[],"is_beta":false,"boss_relics":[{"not_picked":["Cursed Key","Coffee Dripper"],"picked":"ScarletEmblem"},{"not_picked":["Snecko Eye","Fusion Hammer"],"picked":"Busted Crown"}],"items_purged_floors":[44,54],"is_endless":false,"potions_floor_spawned":[7,11,12,13,14,16,20,21,29,31,37,39],"ascension_level":20}}