{"host":"nlowmoq7gy18n72d","time":1612968285,"event":{"mods":["BaseMod","Colored Powertips","Conspire","Downfall","Hermit","Highlight Path","Infinite Spire","Jorbs\u0027s Wanderer Trilogy","Minty Spire (QoL Compilation)","Rare Cards Sparkle","Replay The Spire","StSLib","The Cursed","The Hierophant"],"gold_per_floor":[99,115,115,127,190,217,217,217,246,264,284,299,299,299,299],"floor_reached":13,"language":"ENG","playtime":417,"items_purged":[],"score":100,"play_id":"e26a1ba6-a69b-4648-be03-1545ef7a047a","local_time":"20210210174445","is_ascension_mode":true,"campfire_choices":[{"data":"Slimebound:CorrosiveSpit","floor":1,"key":"SMITH"}],"circlet_count":0,"master_deck":["Slimebound:Strike_Slimebound","Slimebound:Strike_Slimebound","Slimebound:Strike_Slimebound","Slimebound:Tackle","Slimebound:Defend_Slimebound","Slimebound:Defend_Slimebound","Slimebound:Defend_Slimebound","Slimebound:Defend_Slimebound","Slimebound:Split+1","Slimebound:CorrosiveSpit+1","Slimebound:LivingWall","Slimebound:CorrosiveSpit+1","Slimebound:LeechingTouch","Slimebound:ViciousTackle","Slimebound:DuplicatedForm","Slimebound:GoopSpray","Slimebound:Gluttony"],"relics":["Slimebound:AbsorbEndCombat","Orichalcum","Bottled Lightning","Guardian:PocketSentry","hexamod:BolsterEngine"],"acts_visited":["Exordium"],"potions_floor_usage":[9],"damage_taken":[{"damage":0,"enemies":"Small Slimes","floor":2,"turns":3},{"damage":0,"enemies":"Cultist","floor":4,"turns":3},{"damage":16,"enemies":"Lagavulin Event","floor":5,"turns":6},{"damage":18,"enemies":"Gremlin Nob","floor":6,"turns":4},{"damage":8,"enemies":"Lagavulin","floor":9,"turns":5},{"damage":0,"enemies":"2 Louse","floor":10,"turns":3},{"damage":3,"enemies":"3 Louse","floor":11,"turns":3},{"damage":3,"enemies":"Red Slaver","floor":12,"turns":3},{"damage":30,"enemies":"3 Sentries","floor":13,"turns":2}],"seed_played":"1498493057541138462","potions_obtained":[{"floor":2,"key":"Elixir"},{"floor":6,"key":"Slimebound:SlimyTonguePotion"},{"floor":9,"key":"Fire Potion"},{"floor":11,"key":"Weak Potion"}],"is_trial":false,"path_per_floor":["R","M","?","M","?","E","T","?","E","M","M","M","E"],"character_chosen":"SLIMEBOUND","items_purchased":[],"campfire_rested":0,"item_purchase_floors":[],"current_hp_per_floor":[65,65,65,65,55,45,45,27,23,25,26,27,0,0,0],"gold":299,"neow_bonus":"UPGRADE_CARD","is_daily":false,"chose_seed":false,"campfire_upgraded":1,"win_rate":0.0,"timestamp":1612968285,"path_taken":["R","M","?","?","?","E","T","?","E","M","M","M","E"],"items_purchased_type":[],"build_version":"2020-12-22","purchased_purges":0,"victory":false,"max_hp_per_floor":[65,65,65,65,65,65,65,65,65,65,65,65,65,65,65],"card_choices":[{"not_picked":["Slimebound:RainOfGoop","Slimebound:SplitBruiser"],"picked":"Slimebound:LivingWall","floor":2},{"not_picked":["Slimebound:Chomp","Slimebound:GoopSpray"],"picked":"Slimebound:LeechingTouch","floor":4},{"not_picked":["Slimebound:LeechingTouch","Slimebound:SlimeTap"],"picked":"Slimebound:ViciousTackle","floor":6},{"not_picked":["Slimebound:MegaLick","Slimebound:Equalize"],"picked":"Slimebound:DuplicatedForm","floor":9},{"not_picked":["Slimebound:LeechingTouch","Slimebound:LeechEnergy"],"picked":"Slimebound:GoopSpray","floor":10},{"not_picked":["Slimebound:FlameTackle","Slimebound:HungryTackle","Slimebound:ForwardTackle"],"picked":"SKIP","floor":11},{"not_picked":["Slimebound:ViciousTackle","Slimebound:GoopTackle"],"picked":"Slimebound:Gluttony","floor":12}],"player_experience":774367,"relics_obtained":[{"floor":5,"key":"Orichalcum"},{"floor":6,"key":"Bottled Lightning"},{"floor":9,"key":"hexamod:BolsterEngine"}],"event_choices":[{"damage_healed":0,"gold_gain":0,"player_choice":"Success","damage_taken":18,"relics_obtained":["Guardian:PocketSentry"],"max_hp_gain":0,"max_hp_loss":0,"event_name":"Scrap Ooze","floor":8,"gold_loss":0}],"is_beta":false,"boss_relics":[],"items_purged_floors":[],"is_endless":false,"potions_floor_spawned":[2,6,9,11],"killed_by":"3 Sentries","ascension_level":1}}