{"host":"p4v0hquynnreu717","time":1612964018,"event":{"mods":["BaseMod","Better Vampires","DeckTracker","Googly Eyes","Minty Spire (QoL Compilation)","Quick Restart","StSLib","SuperFastMode"],"gold_per_floor":[113,38,38,38,51,78,78,104,127,127,139,149,177,191,191,266,266,283,283,183,194,44,44,56,56,82,82,82,116,116,132,132,207,207,222,234,244,33,33,66,76,76,154,21,53,85,85,113,113,113,113,113,38,65,65],"floor_reached":56,"language":"ZHS","playtime":2115,"items_purged":["Defend_P","Strike_P","SignatureMove+1"],"score":2402,"play_id":"89d2d084-c6fc-4328-9365-dec9b5130fe7","local_time":"20210210213338","is_ascension_mode":true,"campfire_choices":[{"data":"Eruption","floor":7.0,"key":"SMITH"},{"data":"SignatureMove","floor":10.0,"key":"SMITH"},{"data":"TalkToTheHand","floor":15.0,"key":"SMITH"},{"data":"Wallop","floor":23.0,"key":"SMITH"},{"floor":28.0,"key":"REST"},{"floor":30.0,"key":"REST"},{"data":"Adaptation","floor":32.0,"key":"SMITH"},{"floor":47.0,"key":"RECALL"},{"data":"Adaptation","floor":49.0,"key":"SMITH"},{"data":"Vault","floor":52.0,"key":"SMITH"}],"circlet_count":0,"master_deck":["AscendersBane","Eruption+1","Vigilance+1","TalkToTheHand+1","Crescendo+1","Indignation+1","Scrawl","Adaptation+1","Adaptation+1","Vault+1","TalkToTheHand","LessonLearned+1","Adaptation+1","ClearTheMind","DevaForm"],"relics":["PureWater","NeowsBlessing","Juzu Bracelet","Lizard Tail","PreservedInsect","Omamori","VioletLotus","Membership Card","Bag of Preparation","InkBottle","Pandora\u0027s Box","WingedGreaves","MealTicket","Pen Nib","Dream Catcher","Akabeko","Happy Flower","Toy Ornithopter","Torii"],"acts_visited":["Exordium","TheCity","TheBeyond","TheEnding"],"potions_floor_usage":[55,55],"damage_taken":[{"damage":0.0,"enemies":"Cultist","floor":1.0,"turns":1.0},{"damage":0.0,"enemies":"Jaw Worm","floor":5.0,"turns":1.0},{"damage":0.0,"enemies":"3 Sentries","floor":6.0,"turns":2.0},{"damage":26.0,"enemies":"Lagavulin","floor":8.0,"turns":8.0},{"damage":1.0,"enemies":"2 Louse","floor":11.0,"turns":5.0},{"damage":0.0,"enemies":"2 Fungi Beasts","floor":12.0,"turns":2.0},{"damage":10.0,"enemies":"Gremlin Nob","floor":13.0,"turns":4.0},{"damage":0.0,"enemies":"Large Slime","floor":14.0,"turns":3.0},{"damage":9.0,"enemies":"Hexaghost","floor":16.0,"turns":4.0},{"damage":17.0,"enemies":"Spheric Guardian","floor":18.0,"turns":4.0},{"damage":11.0,"enemies":"3 Byrds","floor":21.0,"turns":5.0},{"damage":4.0,"enemies":"Snecko","floor":24.0,"turns":6.0},{"damage":33.0,"enemies":"Slavers","floor":29.0,"turns":5.0},{"damage":0.0,"enemies":"Snake Plant","floor":31.0,"turns":2.0},{"damage":16.0,"enemies":"Automaton","floor":33.0,"turns":3.0},{"damage":1.0,"enemies":"3 Shapes","floor":35.0,"turns":4.0},{"damage":8.0,"enemies":"Orb Walker","floor":36.0,"turns":3.0},{"damage":0.0,"enemies":"Transient","floor":37.0,"turns":5.0},{"damage":0.0,"enemies":"Nemesis","floor":40.0,"turns":2.0},{"damage":2.0,"enemies":"Spire Growth","floor":41.0,"turns":3.0},{"damage":5.0,"enemies":"Giant Head","floor":45.0,"turns":2.0},{"damage":0.0,"enemies":"Nemesis","floor":46.0,"turns":2.0},{"damage":0.0,"enemies":"Reptomancer","floor":48.0,"turns":3.0},{"damage":0.0,"enemies":"Awakened One","floor":50.0,"turns":3.0},{"damage":0,"enemies":"Shield and Spear","floor":54,"turns":3},{"damage":26,"enemies":"The Heart","floor":55,"turns":6}],"seed_played":"5091001336181405118","potions_obtained":[{"floor":5.0,"key":"Block Potion"},{"floor":8.0,"key":"LiquidMemories"},{"floor":14.0,"key":"AttackPotion"},{"floor":16.0,"key":"Energy Potion"},{"floor":18.0,"key":"ColorlessPotion"},{"floor":33.0,"key":"EntropicBrew"},{"floor":36.0,"key":"Strength Potion"},{"floor":37.0,"key":"CultistPotion"},{"floor":46.0,"key":"StancePotion"}],"is_trial":false,"path_per_floor":["M","$","?","$","M","E","R","E","T","R","M","M","E","M","R","B",null,"M","?","$","M","$","R","M","?","T","?","R","E","R","M","R","B",null,"M","M","M","$","?","E","M","$","T","$","E","E","R","E","R","B",null,"R","$","E","B",null],"character_chosen":"WATCHER","items_purchased":["Membership Card","WingedGreaves","Adaptation","ClearTheMind","Pen Nib","Toy Ornithopter"],"campfire_rested":2,"item_purchase_floors":[22,38,44,44,44,53],"current_hp_per_floor":[61,61,61,61,61,61,61,35,35,35,34,34,24,24,24,15,55,38,38,38,27,27,27,23,23,23,23,43,10,30,30,30,14,55,54,46,46,46,46,46,44,59,59,68,63,63,63,63,63,63,67,67,68,68,51],"gold":65,"neow_bonus":"THREE_ENEMY_KILL","is_daily":false,"chose_seed":false,"campfire_upgraded":7,"win_rate":0.0,"timestamp":1612964018,"path_taken":["M","?","?","?","M","E","R","E","T","R","M","M","E","M","R","BOSS","M","?","$","M","$","R","M","?","T","?","R","E","R","M","R","BOSS","M","M","M","$","?","E","M","$","T","$","E","E","R","E","R","BOSS","R","$","E","BOSS"],"items_purchased_type":["Relic","Relic","Card","Card","Relic","Relic"],"build_version":"2020-12-22","purchased_purges":3,"victory":true,"max_hp_per_floor":[68,68,68,68,68,68,68,68,68,68,68,68,68,68,68,68,68,68,68,68,68,68,68,68,68,68,68,68,68,68,68,68,68,68,68,68,68,68,68,68,68,68,68,68,68,68,68,68,68,68,68,68,68,68,68],"card_choices":[{"not_picked":["PathToVictory","EmptyFist"],"picked":"Wallop","floor":1.0},{"not_picked":["Prostrate","ClearTheMind"],"picked":"SignatureMove","floor":5.0},{"not_picked":["Consecrate","Weave"],"picked":"TalkToTheHand","floor":6.0},{"not_picked":["Conclude","Halt"],"picked":"Crescendo","floor":8.0},{"not_picked":["FlurryOfBlows","Prostrate"],"picked":"Indignation","floor":11.0},{"not_picked":["EmptyBody","Wallop","Nirvana"],"picked":"SKIP","floor":12.0},{"not_picked":["ClearTheMind","PathToVictory","FollowUp"],"picked":"SKIP","floor":13.0},{"not_picked":["Conclude","DeceiveReality","Crescendo"],"picked":"SKIP","floor":14.0},{"not_picked":["Brilliance","Devotion"],"picked":"Scrawl","floor":16.0},{"not_picked":["EmptyFist","DeceiveReality","Wireheading+1"],"picked":"SKIP","floor":18.0},{"not_picked":["Consecrate+1","LikeWater","CutThroughFate"],"picked":"SKIP","floor":21.0},{"not_picked":["SashWhip","CrushJoints","FlyingSleeves"],"picked":"SKIP","floor":24.0},{"not_picked":["EmptyMind","CarveReality","CrushJoints"],"picked":"SKIP","floor":29.0},{"not_picked":["Prostrate","FlurryOfBlows"],"picked":"Adaptation","floor":31.0},{"not_picked":["Brilliance","MasterReality"],"picked":"Vault","floor":33.0},{"not_picked":["WaveOfTheHand","ThirdEye"],"picked":"TalkToTheHand","floor":35.0},{"not_picked":["CutThroughFate","FollowUp","BowlingBash"],"picked":"SKIP","floor":36.0},{"not_picked":["CutThroughFate+1","FlyingSleeves","Wallop"],"picked":"SKIP","floor":37.0},{"not_picked":["EmptyFist","CarveReality","SashWhip"],"picked":"SKIP","floor":40.0},{"not_picked":["EmptyFist","CarveReality","SashWhip"],"picked":"SKIP","floor":40.0},{"not_picked":["Indignation","BowlingBash"],"picked":"LessonLearned","floor":41.0},{"not_picked":["Ragnarok","Vault","Fasting2"],"picked":"SKIP","floor":45.0},{"not_picked":["Indignation","Protect+1","SashWhip+1"],"picked":"SKIP","floor":46.0},{"not_picked":["CutThroughFate+1","Fasting2","BowlingBash+1"],"picked":"SKIP","floor":48.0},{"not_picked":["Prostrate","EmptyMind"],"picked":"DevaForm","floor":54}],"player_experience":816983,"relics_obtained":[{"floor":6.0,"key":"Juzu Bracelet"},{"floor":8.0,"key":"Lizard Tail"},{"floor":9.0,"key":"PreservedInsect"},{"floor":13.0,"key":"Omamori"},{"floor":26.0,"key":"Bag of Preparation"},{"floor":29.0,"key":"InkBottle"},{"floor":40.0,"key":"MealTicket"},{"floor":45.0,"key":"Dream Catcher"},{"floor":46.0,"key":"Akabeko"},{"floor":48.0,"key":"Happy Flower"},{"floor":54,"key":"Torii"}],"event_choices":[{"damage_healed":0.0,"max_hp_gain":0.0,"max_hp_loss":0.0,"gold_gain":0.0,"event_name":"Liars Game","player_choice":"Ignored","floor":3.0,"gold_loss":0.0,"damage_taken":0.0},{"cards_removed":["Defend_P"],"damage_healed":0.0,"max_hp_gain":0.0,"max_hp_loss":0.0,"gold_gain":0.0,"event_name":"Back to Basics","player_choice":"Elegance","floor":19.0,"gold_loss":0.0,"damage_taken":0.0},{"damage_healed":0.0,"max_hp_gain":0.0,"max_hp_loss":0.0,"gold_gain":0.0,"event_name":"The Library","player_choice":"Read","floor":25.0,"gold_loss":0.0,"damage_taken":0.0,"cards_obtained":["Adaptation"]},{"damage_healed":0.0,"max_hp_gain":0.0,"max_hp_loss":0.0,"gold_gain":0.0,"event_name":"Wheel of Change","player_choice":"Cursed","floor":27.0,"gold_loss":0.0,"damage_taken":0.0,"cards_obtained":["Decay"]},{"cards_removed":["Wallop"],"damage_healed":0.0,"max_hp_gain":0.0,"max_hp_loss":0.0,"gold_gain":0.0,"event_name":"Falling","player_choice":"Removed Attack","floor":39.0,"gold_loss":0.0,"damage_taken":0.0}],"is_beta":false,"boss_relics":[{"not_picked":["Ectoplasm","Coffee Dripper"],"picked":"VioletLotus"},{"not_picked":["SlaversCollar","Sozu"],"picked":"Pandora\u0027s Box"}],"items_purged_floors":[2,20,38],"is_endless":false,"potions_floor_spawned":[5,8,14,16,18,33,36,37,40,46,48],"ascension_level":15}}