{"host":"kh91mfnoze99ny0y","time":1612970520,"event":{"mods":["Act Like it!","BaseMod","Downfall","Gensokyo","KinomotoSakuraMod(Ä¾Ö®±¾Ó£)","Lobotomy","LobotomyExtend","Minty Spire (QoL Compilation)","StSLib","The Bug Knight","The Cursed"],"gold_per_floor":[117,135,210,210,226,226,226],"floor_reached":6,"language":"ZHS","playtime":273,"items_purged":[],"score":36,"play_id":"f9a3d650-0434-49ff-9dc2-f8e8119349c2","local_time":"20210210232200","is_ascension_mode":false,"campfire_choices":[],"circlet_count":0,"master_deck":["HollowMod:RecoilStrike"],"relics":["HollowMod:VesselMask","CogitoBucket","RabbitCall","LetterFromLob"],"acts_visited":["Exordium"],"potions_floor_usage":[],"damage_taken":[{"damage":0,"enemies":"Cultist","floor":1,"turns":2},{"damage":8,"enemies":"Jaw Worm","floor":2,"turns":4},{"damage":54,"enemies":"Small Slimes","floor":5,"turns":6},{"damage":27,"enemies":"3 Sentries","floor":6,"turns":2}],"seed_played":"933281223875972118","potions_obtained":[{"floor":2,"key":"FearPotion"},{"floor":5,"key":"Fire Potion"}],"is_trial":false,"path_per_floor":["M","M","?","?","M","E"],"character_chosen":"THE_BUGKNIGHT","items_purchased":[],"campfire_rested":0,"item_purchase_floors":[],"current_hp_per_floor":[75,73,62,75,21,0,0],"gold":226,"neow_bonus":"","is_daily":false,"chose_seed":false,"campfire_upgraded":0,"win_rate":0.0,"timestamp":1612970520,"path_taken":["M","M","?","?","M","E"],"items_purchased_type":[],"build_version":"2020-12-22","purchased_purges":0,"victory":false,"max_hp_per_floor":[75,75,75,75,75,75,75],"card_choices":[{"not_picked":["MeatLantern","FairyFestival"],"picked":"VoidDream","floor":1},{"not_picked":["HollowMod:CornifersMapStart","HollowMod:HeavyBlow"],"picked":"HollowMod:SoulSplash","floor":1},{"not_picked":["OldLady","QueenBee","FairyFestival"],"picked":"Singing Bowl","floor":2},{"not_picked":["Freischutz","UniverseFragment"],"picked":"OSAHOGD","floor":2},{"not_picked":["HollowMod:InfectedAttack","HollowMod:SiblingsSouls"],"picked":"HollowMod:DescendingDark","floor":2},{"not_picked":["OSAHOGD","WallGazer","UniverseFragment"],"picked":"Singing Bowl","floor":5},{"not_picked":["HollowMod:SharpenedShadows","HollowMod:SoulSplash"],"picked":"HollowMod:RecoilStrike","floor":5}],"player_experience":169382,"relics_obtained":[{"floor":1,"key":"LetterFromLob"}],"event_choices":[{"damage_healed":0,"gold_gain":75,"player_choice":"Gather Gold","damage_taken":11,"max_hp_gain":0,"max_hp_loss":0,"event_name":"World of Goop","floor":3,"gold_loss":0}],"is_beta":false,"boss_relics":[],"items_purged_floors":[],"is_endless":false,"potions_floor_spawned":[2,5],"killed_by":"3 Sentries","ascension_level":0}}