{"host":"vlqejv0notyktumz","time":1612943467,"event":{"mods":["AchievementEnabler","BaseMod","Colored Map","Colored Powertips","Downfall","Googly Eyes","Minty Spire (QoL Compilation)","StSLib"],"gold_per_floor":[112,112,123,6,24,24,42,42,68,84,119,119,136,152,152,250,250,261,261,273,21,21,21,55,67,117,129,0,0,0,12,12,12,12],"floor_reached":33,"language":"ENG","playtime":1294,"items_purged":["Strike_G"],"score":404,"play_id":"dd5a31ef-7c3e-4608-a602-35aa62e44c59","local_time":"20210210015107","is_ascension_mode":true,"campfire_choices":[{"data":"Calculated Gamble","floor":6,"key":"SMITH"},{"data":"Tactician","floor":8,"key":"SMITH"},{"data":"Noxious Fumes","floor":12,"key":"SMITH"},{"floor":15,"key":"REST"},{"data":"Caltrops","floor":23,"key":"SMITH"},{"data":"Dash","floor":29,"key":"SMITH"},{"floor":32,"key":"REST"}],"circlet_count":0,"master_deck":["AscendersBane","Strike_G","Strike_G","Strike_G","Defend_G","Defend_G","Defend_G","Defend_G","Survivor+1","Neutralize","Well Laid Plans","Tactician+1","Noxious Fumes+1","Prepared","Calculated Gamble+1","Finisher","Leg Sweep","Backflip","Dodge and Roll","Poisoned Stab","Malaise","PiercingWail+1","Writhe","Caltrops+1","PiercingWail","Burst","Dash+1","Underhanded Strike","Infinite Blades"],"relics":["Ring of the Snake","Bronze Scales","Centennial Puzzle","Busted Crown","Meat on the Bone","Pantograph","Mummified Hand","Bag of Preparation"],"acts_visited":["Exordium","TheCity"],"potions_floor_usage":[3,7,7,11,16,25,33],"damage_taken":[{"damage":7,"enemies":"Jaw Worm","floor":1,"turns":6},{"damage":0,"enemies":"Cultist","floor":3,"turns":5},{"damage":2,"enemies":"Small Slimes","floor":5,"turns":5},{"damage":9,"enemies":"3 Louse","floor":7,"turns":4},{"damage":3,"enemies":"Blue Slaver","floor":10,"turns":5},{"damage":7,"enemies":"Lagavulin","floor":11,"turns":10},{"damage":0,"enemies":"Exordium Thugs","floor":13,"turns":6},{"damage":1,"enemies":"Looter","floor":14,"turns":4},{"damage":39,"enemies":"The Guardian","floor":16,"turns":11},{"damage":3,"enemies":"Shell Parasite","floor":18,"turns":6},{"damage":3,"enemies":"3 Byrds","floor":20,"turns":3},{"damage":7,"enemies":"Book of Stabbing","floor":24,"turns":6},{"damage":24,"enemies":"Sentry and Sphere","floor":25,"turns":7},{"damage":0,"enemies":"3 Cultists","floor":27,"turns":5},{"damage":0,"enemies":"Snake Plant","floor":31,"turns":4},{"damage":89,"enemies":"Champ","floor":33,"turns":15}],"seed_played":"-2761013744945309985","potions_obtained":[{"floor":1,"key":"AttackPotion"},{"floor":2,"key":"hexamod:SoulburnPotion"},{"floor":2,"key":"Swift Potion"},{"floor":5,"key":"PowerPotion"},{"floor":11,"key":"Ancient Potion"},{"floor":14,"key":"AttackPotion"},{"floor":16,"key":"SmokeBomb"},{"floor":24,"key":"Regen Potion"},{"floor":27,"key":"FearPotion"}],"is_trial":false,"path_per_floor":["M","?","M","$","M","R","M","R","T","M","E","R","M","M","R","B",null,"M","?","M","$","?","R","E","M","T","M","$","R","$","M","R","B"],"character_chosen":"THE_SILENT","items_purchased":["Noxious Fumes","Prepared","Pantograph","Underhanded Strike"],"campfire_rested":2,"item_purchase_floors":[4,4,21,28],"current_hp_per_floor":[56,56,56,56,54,54,45,45,45,42,35,35,35,34,55,16,57,54,54,51,51,51,51,44,47,47,47,47,47,47,47,68,0,0],"gold":12,"neow_bonus":"UPGRADE_CARD","is_daily":false,"chose_seed":false,"campfire_upgraded":5,"win_rate":0.0,"timestamp":1612943467,"path_taken":["M","?","M","$","M","R","M","R","T","M","E","R","M","M","R","BOSS","M","?","M","$","?","R","E","M","T","?","$","R","?","M","R","BOSS"],"items_purchased_type":["Card","Card","Relic","Card"],"build_version":"2020-12-22","purchased_purges":1,"victory":false,"max_hp_per_floor":[70,70,70,70,70,70,70,70,70,70,70,70,70,70,70,70,70,70,70,70,70,70,70,70,70,70,70,70,70,70,70,70,70,70],"card_choices":[{"not_picked":["Crippling Poison","Outmaneuver"],"picked":"Well Laid Plans","floor":1},{"not_picked":["Riddle With Holes","Skewer"],"picked":"Tactician","floor":3},{"not_picked":["Deflect","Cloak And Dagger"],"picked":"Calculated Gamble","floor":5},{"not_picked":["Quick Slash","Choke"],"picked":"Finisher","floor":7},{"not_picked":["Dagger Spray","Endless Agony"],"picked":"Leg Sweep","floor":10},{"not_picked":["Underhanded Strike","Prepared"],"picked":"Backflip","floor":11},{"not_picked":["PiercingWail","Well Laid Plans"],"picked":"Dodge and Roll","floor":13},{"not_picked":["Calculated Gamble","Terror"],"picked":"Poisoned Stab","floor":14},{"not_picked":["Phantasmal Killer","Venomology"],"picked":"Malaise","floor":16},{"not_picked":[],"picked":"PiercingWail+1","floor":18},{"not_picked":["PiercingWail"],"picked":"SKIP","floor":20},{"not_picked":[],"picked":"Burst","floor":24},{"not_picked":[],"picked":"Dash","floor":25},{"not_picked":["Dagger Spray"],"picked":"SKIP","floor":27},{"not_picked":[],"picked":"Infinite Blades","floor":31}],"player_experience":412688,"relics_obtained":[{"floor":9,"key":"Bronze Scales"},{"floor":11,"key":"Centennial Puzzle"},{"floor":24,"key":"Mummified Hand"},{"floor":26,"key":"Bag of Preparation"}],"event_choices":[{"damage_healed":0,"gold_gain":0,"player_choice":"Got Potions","damage_taken":0,"max_hp_gain":0,"max_hp_loss":0,"event_name":"Lab","floor":2,"gold_loss":0},{"damage_healed":0,"gold_gain":0,"player_choice":"Opened","damage_taken":0,"relics_obtained":["Meat on the Bone"],"max_hp_gain":0,"max_hp_loss":0,"event_name":"The Mausoleum","floor":19,"gold_loss":0,"cards_obtained":["Writhe"]},{"damage_healed":0,"gold_gain":0,"cards_transformed":["Defend_G","Strike_G"],"player_choice":"Became Test Subject","damage_taken":0,"max_hp_gain":0,"max_hp_loss":0,"event_name":"Drug Dealer","floor":22,"gold_loss":0,"cards_obtained":["Caltrops","PiercingWail"]}],"is_beta":false,"boss_relics":[{"not_picked":["SacredBark","Philosopher\u0027s Stone"],"picked":"Busted Crown"}],"items_purged_floors":[28],"is_endless":false,"potions_floor_spawned":[1,5,11,14,16,24,27,31],"killed_by":"Champ","ascension_level":10}}