{"host":"5rycm1ajjg5acc5q","time":1612931824,"event":{"mods":["BaseMod","Better Third Choice","Downfall","Highlight Path","Minty Spire (QoL Compilation)","Replay The Spire","StSLib"],"gold_per_floor":[399,417,433,433,8,8,33,59,59,84,100,100,190,216,241,241,241,241],"floor_reached":16,"language":"ENG","playtime":1254,"items_purged":[],"score":100,"play_id":"e53a8da3-346b-46a2-9004-380da037d014","local_time":"20210209223704","is_ascension_mode":false,"campfire_choices":[{"data":"champ:Taunt","floor":9,"key":"SMITH"}],"circlet_count":0,"master_deck":["champ:Strike","champ:Strike","champ:Strike","champ:Strike","champ:Defend","champ:Defend","champ:Defend","champ:Defend","champ:Execute","champ:Taunt+1","champ:CrookedStrike","champ:IronFortress","champ:FancyFootwork","expansioncontent:DashGenerateEvil+1","champ:Endure","champ:DeathBlow","champ:FocusedBerserking","champ:BerserkerStyle","champ:CalledShot","champ:Improvising"],"relics":["Omamori","downfall:ShatteredFragment","Smiling Mask","Peace Pipe","Tiny Chest","m_IronCrown","CeramicFish"],"acts_visited":["Exordium"],"potions_floor_usage":[8,16,16],"damage_taken":[{"damage":17,"enemies":"Small Slimes","floor":2,"turns":4},{"damage":18,"enemies":"Jaw Worm","floor":3,"turns":3},{"damage":20,"enemies":"downfall:FleeingMerchant","floor":5,"turns":4},{"damage":28,"enemies":"Lagavulin","floor":8,"turns":8},{"damage":0,"enemies":"2 Louse","floor":11,"turns":2},{"damage":8,"enemies":"Blue Slaver","floor":14,"turns":3},{"damage":0,"enemies":"2 Fungi Beasts","floor":15,"turns":3},{"damage":21,"enemies":"WA_ARCHETYPE_RETAIN","floor":16,"turns":4}],"seed_played":"8223713464267215061","potions_obtained":[{"floor":2,"key":"Dexterity Potion"},{"floor":3,"key":"Ancient Potion"},{"floor":13,"key":"PowerPotion"},{"floor":13,"key":"Elixir"}],"is_trial":false,"path_per_floor":["R","M","M","?","$","?","T","E","R","T","M","?","?","M","M","B"],"character_chosen":"THE_CHAMP","items_purchased":["Omamori","expansioncontent:DashGenerateEvil+1","champ:Endure"],"campfire_rested":0,"item_purchase_floors":[5,5,5],"current_hp_per_floor":[90,83,75,75,75,48,48,45,45,45,45,45,9,15,21,0,0,0],"gold":241,"neow_bonus":"TWO_FIFTY_GOLD","is_daily":false,"chose_seed":false,"campfire_upgraded":1,"win_rate":0.0,"timestamp":1612931824,"path_taken":["R","M","M","?","$","?","T","E","R","?","?","?","?","M","M","BOSS"],"items_purchased_type":["Relic","Card","Card"],"build_version":"2020-12-22","purchased_purges":0,"victory":false,"max_hp_per_floor":[90,90,90,90,90,90,90,90,90,90,90,90,90,90,90,90,90,90],"card_choices":[{"not_picked":["champ:StanceDance","champ:PreciseThrust"],"picked":"champ:CrookedStrike","floor":2},{"not_picked":["champ:EndlessRage","champ:Shatter"],"picked":"champ:IronFortress","floor":3},{"not_picked":["champ:GladiatorStyle","champ:CrownThrow"],"picked":"champ:FancyFootwork","floor":5},{"not_picked":["champ:SetATrap","champ:CalledShot"],"picked":"champ:DeathBlow","floor":8},{"not_picked":["champ:PerfectedStrike","champ:DefensiveShout"],"picked":"champ:FocusedBerserking","floor":11},{"not_picked":["champ:StanceDance","champ:FanOfKnives"],"picked":"champ:BerserkerStyle","floor":13},{"not_picked":["champ:TornadoPunch","champ:FanOfKnives"],"picked":"champ:CalledShot","floor":14},{"not_picked":["champ:Haymaker","champ:FocusedBerserking"],"picked":"champ:Improvising","floor":15}],"player_experience":393358,"relics_obtained":[{"floor":7,"key":"Smiling Mask"},{"floor":8,"key":"Peace Pipe"},{"floor":10,"key":"Tiny Chest"},{"floor":13,"key":"CeramicFish"}],"event_choices":[{"cards_removed":["Sickly"],"damage_healed":0,"gold_gain":0,"player_choice":"Card Removal","damage_taken":0,"max_hp_gain":0,"max_hp_loss":0,"event_name":"The Cleric","floor":4,"gold_loss":0}],"is_beta":false,"boss_relics":[],"items_purged_floors":[],"is_endless":false,"potions_floor_spawned":[2,3,15],"killed_by":"WA_ARCHETYPE_RETAIN","ascension_level":0}}