{"host":"gjbmv0wqve0qfw94","time":1612988710,"event":{"mods":["BaseMod","Colored Map","Colored Powertips","DeckTracker","Googly Eyes","Minty Spire (QoL Compilation)","StSLib"],"gold_per_floor":[117,117,131,147,164,164,195,195,222,253,253,272,272,289,289,362,362,372,372,390,62,152,152,181,198,225,245,245,270,281,297,297,374,374,393,404,421,440,440,472,472,472,472],"floor_reached":42,"language":"ENG","playtime":2265,"items_purged":["Strike_P"],"score":1064,"play_id":"0117c2dc-81d6-480c-9e28-7ba2c071a2f8","local_time":"20210210212510","is_ascension_mode":true,"campfire_choices":[{"data":"Wallop","floor":6.0,"key":"SMITH"},{"data":"SashWhip","floor":8.0,"key":"SMITH"},{"floor":11.0,"key":"REST"},{"data":"TalkToTheHand","floor":15.0,"key":"SMITH"},{"floor":23.0,"key":"REST"},{"floor":28.0,"key":"REST"},{"data":"SandsOfTime","floor":32.0,"key":"SMITH"},{"data":"Eruption","floor":41.0,"key":"SMITH"}],"circlet_count":0,"master_deck":["AscendersBane","Strike_P+1","Strike_P","Defend_P+1","Defend_P+1","Defend_P+1","Defend_P+1","Eruption+1","Vigilance","SashWhip+1","SandsOfTime+1","Protect+1","Wallop+1","InnerPeace+1","TalkToTheHand+1","ThirdEye","LessonLearned+1","Necronomicurse","Omniscience+1","Fasting2+1","Establishment+1","Devotion+1"],"relics":["Velvet Choker","Damaru","Centennial Puzzle","Anchor","SacredBark","Necronomicon","ClockworkSouvenir","Omamori","Lantern","Ice Cream","Busted Crown","Happy Flower"],"acts_visited":["Exordium","TheCity","TheBeyond"],"potions_floor_usage":[42],"damage_taken":[{"damage":1.0,"enemies":"Small Slimes","floor":1.0,"turns":3.0},{"damage":0.0,"enemies":"Cultist","floor":3.0,"turns":3.0},{"damage":9.0,"enemies":"Jaw Worm","floor":4.0,"turns":2.0},{"damage":12.0,"enemies":"Exordium Thugs","floor":5.0,"turns":4.0},{"damage":0.0,"enemies":"Gremlin Nob","floor":7.0,"turns":3.0},{"damage":12.0,"enemies":"Lagavulin","floor":10.0,"turns":5.0},{"damage":4.0,"enemies":"Blue Slaver","floor":12.0,"turns":3.0},{"damage":9.0,"enemies":"Lots of Slimes","floor":14.0,"turns":3.0},{"damage":23.0,"enemies":"The Guardian","floor":16.0,"turns":10.0},{"damage":0.0,"enemies":"3 Byrds","floor":18.0,"turns":1.0},{"damage":2.0,"enemies":"Shell Parasite","floor":20.0,"turns":4.0},{"damage":3.0,"enemies":"Slavers","floor":24.0,"turns":5.0},{"damage":13.0,"enemies":"Snecko","floor":25.0,"turns":6.0},{"damage":6.0,"enemies":"Shelled Parasite and Fungi","floor":27.0,"turns":7.0},{"damage":7.0,"enemies":"Book of Stabbing","floor":29.0,"turns":7.0},{"damage":4.0,"enemies":"Centurion and Healer","floor":30.0,"turns":7.0},{"damage":0.0,"enemies":"Cultist and Chosen","floor":31.0,"turns":8.0},{"damage":16.0,"enemies":"Champ","floor":33.0,"turns":15.0},{"damage":10.0,"enemies":"3 Darklings","floor":35.0,"turns":4.0},{"damage":1.0,"enemies":"Orb Walker","floor":36.0,"turns":4.0},{"damage":0.0,"enemies":"Spire Growth","floor":37.0,"turns":4.0},{"damage":0.0,"enemies":"4 Shapes","floor":38.0,"turns":3.0},{"damage":0.0,"enemies":"Nemesis","floor":40.0,"turns":9.0},{"damage":43,"enemies":"Reptomancer","floor":42,"turns":2}],"seed_played":"-6761384875271055099","potions_obtained":[{"floor":3.0,"key":"LiquidBronze"},{"floor":4.0,"key":"GamblersBrew"},{"floor":10.0,"key":"FearPotion"},{"floor":18.0,"key":"BlessingOfTheForge"},{"floor":20.0,"key":"ColorlessPotion"},{"floor":25.0,"key":"Ancient Potion"},{"floor":27.0,"key":"Explosive Potion"},{"floor":33.0,"key":"Swift Potion"},{"floor":36.0,"key":"GamblersBrew"},{"floor":37.0,"key":"SteroidPotion"}],"is_trial":false,"path_per_floor":["M","?","M","M","M","R","E","R","T","E","R","M","?","M","R","B",null,"M","?","M","$","?","R","E","M","T","M","R","E","M","M","R","B",null,"M","M","M","M","?","E","R","E"],"character_chosen":"WATCHER","items_purchased":["Fasting2","ClockworkSouvenir"],"campfire_rested":3,"item_purchase_floors":[21,21],"current_hp_per_floor":[60,50,50,41,29,29,29,29,29,17,37,33,33,24,24,1,51,51,30,28,28,16,36,33,20,20,14,34,27,23,23,23,7,53,43,42,42,42,42,42,42,0,0],"gold":472,"neow_bonus":"BOSS_RELIC","is_daily":false,"chose_seed":false,"campfire_upgraded":5,"win_rate":0.0,"timestamp":1612988710,"path_taken":["M","?","M","M","M","R","E","R","T","E","R","?","?","M","R","BOSS","M","?","M","$","?","R","E","?","T","M","R","E","M","M","R","BOSS","M","M","?","M","?","E","R","E"],"items_purchased_type":["Card","Relic"],"build_version":"2020-12-22","purchased_purges":1,"victory":false,"max_hp_per_floor":[68,68,68,68,68,68,68,68,68,68,68,68,68,68,68,68,68,68,68,68,68,68,68,68,68,68,68,68,68,68,68,68,68,68,68,68,68,68,68,68,68,68,68],"card_choices":[{"not_picked":["Evaluate","Halt"],"picked":"SashWhip","floor":1.0},{"not_picked":["DeceiveReality","Consecrate"],"picked":"SandsOfTime","floor":3.0},{"not_picked":["Perseverance","Worship"],"picked":"Protect","floor":4.0},{"not_picked":["Adaptation","EmptyFist"],"picked":"Wallop","floor":5.0},{"not_picked":["FlurryOfBlows","JustLucky","Consecrate"],"picked":"SKIP","floor":7.0},{"not_picked":["Worship","Halt"],"picked":"InnerPeace","floor":10.0},{"not_picked":["JustLucky","Prostrate"],"picked":"TalkToTheHand","floor":12.0},{"not_picked":["Evaluate","BowlingBash"],"picked":"ThirdEye","floor":14.0},{"not_picked":["Omniscience","Alpha"],"picked":"LessonLearned","floor":16.0},{"not_picked":["FlurryOfBlows+1","Prostrate","EmptyBody"],"picked":"SKIP","floor":18.0},{"not_picked":["Halt","CrushJoints"],"picked":"Omniscience","floor":20.0},{"not_picked":["DeceiveReality","Consecrate","Sanctity"],"picked":"SKIP","floor":24.0},{"not_picked":["SashWhip","JustLucky","EmptyBody"],"picked":"SKIP","floor":25.0},{"not_picked":["Protect","PathToVictory","EmptyBody"],"picked":"SKIP","floor":27.0},{"not_picked":["JustLucky","Perseverance"],"picked":"Establishment","floor":29.0},{"not_picked":["FlurryOfBlows","Protect","Evaluate"],"picked":"SKIP","floor":30.0},{"not_picked":["EmptyFist","WreathOfFlame","BowlingBash"],"picked":"SKIP","floor":31.0},{"not_picked":["Brilliance","SpiritShield"],"picked":"Devotion","floor":33.0},{"not_picked":["Swivel"],"picked":"SKIP","floor":35.0},{"not_picked":["Worship"],"picked":"SKIP","floor":36.0},{"not_picked":["SignatureMove"],"picked":"SKIP","floor":37.0},{"not_picked":["Evaluate"],"picked":"SKIP","floor":38.0},{"not_picked":["FlurryOfBlows+1"],"picked":"SKIP","floor":40.0}],"player_experience":1222136,"relics_obtained":[{"floor":7.0,"key":"Damaru"},{"floor":9.0,"key":"Centennial Puzzle"},{"floor":10.0,"key":"Anchor"},{"floor":19.0,"key":"Necronomicon"},{"floor":24.0,"key":"Omamori"},{"floor":26.0,"key":"Lantern"},{"floor":29.0,"key":"Ice Cream"},{"floor":40.0,"key":"Happy Flower"}],"event_choices":[{"damage_healed":0.0,"max_hp_gain":0.0,"max_hp_loss":0.0,"gold_gain":0.0,"event_name":"Wheel of Change","player_choice":"Damaged","floor":2.0,"gold_loss":0.0,"damage_taken":10.0},{"cards_removed":["Strike_P"],"damage_healed":0.0,"max_hp_gain":0.0,"max_hp_loss":0.0,"gold_gain":0.0,"event_name":"Bonfire Elementals","player_choice":"Offered Basic","floor":13.0,"gold_loss":0.0,"damage_taken":0.0},{"damage_healed":0.0,"max_hp_gain":0.0,"max_hp_loss":0.0,"gold_gain":0.0,"event_name":"Cursed Tome","player_choice":"Obtained Book","floor":19.0,"gold_loss":0.0,"damage_taken":21.0},{"damage_healed":0.0,"max_hp_gain":0.0,"max_hp_loss":0.0,"gold_gain":90.0,"event_name":"Knowing Skull","player_choice":"GOLD ","floor":22.0,"potions_obtained":[],"gold_loss":0.0,"damage_taken":12.0,"cards_obtained":[]},{"damage_healed":0.0,"max_hp_gain":0.0,"max_hp_loss":0.0,"gold_gain":0.0,"event_name":"Tomb of Lord Red Mask","player_choice":"Ignored","floor":39.0,"gold_loss":0.0,"damage_taken":0.0}],"is_beta":false,"boss_relics":[{"not_picked":["Empty Cage","Philosopher\u0027s Stone"],"picked":"SacredBark"},{"not_picked":["Snecko Eye","Tiny House"],"picked":"Busted Crown"}],"items_purged_floors":[21],"is_endless":false,"potions_floor_spawned":[3,4,10,18,20,25,27,33,36,37],"killed_by":"Reptomancer","ascension_level":20}}