{"host":"8is2j71l4wmybkoi","time":1612957461,"event":{"mods":["AchievementEnabler","BaseMod","Colored Map","Minty Spire (QoL Compilation)","Rare Cards Sparkle","StSLib","SuperFastMode"],"gold_per_floor":[113,38,56,56,69,69,103,103,103,116,129,163,163,195,195,266,266,284,299,299,299,299,299,309,309,309,342,38,68,68,68,68,141,141,153,172,172,172,186,186,219,231,285,285,298,298,313,313,313,313,313,313,60,91,91],"floor_reached":56,"language":"KOR","playtime":2572,"items_purged":["Pommel Strike"],"score":2195,"play_id":"e863e059-272a-4622-8896-352fb2f86cd0","local_time":"20210210204421","is_ascension_mode":true,"campfire_choices":[{"data":"Strike_R","floor":6.0,"key":"PURGE"},{"data":"Strike_R","floor":8.0,"key":"PURGE"},{"data":"Strike_R","floor":13.0,"key":"PURGE"},{"data":"Strike_R","floor":15.0,"key":"PURGE"},{"data":"Anger","floor":23.0,"key":"PURGE"},{"data":"Bash","floor":25.0,"key":"PURGE"},{"data":"Bloodletting","floor":30.0,"key":"SMITH"},{"floor":32.0,"key":"RECALL"},{"data":"Rampage","floor":40,"key":"PURGE"},{"data":"Parasite","floor":44,"key":"PURGE"},{"data":"Defend_R","floor":46,"key":"PURGE"},{"data":"Defend_R","floor":49,"key":"PURGE"},{"data":"Defend_R","floor":52,"key":"PURGE"}],"circlet_count":0,"master_deck":["AscendersBane","Bloodletting+1","Shrug It Off","Disarm","Second Wind","Ghostly","Ghostly","Ghostly","Pommel Strike+1","Dark Embrace+1","Barricade+1","Body Slam+1","Armaments+1","Feel No Pain+1","Rupture+1"],"relics":["Burning Blood","Peace Pipe","Ice Cream","Frozen Egg 2","Regal Pillow","Red Skull","Runic Pyramid","Bottled Flame","Smiling Mask","Pear","Self Forming Clay","Cursed Key","Pocketwatch","Akabeko","Du-Vu Doll"],"acts_visited":["Exordium","TheCity","TheBeyond","TheEnding"],"potions_floor_usage":[55],"damage_taken":[{"damage":1.0,"enemies":"Cultist","floor":1.0,"turns":4.0},{"damage":2.0,"enemies":"Jaw Worm","floor":3.0,"turns":3.0},{"damage":2.0,"enemies":"2 Louse","floor":5.0,"turns":3.0},{"damage":8.0,"enemies":"Gremlin Nob","floor":7.0,"turns":3.0},{"damage":9.0,"enemies":"Looter","floor":10.0,"turns":2.0},{"damage":22.0,"enemies":"Exordium Thugs","floor":11.0,"turns":6.0},{"damage":19.0,"enemies":"Lagavulin","floor":12.0,"turns":7.0},{"damage":15.0,"enemies":"Gremlin Nob","floor":14.0,"turns":3.0},{"damage":19.0,"enemies":"The Guardian","floor":16.0,"turns":9.0},{"damage":18.0,"enemies":"2 Thieves","floor":18.0,"turns":3.0},{"damage":3.0,"enemies":"Chosen","floor":19.0,"turns":4.0},{"damage":9.0,"enemies":"Snake Plant","floor":24.0,"turns":4.0},{"damage":17.0,"enemies":"Book of Stabbing","floor":27.0,"turns":5.0},{"damage":16.0,"enemies":"Slavers","floor":29.0,"turns":6.0},{"damage":16.0,"enemies":"Automaton","floor":33.0,"turns":5.0},{"damage":4.0,"enemies":"Orb Walker","floor":35.0,"turns":4.0},{"damage":8.0,"enemies":"3 Darklings","floor":36.0,"turns":3.0},{"damage":6,"enemies":"Writhing Mass","floor":39,"turns":3},{"damage":11,"enemies":"Giant Head","floor":41,"turns":3},{"damage":4,"enemies":"Spire Growth","floor":42,"turns":3},{"damage":5,"enemies":"Transient","floor":45,"turns":4},{"damage":3,"enemies":"Writhing Mass","floor":47,"turns":3},{"damage":2,"enemies":"Donu and Deca","floor":50,"turns":4},{"damage":2,"enemies":"Shield and Spear","floor":54,"turns":4},{"damage":8,"enemies":"The Heart","floor":55,"turns":5}],"seed_played":"8948883764197197521","potions_obtained":[{"floor":1.0,"key":"DistilledChaos"},{"floor":5.0,"key":"SmokeBomb"},{"floor":7.0,"key":"GamblersBrew"},{"floor":12.0,"key":"SkillPotion"},{"floor":16.0,"key":"Swift Potion"},{"floor":18.0,"key":"SteroidPotion"},{"floor":33.0,"key":"ColorlessPotion"},{"floor":41,"key":"Block Potion"},{"floor":42,"key":"Block Potion"}],"is_trial":false,"path_per_floor":["M","?","M","?","M","R","E","R","T","M","M","E","R","E","R","B",null,"M","M","?","?","?","R","M","R","T","E","$","E","R","?","R","B",null,"M","M","?","?","M","R","E","M","T","R","M","R","M","?","R","B",null,"R","$","E","B",null],"character_chosen":"IRONCLAD","items_purchased":["Pear","HeartOfIron","Akabeko"],"campfire_rested":0,"item_purchase_floors":[28,53,53],"current_hp_per_floor":[80,80,82,77,81,81,79,79,79,76,60,47,47,38,38,25,68,56,59,41,41,51,51,48,48,48,37,47,37,37,37,37,27,53,55,53,53,53,53,53,48,50,50,50,51,51,54,54,54,55,55,55,55,55,53],"gold":91,"neow_bonus":"TEN_PERCENT_HP_BONUS","is_daily":false,"chose_seed":false,"campfire_upgraded":1,"win_rate":0.0,"timestamp":1612957461,"path_taken":["M","?","M","?","M","R","E","R","T","M","M","E","R","E","R","BOSS","M","M","?","?","?","R","?","R","T","E","$","E","R","?","R","BOSS","M","M","?","?","?","R","E","M","T","R","M","R","M","?","R","BOSS","R","$","E","BOSS"],"items_purchased_type":["Relic","Potion","Relic"],"build_version":"2020-12-22","purchased_purges":1,"victory":true,"max_hp_per_floor":[82,82,82,82,82,82,82,82,82,82,82,82,82,82,82,82,82,82,82,41,41,51,51,51,51,51,51,61,61,61,61,61,61,61,61,61,61,61,61,61,61,61,61,58,58,58,58,55,55,55,55,55,55,55,55],"card_choices":[{"not_picked":["Burning Pact","Headbutt"],"picked":"Rampage","floor":1.0},{"not_picked":["Metallicize","Thunderclap","Havoc"],"picked":"SKIP","floor":3.0},{"not_picked":["Flame Barrier","Body Slam"],"picked":"Anger","floor":5.0},{"not_picked":["Brutality","Wild Strike"],"picked":"Bloodletting","floor":7.0},{"not_picked":["Body Slam","Warcry"],"picked":"Shrug It Off","floor":10.0},{"not_picked":["Twin Strike","Havoc"],"picked":"Disarm","floor":11.0},{"not_picked":["Armaments","Seeing Red"],"picked":"Pommel Strike","floor":12.0},{"not_picked":["Clash","Reckless Charge"],"picked":"Second Wind","floor":14.0},{"not_picked":["Demon Form+1","Exhume"],"picked":"Double Tap","floor":16.0},{"not_picked":["True Grit","Warcry","Sword Boomerang"],"picked":"SKIP","floor":18.0},{"not_picked":["Hemokinesis","Blood for Blood","True Grit"],"picked":"SKIP","floor":19.0},{"not_picked":["Whirlwind","Reckless Charge"],"picked":"Pommel Strike+1","floor":24.0},{"not_picked":["Entrench","Iron Wave"],"picked":"Dark Embrace+1","floor":27.0},{"not_picked":["Seeing Red","Second Wind","Flame Barrier"],"picked":"SKIP","floor":29.0},{"not_picked":["Brutality+1","Impervious"],"picked":"Barricade+1","floor":33.0},{"not_picked":["Dual Wield","Iron Wave","Twin Strike"],"picked":"SKIP","floor":35.0},{"not_picked":["Uppercut","Infernal Blade"],"picked":"Body Slam","floor":36.0},{"not_picked":["Wild Strike","Thunderclap","Perfected Strike"],"picked":"SKIP","floor":39},{"not_picked":["Clothesline+1","Feed","Rage"],"picked":"SKIP","floor":41},{"not_picked":["Reckless Charge","Rampage+1","Sword Boomerang+1"],"picked":"SKIP","floor":42},{"not_picked":["Second Wind","Reckless Charge"],"picked":"Armaments+1","floor":45},{"not_picked":["True Grit","Iron Wave"],"picked":"Feel No Pain+1","floor":47},{"not_picked":["Juggernaut+1","Warcry+1"],"picked":"Rupture+1","floor":54}],"player_experience":1104574,"relics_obtained":[{"floor":7.0,"key":"Ice Cream"},{"floor":9.0,"key":"Frozen Egg 2"},{"floor":12.0,"key":"Regal Pillow"},{"floor":14.0,"key":"Red Skull"},{"floor":26.0,"key":"Bottled Flame"},{"floor":27.0,"key":"Smiling Mask"},{"floor":29.0,"key":"Self Forming Clay"},{"floor":41,"key":"Pocketwatch"},{"floor":54,"key":"Du-Vu Doll"}],"event_choices":[{"cards_removed":["Strike_R"],"damage_healed":0.0,"max_hp_gain":0.0,"max_hp_loss":0.0,"gold_gain":0.0,"event_name":"The Cleric","player_choice":"Card Removal","floor":2.0,"gold_loss":75.0,"damage_taken":0.0},{"damage_healed":0.0,"max_hp_gain":0.0,"max_hp_loss":0.0,"gold_gain":0.0,"event_name":"Scrap Ooze","player_choice":"Success","floor":4.0,"gold_loss":0.0,"damage_taken":5.0,"relics_obtained":["Peace Pipe"]},{"damage_healed":0.0,"max_hp_gain":0.0,"max_hp_loss":41.0,"gold_gain":0.0,"event_name":"Ghosts","player_choice":"Became a Ghost","floor":20.0,"gold_loss":0.0,"damage_taken":0.0,"cards_obtained":["Ghostly","Ghostly","Ghostly"]},{"damage_healed":0.0,"max_hp_gain":0.0,"max_hp_loss":0.0,"gold_gain":0.0,"event_name":"The Mausoleum","player_choice":"Ignored","floor":21.0,"gold_loss":0.0,"damage_taken":0.0},{"cards_removed":["Double Tap"],"damage_healed":0.0,"max_hp_gain":10.0,"max_hp_loss":0.0,"gold_gain":0.0,"event_name":"Bonfire Elementals","player_choice":"Offered Rare","floor":22.0,"gold_loss":0.0,"damage_taken":0.0},{"cards_removed":["Defend_R"],"damage_healed":0.0,"max_hp_gain":0.0,"max_hp_loss":0.0,"gold_gain":0.0,"event_name":"Back to Basics","player_choice":"Elegance","floor":31.0,"gold_loss":0.0,"damage_taken":0.0},{"damage_healed":0.0,"max_hp_gain":0.0,"max_hp_loss":0.0,"gold_gain":0.0,"event_name":"Tomb of Lord Red Mask","player_choice":"Ignored","floor":37.0,"gold_loss":0.0,"damage_taken":0.0},{"damage_healed":0.0,"max_hp_gain":0.0,"max_hp_loss":0.0,"gold_gain":0.0,"event_name":"Accursed Blacksmith","player_choice":"Forge","floor":38.0,"gold_loss":0.0,"damage_taken":0.0,"cards_upgraded":["Body Slam"]},{"damage_healed":0,"gold_gain":0,"player_choice":"Max HP","damage_taken":0,"max_hp_gain":0,"max_hp_loss":3,"event_name":"Winding Halls","floor":48,"gold_loss":0}],"is_beta":false,"boss_relics":[{"not_picked":["Runic Dome","Sozu"],"picked":"Runic Pyramid"},{"not_picked":["SacredBark","Calling Bell"],"picked":"Cursed Key"}],"items_purged_floors":[28],"is_endless":false,"potions_floor_spawned":[1,5,7,12,16,18,24,33,41,42,45,47],"ascension_level":15}}