{"host":"nv0c20v7c30k7ue5","time":1612982520,"event":{"mods":["2.2 Compatiblity","BaseMod","Best Route Mod","Bestiary","Colored Map","Colored Powertips","Conspire","Filter the Spire","Highlight Path","Jorbs\u0027s Wanderer Trilogy","Minty Spire (QoL Compilation)","Morshu Shopkeeper - ENHANCED","Relic Stats","Robot Space Explorer","StSLib","The Disciple","The Hierophant","The IronCluck","The Marked","Unceasing Turn Reminder","everything is the same but u backflip on backflip"],"gold_per_floor":[111,128,203,8,24,24,53,70,70,70,70,70,32,52,52,148,148,88,0,0,0,0,0,0,0,0,0,0,0,0,0,0,0,0],"floor_reached":33,"language":"ENG","playtime":1246,"items_purged":[],"score":272,"play_id":"e73c5d54-333f-447e-9114-f97d7c9c4a18","local_time":"20210210134200","is_ascension_mode":false,"campfire_choices":[{"data":"theMarked:Memento","floor":6,"key":"SMITH"},{"floor":12,"key":"REST"},{"floor":15,"key":"REST"},{"floor":23,"key":"REST"},{"floor":28,"key":"REST"},{"data":"theMarked:Panic","floor":32,"key":"SMITH"}],"circlet_count":0,"master_deck":["theMarked:Defend","theMarked:Defend","theMarked:Defend","theMarked:Defend","theMarked:SoldierOfQuellstein","theMarked:Electrocute","theMarked:Overcharge","theMarked:MysticalArsenal","theMarked:OneWithTheBlade","theMarked:SwordAndMagic","theMarked:BanishingStrike","theMarked:EmpowerWeapon","theMarked:Memento+1","theMarked:Defy","theMarked:HeightenedSenses","Mind Blast+1","theMarked:Heritage","theMarked:Vacuum+1","theMarked:WardOff","theMarked:SelfDefenseTraining+1","theMarked:RepellingDischarge+1","theMarked:Panic+1","Bite+1","Bite+1","Bite+1","Bite+1","Bite+1","theMarked:BanishingWave+1"],"relics":["theMarked:ArtifactOfAir","Juzu Bracelet","Molten Egg 2","Ectoplasm","theMarked:NailFile"],"acts_visited":["Exordium","TheCity"],"potions_floor_usage":[14,21,33],"damage_taken":[{"damage":0,"enemies":"Small Slimes","floor":1,"turns":3},{"damage":0,"enemies":"2 Louse","floor":2,"turns":2},{"damage":6,"enemies":"Cultist","floor":5,"turns":3},{"damage":36,"enemies":"Gremlin Nob","floor":7,"turns":4},{"damage":7,"enemies":"Blue Slaver","floor":8,"turns":2},{"damage":18,"enemies":"Exordium Wildlife","floor":14,"turns":4},{"damage":17,"enemies":"Slime Boss","floor":16,"turns":9},{"damage":31,"enemies":"2 Thieves","floor":18,"turns":4},{"damage":3,"enemies":"conspire:FuzzyDice","floor":20,"turns":5},{"damage":28,"enemies":"conspire:HollyBat","floor":21,"turns":6},{"damage":10,"enemies":"Cultist and Chosen","floor":24,"turns":5},{"damage":20,"enemies":"Centurion and Healer","floor":29,"turns":8},{"damage":5,"enemies":"Snecko","floor":31,"turns":5},{"damage":48,"enemies":"Champ","floor":33,"turns":6}],"seed_played":"-7304797101024137975","potions_obtained":[{"floor":7,"key":"DistilledChaos"},{"floor":20,"key":"PowerPotion"},{"floor":31,"key":"Fire Potion"}],"is_trial":false,"path_per_floor":["M","M","?","$","M","R","E","M","T","?","?","R","$","M","R","B",null,"M","?","M","M","$","R","M","?","T","$","R","M","$","M","R","B"],"character_chosen":"THE_DEFAULT","items_purchased":["theMarked:OneWithTheBlade","theMarked:SwordAndMagic","theMarked:BanishingStrike","theMarked:EmpowerWeapon","theMarked:Heritage"],"campfire_rested":4,"item_purchase_floors":[4,4,4,4,13],"current_hp_per_floor":[70,70,59,59,53,53,17,10,10,10,10,31,31,13,34,17,70,39,39,36,8,8,29,19,19,19,19,33,31,31,42,42,0,0],"gold":0,"neow_bonus":"THREE_CARDS","is_daily":false,"chose_seed":false,"campfire_upgraded":2,"win_rate":0.0,"timestamp":1612982520,"path_taken":["M","M","?","$","M","R","E","M","T","?","?","R","$","M","R","BOSS","M","?","M","M","$","R","M","?","T","$","R","M","?","M","R","BOSS"],"items_purchased_type":["Card","Card","Card","Card","Card"],"build_version":"2020-12-22","purchased_purges":0,"victory":false,"max_hp_per_floor":[70,70,70,70,70,70,70,70,70,70,70,70,70,70,70,70,70,70,70,70,70,70,70,70,49,49,49,49,49,49,49,49,49,49],"relic_stats":{"counters":[14,66],"Ectoplasm":162,"Juzu Bracelet":1,"obtain_stats":[{"theMarked:ArtifactOfAir":0,"theMarked:NailFile":26,"Molten Egg 2":9,"Ectoplasm":17,"Juzu Bracelet":7},{"theMarked:ArtifactOfAir":0,"theMarked:NailFile":11,"Molten Egg 2":5,"Ectoplasm":7,"Juzu Bracelet":4},{"theMarked:ArtifactOfAir":0,"theMarked:NailFile":47,"Molten Egg 2":14,"Ectoplasm":27,"Juzu Bracelet":12}]},"card_choices":[{"not_picked":["theMarked:Frustration","theMarked:BanishingStrike"],"picked":"theMarked:Electrocute","floor":0},{"not_picked":["theMarked:RepellingDischarge","theMarked:Indomitable"],"picked":"theMarked:Overcharge","floor":1},{"not_picked":["theMarked:TwofoldDefense","theMarked:Improvise"],"picked":"theMarked:MysticalArsenal","floor":2},{"not_picked":["theMarked:Aftermath","theMarked:MuscleMemory"],"picked":"theMarked:Memento","floor":5},{"not_picked":["theMarked:AttractMetal","theMarked:Improvise"],"picked":"theMarked:Defy","floor":7},{"not_picked":["theMarked:HeightenedSenses","theMarked:Electrify","theMarked:BanishingStrike"],"picked":"SKIP","floor":8},{"not_picked":["theMarked:Electrify","theMarked:BanishingStrike"],"picked":"theMarked:HeightenedSenses","floor":8},{"not_picked":["theMarked:Frustration+1","theMarked:Parkour+1","theMarked:ElectricStrings+1"],"picked":"SKIP","floor":14},{"not_picked":["theMarked:TakeOffHeels","theMarked:TurnInvisible"],"picked":"theMarked:Vacuum+1","floor":16},{"not_picked":["theMarked:Memento","theMarked:LightningStrikesTwice+1"],"picked":"theMarked:WardOff","floor":18},{"not_picked":["theMarked:EmpowerWeapon+1","theMarked:ResourceFulStrike+1"],"picked":"theMarked:SelfDefenseTraining+1","floor":20},{"not_picked":["theMarked:OneWithTheBlade","theMarked:Generate+1"],"picked":"theMarked:RepellingDischarge+1","floor":21},{"not_picked":["theMarked:GodGivenPower+1","theMarked:ChannelForce"],"picked":"theMarked:Panic","floor":24},{"not_picked":["theMarked:DispelDoubt+1","theMarked:SelfDefenseTraining+1"],"picked":"theMarked:BanishingWave+1","floor":29},{"not_picked":["theMarked:MuscleMemory+1","theMarked:HeightenedSenses","theMarked:WardOff+1"],"picked":"SKIP","floor":31}],"player_experience":106695,"relics_obtained":[{"floor":7,"key":"Juzu Bracelet"},{"floor":9,"key":"Molten Egg 2"},{"floor":26,"key":"theMarked:NailFile"}],"event_choices":[{"damage_healed":0,"gold_gain":75,"player_choice":"Gather Gold","damage_taken":11,"max_hp_gain":0,"max_hp_loss":0,"event_name":"World of Goop","floor":3,"gold_loss":0},{"damage_healed":0,"gold_gain":0,"player_choice":"1 cards matched","damage_taken":0,"max_hp_gain":0,"max_hp_loss":0,"event_name":"Match and Keep!","floor":10,"gold_loss":0,"cards_obtained":["Mind Blast"]},{"damage_healed":0,"gold_gain":0,"player_choice":"Ignored","damage_taken":0,"max_hp_gain":0,"max_hp_loss":0,"event_name":"Shining Light","floor":11,"gold_loss":0},{"damage_healed":0,"gold_gain":0,"player_choice":"Paid Fearfully","damage_taken":0,"max_hp_gain":0,"max_hp_loss":0,"event_name":"Masked Bandits","floor":19,"gold_loss":88},{"damage_healed":0,"gold_gain":0,"player_choice":"Became a vampire","damage_taken":0,"max_hp_gain":0,"max_hp_loss":21,"event_name":"Vampires","floor":25,"gold_loss":0,"cards_obtained":["Bite","Bite","Bite","Bite","Bite"]}],"is_beta":false,"boss_relics":[{"not_picked":["conspire:SlowCooker","Coffee Dripper"],"picked":"Ectoplasm"}],"items_purged_floors":[],"is_endless":false,"potions_floor_spawned":[7,20,31],"killed_by":"Champ","ascension_level":0}}