{"host":"ynimr9ugvc6f046i","time":1612972903,"event":{"mods":["2.2 Compatiblity","BaseMod","Colored Map","DeckTracker","Highlight Path","Keyboard Shortcuts","Minty Spire (QoL Compilation)","Permanent Neow","Quick Restart","StSLib","SuperFastMode"],"gold_per_floor":[109,124,137,153,153,188,188,215,215,229,249,274,274,288,288,367,367,386,400,400,400,90,119,119,146,169,181,212,226,226,236,236,309,309,322,222,222,241,251,251,286,304,304,304,333,359,359,390,390,390,390,390,390,7,7,7],"floor_reached":55,"language":"KOR","playtime":1453,"items_purged":["Strike_B","Defend_B","Defend_B"],"score":2124,"play_id":"4081b44e-17cf-42c5-8b02-ba08e602a583","local_time":"20210211010143","is_ascension_mode":true,"campfire_choices":[{"floor":7.0,"key":"REST"},{"floor":15.0,"key":"RECALL"},{"floor":30.0,"key":"REST"},{"floor":32.0,"key":"REST"},{"floor":40.0,"key":"REST"},{"floor":44.0,"key":"REST"},{"floor":47.0,"key":"REST"},{"floor":49.0,"key":"REST"},{"floor":53,"key":"REST"}],"circlet_count":0,"master_deck":["AscendersBane","Defend_B","Defend_B","Zap","Dualcast","Apotheosis+1","Gash","Doom and Gloom","All For One","Glacier","Chill","Go for the Eyes","Electrodynamics","Tempest","Multi-Cast","Capacitor","Gash","Turbo","Consume","Echo Form","Chaos+1","Gash","Beam Cell","Recycle"],"relics":["Fusion Hammer","Bottled Lightning","Boot","Lantern","Pantograph","Blue Candle","Nuclear Battery","Runic Capacitor","Gremlin Horn","Pocketwatch","Nunchaku","Letter Opener","Runic Pyramid","HornCleat","Dream Catcher","CeramicFish","Torii","Shuriken"],"acts_visited":["Exordium","TheCity","TheBeyond","TheEnding"],"potions_floor_usage":[],"damage_taken":[{"damage":0.0,"enemies":"2 Louse","floor":1.0,"turns":3.0},{"damage":0.0,"enemies":"Cultist","floor":2.0,"turns":3.0},{"damage":0.0,"enemies":"Small Slimes","floor":3.0,"turns":4.0},{"damage":6.0,"enemies":"Exordium Thugs","floor":4.0,"turns":4.0},{"damage":36.0,"enemies":"Gremlin Nob","floor":6.0,"turns":4.0},{"damage":4.0,"enemies":"Lagavulin","floor":8.0,"turns":5.0},{"damage":3.0,"enemies":"Looter","floor":10.0,"turns":3.0},{"damage":0.0,"enemies":"2 Fungi Beasts","floor":11.0,"turns":1.0},{"damage":23.0,"enemies":"Gremlin Nob","floor":12.0,"turns":4.0},{"damage":0.0,"enemies":"Exordium Thugs","floor":14.0,"turns":3.0},{"damage":15.0,"enemies":"Slime Boss","floor":16.0,"turns":7.0},{"damage":0.0,"enemies":"Chosen","floor":18.0,"turns":4.0},{"damage":4.0,"enemies":"3 Byrds","floor":19.0,"turns":3.0},{"damage":7.0,"enemies":"Slavers","floor":23.0,"turns":3.0},{"damage":13.0,"enemies":"Book of Stabbing","floor":25.0,"turns":5.0},{"damage":0.0,"enemies":"Sentry and Sphere","floor":27.0,"turns":4.0},{"damage":6.0,"enemies":"Gremlin Leader","floor":28.0,"turns":4.0},{"damage":14.0,"enemies":"Snake Plant","floor":29.0,"turns":3.0},{"damage":0.0,"enemies":"3 Cultists","floor":31.0,"turns":3.0},{"damage":0.0,"enemies":"Collector","floor":33.0,"turns":5.0},{"damage":8.0,"enemies":"3 Shapes","floor":35.0,"turns":2.0},{"damage":19.0,"enemies":"Orb Walker","floor":38.0,"turns":3.0},{"damage":21.0,"enemies":"Jaw Worm Horde","floor":39.0,"turns":2.0},{"damage":18.0,"enemies":"Reptomancer","floor":41.0,"turns":3.0},{"damage":2.0,"enemies":"Writhing Mass","floor":42.0,"turns":5.0},{"damage":17.0,"enemies":"Giant Head","floor":45.0,"turns":6.0},{"damage":0.0,"enemies":"Reptomancer","floor":48.0,"turns":4.0},{"damage":16,"enemies":"Awakened One","floor":50,"turns":8},{"damage":52,"enemies":"Time Eater","floor":51,"turns":8},{"damage":74,"enemies":"Shield and Spear","floor":55,"turns":3}],"seed_played":"-8754203976133309938","potions_obtained":[{"floor":1.0,"key":"Block Potion"},{"floor":4.0,"key":"PowerPotion"},{"floor":10.0,"key":"EssenceOfDarkness"},{"floor":23.0,"key":"Strength Potion"},{"floor":28.0,"key":"PowerPotion"},{"floor":48.0,"key":"Weak Potion"}],"is_trial":false,"path_per_floor":["M","M","M","M","?","E","R","E","T","M","M","E","?","M","R","B",null,"M","M","?","?","$","E","?","E","T","M","E","M","R","M","R","B",null,"M","$","?","M","M","R","E","M","T","R","E","T","R","E","R","B","B",null,"R","$","E"],"character_chosen":"DEFECT","items_purchased":["Runic Capacitor","Capacitor","Shuriken"],"campfire_rested":8,"item_purchase_floors":[22,22,54],"current_hp_per_floor":[64,64,64,58,58,22,43,39,39,36,36,13,9,9,9,19,58,58,54,54,54,54,47,47,34,34,34,28,14,35,35,56,71,71,63,63,63,44,23,44,26,24,24,45,28,28,49,49,70,55,19,58,71,71,0,0],"gold":7,"neow_bonus":"BOSS_RELIC","is_daily":false,"chose_seed":false,"campfire_upgraded":0,"win_rate":0.0,"timestamp":1612972903,"path_taken":["M","M","M","M","?","E","R","E","T","M","?","E","?","M","R","BOSS","M","?","?","?","$","E","?","E","T","M","E","M","R","M","R","BOSS","M","$","?","M","M","R","E","M","T","R","E","?","R","E","R","BOSS","BOSS","R","$","E"],"items_purchased_type":["Relic","Card","Relic"],"build_version":"2020-12-22","purchased_purges":3,"victory":false,"max_hp_per_floor":[71,71,71,71,71,71,71,71,71,71,71,71,71,71,71,71,71,71,71,71,71,71,71,71,71,71,71,71,71,71,71,71,71,71,71,71,71,71,71,71,71,71,71,71,71,71,71,71,71,71,71,71,71,71,71,71],"card_choices":[{"not_picked":["Heatsinks","Beam Cell","Redo"],"picked":"SKIP","floor":1.0},{"not_picked":["Barrage","Turbo","Stack"],"picked":"SKIP","floor":2.0},{"not_picked":["Steam Power","Reinforced Body"],"picked":"Gash","floor":3.0},{"not_picked":["Leap","Steam","Scrape"],"picked":"SKIP","floor":4.0},{"not_picked":["Steam","Beam Cell"],"picked":"Doom and Gloom","floor":6.0},{"not_picked":["Darkness","Rebound"],"picked":"All For One","floor":8.0},{"not_picked":["Hologram","Sweeping Beam"],"picked":"Glacier","floor":10.0},{"not_picked":["Steam","Stack"],"picked":"Chill","floor":11.0},{"not_picked":["Coolheaded","Sweeping Beam"],"picked":"Go for the Eyes","floor":12.0},{"not_picked":["Conserve Battery","Hyperbeam","Hello World"],"picked":"SKIP","floor":14.0},{"not_picked":["Meteor Strike","Echo Form"],"picked":"Electrodynamics","floor":16.0},{"not_picked":["Hologram","Loop"],"picked":"Beam Cell","floor":18.0},{"not_picked":["Rebound+1","Undo","Redo"],"picked":"SKIP","floor":19.0},{"not_picked":["Leap+1","Rip and Tear"],"picked":"Gash","floor":23.0},{"not_picked":["Sweeping Beam","Compile Driver","Streamline"],"picked":"SKIP","floor":25.0},{"not_picked":["Compile Driver","Hologram"],"picked":"Turbo","floor":27.0},{"not_picked":["Genetic Algorithm","Redo"],"picked":"Consume","floor":28.0},{"not_picked":["Rebound","Ball Lightning","Machine Learning"],"picked":"SKIP","floor":29.0},{"not_picked":["Melter","Aggregate","Double Energy"],"picked":"SKIP","floor":31.0},{"not_picked":["All For One","Meteor Strike"],"picked":"Echo Form","floor":33.0},{"not_picked":["Barrage","Conserve Battery"],"picked":"Chaos+1","floor":35.0},{"not_picked":["Aggregate","Fusion","Go for the Eyes"],"picked":"SKIP","floor":38.0},{"not_picked":["Static Discharge","White Noise"],"picked":"Gash","floor":39.0},{"not_picked":["Storm","Streamline","Compile Driver"],"picked":"SKIP","floor":41.0},{"not_picked":["Compile Driver+1","Melter"],"picked":"Beam Cell","floor":42.0},{"not_picked":["Rebound","Double Energy","Go for the Eyes+1"],"picked":"SKIP","floor":45.0},{"not_picked":["Turbo","Steam Power","Thunder Strike"],"picked":"SKIP","floor":48.0},{"not_picked":["Turbo","Steam Power","Thunder Strike"],"picked":"SKIP","floor":48.0}],"player_experience":573333,"relics_obtained":[{"floor":6.0,"key":"Boot"},{"floor":8.0,"key":"Lantern"},{"floor":9.0,"key":"Pantograph"},{"floor":12.0,"key":"Blue Candle"},{"floor":23.0,"key":"Gremlin Horn"},{"floor":25.0,"key":"Pocketwatch"},{"floor":26.0,"key":"Nunchaku"},{"floor":28.0,"key":"Letter Opener"},{"floor":41.0,"key":"HornCleat"},{"floor":45.0,"key":"Dream Catcher"},{"floor":46.0,"key":"CeramicFish"},{"floor":48.0,"key":"Torii"}],"event_choices":[{"damage_healed":0.0,"max_hp_gain":0.0,"max_hp_loss":0.0,"gold_gain":0.0,"event_name":"Lab","player_choice":"Got Potions","floor":5.0,"gold_loss":0.0,"damage_taken":0.0},{"damage_healed":0.0,"max_hp_gain":0.0,"max_hp_loss":0.0,"gold_gain":0.0,"event_name":"The Woman in Blue","player_choice":"Bought 0 Potions","floor":13.0,"gold_loss":0.0,"damage_taken":0.0},{"cards_removed":["Strike_B"],"damage_healed":0.0,"max_hp_gain":0.0,"max_hp_loss":0.0,"gold_gain":0.0,"event_name":"Back to Basics","player_choice":"Elegance","floor":20.0,"gold_loss":0.0,"damage_taken":0.0},{"damage_healed":0.0,"max_hp_gain":0.0,"max_hp_loss":0.0,"gold_gain":0.0,"cards_transformed":["Strike_B","Strike_B"],"event_name":"Drug Dealer","player_choice":"Became Test Subject","floor":21.0,"gold_loss":0.0,"damage_taken":0.0,"cards_obtained":["Tempest","Multi-Cast"]},{"damage_healed":0.0,"max_hp_gain":0.0,"max_hp_loss":0.0,"gold_gain":0.0,"event_name":"Vampires","player_choice":"Ignored","floor":24.0,"gold_loss":0.0,"damage_taken":0.0},{"cards_removed":["Beam Cell"],"damage_healed":0.0,"max_hp_gain":0.0,"max_hp_loss":0.0,"gold_gain":0.0,"event_name":"Falling","player_choice":"Removed Attack","floor":37.0,"gold_loss":0.0,"damage_taken":0.0}],"is_beta":false,"boss_relics":[{"not_picked":["Ectoplasm","Velvet Choker"],"picked":"Nuclear Battery"},{"not_picked":["Tiny House","Pandora\u0027s Box"],"picked":"Runic Pyramid"}],"items_purged_floors":[22,36,54],"is_endless":false,"potions_floor_spawned":[1,4,10,11,16,23,28,29,33,41,48],"killed_by":"Shield and Spear","ascension_level":20}}