{"host":"88sw61cmk1203zgj","time":1612937048,"event":{"mods":["BaseMod","Minty Spire (QoL Compilation)"],"gold_per_floor":[112,187,187,203,214,241,241,260,260,260,270,298,314,341,341,419,419,433,154,180,197,210,243,158,171,171,201,201,211,237,247,247,326,326,339,339,353,366,366,400,193,415,415,449,467,495,521,555,555,555,555,555,113,140,140],"floor_reached":56,"language":"ENG","playtime":5514,"items_purged":["Strike_R","Strike_R","Strike_R"],"score":2207,"play_id":"5ffd6df2-5a17-42b9-b1ee-b6782a9a6817","local_time":"20210210010408","is_ascension_mode":true,"campfire_choices":[{"data":"Wild Strike","floor":7.0,"key":"SMITH"},{"data":"Feel No Pain","floor":10.0,"key":"SMITH"},{"data":"Pommel Strike","floor":15.0,"key":"SMITH"},{"data":"Inflame","floor":28.0,"key":"SMITH"},{"data":"Twin Strike","floor":32.0,"key":"SMITH"},{"floor":49.0,"key":"RECALL"},{"data":"Heavy Blade","floor":52.0,"key":"SMITH"}],"circlet_count":0,"master_deck":["AscendersBane","Strike_R","Strike_R","Defend_R","Defend_R","Defend_R","Defend_R","Bash","Wild Strike+1","Cleave","Feel No Pain+1","Second Wind+1","Spot Weakness+1","Anger","Double Tap+1","Pommel Strike+1","Limit Break+1","Reaper","Intimidate+1","Shrug It Off+1","Inflame+1","Ghostly Armor+1","Battle Trance+1","Warcry+1","Twin Strike+1","Dual Wield+1","Headbutt","Warcry+1","Impervious+1","Burning Pact+1","Master of Strategy+1","Good Instincts+1","Heavy Blade+1","Dark Embrace+1","Sentinel+1"],"relics":["Burning Blood","PreservedInsect","StrikeDummy","Toxic Egg 2","Kunai","Singing Bowl","Meat on the Bone","Philosopher\u0027s Stone","Red Mask","Blue Candle","Smiling Mask","Eternal Feather","Pantograph","Red Skull","Coffee Dripper","Centennial Puzzle","Medical Kit","Darkstone Periapt","Mercury Hourglass","Orichalcum","Boot","Ornamental Fan","Akabeko","Pocketwatch"],"acts_visited":["Exordium","TheCity","TheBeyond","TheEnding"],"potions_floor_usage":[55,55],"damage_taken":[{"damage":1.0,"enemies":"Cultist","floor":1.0,"turns":4.0},{"damage":4.0,"enemies":"Small Slimes","floor":4.0,"turns":2.0},{"damage":4.0,"enemies":"2 Louse","floor":5.0,"turns":2.0},{"damage":0.0,"enemies":"Gremlin Nob","floor":6.0,"turns":2.0},{"damage":6.0,"enemies":"Blue Slaver","floor":8.0,"turns":3.0},{"damage":3.0,"enemies":"Large Slime","floor":11.0,"turns":5.0},{"damage":10.0,"enemies":"3 Sentries","floor":12.0,"turns":4.0},{"damage":1.0,"enemies":"3 Louse","floor":13.0,"turns":3.0},{"damage":13.0,"enemies":"Lagavulin","floor":14.0,"turns":6.0},{"damage":50.0,"enemies":"Hexaghost","floor":16.0,"turns":8.0},{"damage":30.0,"enemies":"2 Thieves","floor":18.0,"turns":3.0},{"damage":46.0,"enemies":"Masked Bandits","floor":20.0,"turns":4.0},{"damage":1.0,"enemies":"Shell Parasite","floor":21.0,"turns":4.0},{"damage":18.0,"enemies":"Snecko","floor":22.0,"turns":4.0},{"damage":12.0,"enemies":"Gremlin Leader","floor":23.0,"turns":5.0},{"damage":6.0,"enemies":"Chosen and Byrds","floor":25.0,"turns":6.0},{"damage":30.0,"enemies":"Slavers","floor":27.0,"turns":4.0},{"damage":7.0,"enemies":"Centurion and Healer","floor":29.0,"turns":6.0},{"damage":12.0,"enemies":"Book of Stabbing","floor":30.0,"turns":5.0},{"damage":25.0,"enemies":"3 Cultists","floor":31.0,"turns":5.0},{"damage":96.0,"enemies":"Collector","floor":33.0,"turns":8.0},{"damage":24.0,"enemies":"3 Darklings","floor":35.0,"turns":5.0},{"damage":12.0,"enemies":"Orb Walker","floor":37.0,"turns":3.0},{"damage":0.0,"enemies":"Transient","floor":38.0,"turns":5.0},{"damage":4.0,"enemies":"Giant Head","floor":40.0,"turns":5.0},{"damage":0.0,"enemies":"Reptomancer","floor":44.0,"turns":3.0},{"damage":48.0,"enemies":"Writhing Mass","floor":45.0,"turns":7.0},{"damage":0.0,"enemies":"Nemesis","floor":46.0,"turns":5.0},{"damage":19.0,"enemies":"Giant Head","floor":48.0,"turns":6.0},{"damage":57.0,"enemies":"Donu and Deca","floor":50.0,"turns":9.0},{"damage":49.0,"enemies":"Shield and Spear","floor":54.0,"turns":5.0},{"damage":93,"enemies":"The Heart","floor":55,"turns":8}],"seed_played":"-80289808701046665","potions_obtained":[{"floor":4.0,"key":"FearPotion"},{"floor":8.0,"key":"Dexterity Potion"},{"floor":11.0,"key":"PowerPotion"},{"floor":16.0,"key":"SteroidPotion"},{"floor":18.0,"key":"Block Potion"},{"floor":27.0,"key":"SneckoOil"},{"floor":30.0,"key":"Strength Potion"}],"is_trial":false,"path_per_floor":["M","?","?","M","M","E","R","M","T","R","M","E","M","E","R","B",null,"M","$","?","M","M","E","?","M","T","E","R","M","E","M","R","B",null,"M","?","M","M","?","E","$","?","T","E","M","E","T","E","R","B",null,"R","$","E","B",null],"character_chosen":"IRONCLAD","items_purchased":["Shrug It Off+1","Inflame","Ghostly Armor+1","Medical Kit","Ornamental Fan","Akabeko"],"campfire_rested":0,"item_purchase_floors":[19,19,19,41,53,53],"current_hp_per_floor":[73,62,59,61,63,69,69,69,69,69,72,68,73,66,66,34,65,51,51,52,67,68,79,79,79,79,63,78,81,75,62,80,81,81,81,71,75,83,83,83,83,83,83,83,54,72,72,61,82,63,83,89,89,84,48],"gold":140,"neow_bonus":"RANDOM_COMMON_RELIC","is_daily":false,"chose_seed":false,"campfire_upgraded":6,"win_rate":0.0,"timestamp":1612937048,"path_taken":["M","?","?","M","M","E","R","M","T","R","M","E","M","E","R","BOSS","M","$","?","M","M","E","?","M","T","E","R","M","E","M","R","BOSS","M","?","M","M","?","E","$","?","T","E","M","E","?","E","R","BOSS","R","$","E","BOSS"],"items_purchased_type":["Card","Card","Card","Relic","Relic","Relic"],"build_version":"2020-12-22","purchased_purges":3,"victory":true,"max_hp_per_floor":[75,75,75,75,75,75,75,75,75,75,75,75,75,75,75,75,75,75,75,77,77,77,79,79,79,79,79,79,81,81,81,81,81,81,81,81,83,83,83,83,83,83,83,83,85,87,87,89,89,89,89,89,89,91,91],"card_choices":[{"not_picked":["Warcry","Thunderclap"],"picked":"Wild Strike","floor":1.0},{"not_picked":["Armaments","Hemokinesis"],"picked":"Cleave","floor":4.0},{"not_picked":["Burning Pact","Reckless Charge"],"picked":"Feel No Pain","floor":5.0},{"not_picked":["Perfected Strike","Dark Embrace"],"picked":"Second Wind+1","floor":6.0},{"not_picked":["Perfected Strike","Iron Wave"],"picked":"Spot Weakness+1","floor":8.0},{"not_picked":["Metallicize","Body Slam"],"picked":"Anger","floor":11.0},{"not_picked":["Clash","Sword Boomerang"],"picked":"Double Tap+1","floor":12.0},{"not_picked":["Clothesline","Anger"],"picked":"Pommel Strike","floor":13.0},{"not_picked":["Cleave","Reckless Charge"],"picked":"Limit Break+1","floor":14.0},{"not_picked":["Feed","Immolate"],"picked":"Reaper","floor":16.0},{"not_picked":["Pommel Strike","Twin Strike"],"picked":"Intimidate+1","floor":18.0},{"not_picked":["Rage+1","Body Slam","Flame Barrier+1"],"picked":"Singing Bowl","floor":20.0},{"not_picked":["Evolve","Power Through+1"],"picked":"Battle Trance+1","floor":21.0},{"not_picked":["Flame Barrier+1","Flex+1"],"picked":"Warcry+1","floor":22.0},{"not_picked":["Power Through+1","Body Slam","Carnage"],"picked":"Singing Bowl","floor":23.0},{"not_picked":["Uppercut+1","Battle Trance+1"],"picked":"Twin Strike","floor":25.0},{"not_picked":["Havoc+1","Berserk"],"picked":"Dual Wield+1","floor":27.0},{"not_picked":["Twin Strike","Spot Weakness+1","Combust"],"picked":"Singing Bowl","floor":29.0},{"not_picked":["Searing Blow","Uppercut"],"picked":"Headbutt","floor":30.0},{"not_picked":["Fire Breathing","Iron Wave"],"picked":"Warcry+1","floor":31.0},{"not_picked":["Berserk","Feed"],"picked":"Impervious+1","floor":33.0},{"not_picked":["Body Slam+1","Shrug It Off+1"],"picked":"Burning Pact+1","floor":35.0},{"not_picked":["Dramatic Entrance","Bandage Up+1"],"picked":"Master of Strategy+1","floor":36.0},{"not_picked":["Sadistic Nature","Impatience+1"],"picked":"Good Instincts+1","floor":36.0},{"not_picked":["Dramatic Entrance","Forethought+1"],"picked":"Purity+1","floor":36.0},{"not_picked":["Inflame","Spot Weakness+1","Thunderclap"],"picked":"Singing Bowl","floor":37.0},{"not_picked":["Armaments+1","Thunderclap"],"picked":"Heavy Blade","floor":38.0},{"not_picked":["Flame Barrier+1","Wild Strike"],"picked":"Dark Embrace+1","floor":40.0},{"not_picked":["Flex+1","Warcry+1"],"picked":"Sentinel+1","floor":44.0},{"not_picked":["Whirlwind+1","Double Tap+1","Warcry+1"],"picked":"Singing Bowl","floor":45.0},{"not_picked":["Warcry+1","Second Wind+1","Whirlwind+1"],"picked":"Singing Bowl","floor":46.0},{"not_picked":["Headbutt+1","Rampage+1","Double Tap+1"],"picked":"Singing Bowl","floor":48.0},{"not_picked":["Fire Breathing+1","Heavy Blade","Pommel Strike"],"picked":"Singing Bowl","floor":54.0}],"player_experience":1569860,"relics_obtained":[{"floor":6.0,"key":"Toxic Egg 2"},{"floor":9.0,"key":"Kunai"},{"floor":12.0,"key":"Singing Bowl"},{"floor":14.0,"key":"Meat on the Bone"},{"floor":20.0,"key":"Red Mask"},{"floor":23.0,"key":"Blue Candle"},{"floor":26.0,"key":"Eternal Feather"},{"floor":27.0,"key":"Pantograph"},{"floor":30.0,"key":"Red Skull"},{"floor":40.0,"key":"Centennial Puzzle"},{"floor":44.0,"key":"Darkstone Periapt"},{"floor":46.0,"key":"Mercury Hourglass"},{"floor":47.0,"key":"Orichalcum"},{"floor":48.0,"key":"Boot"},{"floor":54.0,"key":"Pocketwatch"}],"event_choices":[{"damage_healed":0.0,"max_hp_gain":0.0,"max_hp_loss":0.0,"gold_gain":75.0,"event_name":"World of Goop","player_choice":"Gather Gold","floor":2.0,"gold_loss":0.0,"damage_taken":11.0},{"damage_healed":0.0,"max_hp_gain":0.0,"max_hp_loss":0.0,"gold_gain":0.0,"event_name":"Scrap Ooze","player_choice":"Success","floor":3.0,"gold_loss":0.0,"damage_taken":3.0,"relics_obtained":["StrikeDummy"]},{"damage_healed":0.0,"max_hp_gain":0.0,"max_hp_loss":0.0,"gold_gain":0.0,"event_name":"Masked Bandits","player_choice":"Fought Bandits","floor":20.0,"gold_loss":0.0,"damage_taken":0.0},{"damage_healed":0.0,"max_hp_gain":0.0,"max_hp_loss":0.0,"gold_gain":0.0,"event_name":"Addict","player_choice":"Obtained Relic","floor":24.0,"gold_loss":85.0,"damage_taken":0.0,"relics_obtained":["Smiling Mask"]},{"damage_healed":0.0,"max_hp_gain":0.0,"max_hp_loss":0.0,"gold_gain":0.0,"event_name":"SensoryStone","player_choice":"Memory 3","floor":36.0,"gold_loss":0.0,"damage_taken":10.0},{"cards_removed":["Purity"],"damage_healed":0.0,"max_hp_gain":0.0,"max_hp_loss":0.0,"gold_gain":0.0,"event_name":"Falling","player_choice":"Removed Skill","floor":39.0,"gold_loss":0.0,"damage_taken":0.0},{"damage_healed":0.0,"max_hp_gain":0.0,"max_hp_loss":0.0,"gold_gain":222.0,"event_name":"Tomb of Lord Red Mask","player_choice":"Wore Mask","floor":42.0,"gold_loss":0.0,"damage_taken":0.0}],"is_beta":false,"boss_relics":[{"not_picked":["Black Blood","SlaversCollar"],"picked":"Philosopher\u0027s Stone"},{"not_picked":["Empty Cage","Sozu"],"picked":"Coffee Dripper"}],"items_purged_floors":[19,41,53],"is_endless":false,"potions_floor_spawned":[4,8,11,12,14,16,18,22,27,30,38,45],"ascension_level":14}}