{"host":"r91i8wii3z9p67t1","time":1612926191,"event":{"mods":["BaseMod","Minty Spire (QoL Compilation)","Relic Stats","StSLib"],"gold_per_floor":[109,109,109,109,132,132,132,175,200,241,285,285],"floor_reached":11,"language":"ENG","playtime":672,"items_purged":[],"score":214,"play_id":"950fb560-b83a-4f51-89ac-7a7a83fa442e","local_time":"20210210110311","daily_mods":["Draft","Heirloom","Time Dilation","Flight","Elite Swarm"],"is_ascension_mode":false,"campfire_choices":[{"data":"Blade Dance","floor":6,"key":"SMITH"},{"data":"Blade Dance","floor":7,"key":"SMITH"}],"circlet_count":0,"master_deck":["Predator","Well Laid Plans+1","Escape Plan","Blade Dance+1","PiercingWail","Outmaneuver+1","Calculated Gamble","Calculated Gamble","Terror","Acrobatics","Calculated Gamble","Backflip","Masterful Stab","Blade Dance+1","Crippling Poison","Tactician","After Image"],"relics":["Ring of the Snake","TungstenRod","Golden Idol","Shovel","MealTicket","Juzu Bracelet","Snake Skull"],"acts_visited":["Exordium"],"potions_floor_usage":[],"damage_taken":[{"damage":0,"enemies":"Jaw Worm","floor":1,"turns":2},{"damage":0,"enemies":"2 Louse","floor":5,"turns":2},{"damage":0,"enemies":"Lagavulin","floor":8,"turns":2},{"damage":0,"enemies":"Gremlin Nob","floor":10,"turns":2},{"damage":0,"enemies":"3 Sentries","floor":11,"turns":5}],"seed_played":"7148725318328098983","potions_obtained":[{"floor":1,"key":"EntropicBrew"},{"floor":5,"key":"Dexterity Potion"},{"floor":11,"key":"Swift Potion"}],"is_trial":true,"path_per_floor":["M","?","?","?","M","R","R","E","T","E","E"],"character_chosen":"THE_SILENT","items_purchased":[],"campfire_rested":0,"item_purchase_floors":[],"current_hp_per_floor":[70,75,61,44,44,44,44,44,44,44,44,44],"gold":285,"neow_bonus":"","is_daily":false,"chose_seed":false,"campfire_upgraded":2,"win_rate":0.0,"timestamp":1612926191,"path_taken":["M","?","?","?","M","R","R","E","T","E","E"],"items_purchased_type":[],"build_version":"2020-12-22","purchased_purges":0,"victory":false,"max_hp_per_floor":[70,75,75,75,75,75,75,75,75,75,75,75],"relic_stats":{"Shovel":0,"counters":[5,13],"Golden Idol":31,"MealTicket":0,"Snake Skull":[0],"Juzu Bracelet":0,"obtain_stats":[{"Shovel":8,"Golden Idol":4,"MealTicket":9,"Snake Skull":11,"Juzu Bracelet":10,"TungstenRod":0,"Ring of the Snake":0},{"Shovel":3,"Golden Idol":1,"MealTicket":3,"Snake Skull":5,"Juzu Bracelet":4,"TungstenRod":0,"Ring of the Snake":0},{"Shovel":6,"Golden Idol":2,"MealTicket":6,"Snake Skull":13,"Juzu Bracelet":8,"TungstenRod":0,"Ring of the Snake":0}],"TungstenRod":3,"Ring of the Snake":[10]},"card_choices":[{"not_picked":["Bane","Backflip"],"picked":"Predator","floor":0},{"not_picked":["Blur","PiercingWail"],"picked":"Well Laid Plans","floor":0},{"not_picked":["Prepared","Footwork"],"picked":"Escape Plan","floor":0},{"not_picked":["Expertise","Dagger Spray"],"picked":"Blade Dance","floor":0},{"not_picked":["Dash","Flying Knee"],"picked":"PiercingWail","floor":0},{"not_picked":["Flying Knee","Bane"],"picked":"Outmaneuver","floor":0},{"not_picked":["Prepared","Backflip"],"picked":"Calculated Gamble","floor":0},{"not_picked":["Catalyst","Cloak And Dagger"],"picked":"Calculated Gamble","floor":0},{"not_picked":["Dodge and Roll","PiercingWail"],"picked":"Terror","floor":0},{"not_picked":["Cloak And Dagger","Masterful Stab"],"picked":"Acrobatics","floor":0},{"not_picked":["Crippling Poison","Deadly Poison"],"picked":"Calculated Gamble","floor":0},{"not_picked":["Flying Knee","Acrobatics"],"picked":"Backflip","floor":0},{"not_picked":["Quick Slash","Bane"],"picked":"Masterful Stab","floor":0},{"not_picked":["Riddle With Holes","Prepared"],"picked":"Blade Dance","floor":0},{"not_picked":["Riddle With Holes","Sucker Punch"],"picked":"Crippling Poison","floor":0},{"not_picked":["Deflect","Backflip"],"picked":"Tactician","floor":1},{"not_picked":["Calculated Gamble","Slice","Quick Slash"],"picked":"SKIP","floor":5},{"not_picked":["Unload","Phantasmal Killer"],"picked":"After Image","floor":10},{"not_picked":["Venomology","A Thousand Cuts","Wraith Form v2"],"picked":"SKIP","floor":11}],"player_experience":1041086,"relics_obtained":[{"floor":8,"key":"Shovel"},{"floor":9,"key":"MealTicket"},{"floor":10,"key":"Juzu Bracelet"},{"floor":11,"key":"Snake Skull"}],"event_choices":[{"damage_healed":0,"gold_gain":0,"player_choice":"Donut","damage_taken":0,"max_hp_gain":5,"max_hp_loss":0,"event_name":"Big Fish","floor":2,"gold_loss":0},{"damage_healed":0,"gold_gain":0,"player_choice":"Entered Light","damage_taken":15,"max_hp_gain":0,"max_hp_loss":0,"event_name":"Shining Light","floor":3,"gold_loss":0,"cards_upgraded":["Outmaneuver","Well Laid Plans"]},{"damage_healed":0,"gold_gain":0,"player_choice":"Take Damage","damage_taken":18,"relics_obtained":["Golden Idol"],"max_hp_gain":0,"max_hp_loss":0,"event_name":"Golden Idol","floor":4,"gold_loss":0}],"is_beta":false,"boss_relics":[],"items_purged_floors":[],"is_endless":true,"potions_floor_spawned":[1,5,11],"killed_by":"3 Sentries","ascension_level":0}}