{"host":"t7rtdu4954o308h4","time":1612962916,"event":{"mods":["ATMod(阿瑾Mod)","AchievementEnabler","Act Like it!","BaseMod","Conspire","Highlight Path","Hubris","Infinite Spire","Minty Spire (QoL Compilation)","MostiFishMod","Pale of the Ancients","Replay The Spire","Shop Mod","StSLib","TestMod","Waifu the Spire","【功能Mod】聪明的最终Boss","【遗物卡牌】REMEMod","魔戒"],"gold_per_floor":[118,136,136,536,536,536,567,567,615,615,646,657,128,206,206,308,308,325,339,356,565,578,592,602,602,650,251,265,275,287,162,162,265,265,281,297,243,243,243,243,271,288,334,363,363,122,134,163,163,163,258,272,272,272,272,272,272,131,131,131],"floor_reached":61,"language":"ZHS","playtime":3568,"items_purged":["RingOfDestiny:Defend_PU","RingOfDestiny:Defend_PU","RingOfDestiny:Strike_PU","RingOfDestiny:Strike_PU"],"score":1698,"play_id":"03c7ac06-35a9-415c-8279-d6f204eb3a07","local_time":"20210210211516","is_ascension_mode":false,"campfire_choices":[{"data":"RingOfDestiny:FirstInvest","floor":6,"key":"SMITH"},{"data":"RingOfDestiny:RaiseMoney","floor":8,"key":"SMITH"},{"data":"RingOfDestiny:Metaphysics","floor":10,"key":"SMITH"},{"data":"AT_FamilyPortrait","floor":15,"key":"SMITH"},{"data":"RingOfDestiny:InvestMagic","floor":25,"key":"SMITH"},{"data":"RingOfDestiny:MonthCard","floor":32,"key":"SMITH"},{"data":"ReplayTheSpireMod:Faulty Equipment","floor":40,"key":"SMITH"},{"data":"RingOfDestiny:Filter","floor":45,"key":"SMITH"},{"data":"RingOfDestiny:Show","floor":49,"key":"SMITH"},{"data":"RingOfDestiny:PressuredBullet","floor":55,"key":"SMITH"},{"floor":57,"key":"RECALL"}],"circlet_count":0,"master_deck":["hubris:Hubris","RingOfDestiny:Defend_PU+1","RingOfDestiny:Defend_PU+1","RingOfDestiny:Strike_PU","RingOfDestiny:FirstInvest+1","RingOfDestiny:DiamondOfDeath","RingOfDestiny:Metaphysics+1","RingOfDestiny:PressuredBullet+1","AT_FamilyPortrait+1","RingOfDestiny:RaiseMoney+1","RingOfDestiny:Shiny+1","RingOfDestiny:MultipleInvest","RingOfDestiny:GoldFinger","RingOfDestiny:InvestMagic+1","RingOfDestiny:LargeGains","RingOfDestiny:Filter+1","RingOfDestiny:Rebate+1","RingOfDestiny:CatCannon","RingOfDestiny:MonthCard+1","RingOfDestiny:Show+1","CommonCold","CurseOfTheBell","RingOfDestiny:Overdraft+1","MostiFishMod:Mottled+1"],"relics":["RingOfDestiny:DogEyes","AT_ATBox","DaveBox","REME_ComplimentaryCards","testmod-ConstraintPeriapt","GuanYuAspect","NeowsBlessing","SynthV:TestCard","infinitespire:PuzzleCube","Art of War","Darkstone Periapt","ChiLing","Chi","Ling","testmod-RainbowHikingShoes","conspire:BottledYoYo","testmod-IncinerationGenerator","testmod-TurbochargingSystem","AT_ArcaneBoots","StoneCalendar","MerchantsRug","Blue Doll","hubris:MysteriousPyramids","SentryEyes","Mummified Hand","AT_Manta","Pondfish Scales","Nunchaku","ReplayTheSpireMod:Lightbulb","conspire:DeflatedDodgeball","AT_BellDemon","paleoftheancients:Timepiece","paleoftheancients:KeyRelic","Letter Opener","paleoftheancients:SoulOfTheWatcher","conspire:DecoderRing","testmod-IndustrialRevolution","infinitespire:EvilPickle"],"acts_visited":["Exordium","TheCity","TheBeyond","paleoftheancients:PaleOfTheAncients"],"potions_floor_usage":[12,56,56,60,60],"damage_taken":[{"damage":0,"enemies":"Cultist","floor":1,"turns":1},{"damage":0,"enemies":"Small Slimes","floor":2,"turns":1},{"damage":0,"enemies":"Gremlin Nob","floor":7,"turns":1},{"damage":0,"enemies":"Lagavulin","floor":11,"turns":3},{"damage":7,"enemies":"Jaw Worm","floor":12,"turns":2},{"damage":18,"enemies":"The Guardian","floor":16,"turns":4},{"damage":1,"enemies":"Spheric Guardian","floor":18,"turns":1},{"damage":2,"enemies":"conspire:FuzzyDice","floor":19,"turns":1},{"damage":11,"enemies":"Snake Plant","floor":20,"turns":2},{"damage":3,"enemies":"3 Cultists","floor":22,"turns":2},{"damage":16,"enemies":"Centurion and Healer","floor":23,"turns":2},{"damage":4,"enemies":"conspire:HollyBat","floor":24,"turns":4},{"damage":24,"enemies":"Snake Plant","floor":28,"turns":2},{"damage":4,"enemies":"Sentry and Sphere","floor":29,"turns":2},{"damage":2,"enemies":"Snecko","floor":30,"turns":1},{"damage":16,"enemies":"Pondfish","floor":33,"turns":3},{"damage":0,"enemies":"3 Shapes","floor":35,"turns":1},{"damage":2,"enemies":"3 Darklings","floor":36,"turns":1},{"damage":2,"enemies":"2 Orb Walkers","floor":37,"turns":1},{"damage":2,"enemies":"Nemesis","floor":41,"turns":1},{"damage":1,"enemies":"Jaw Worm Horde","floor":42,"turns":1},{"damage":4,"enemies":"R_Hoarder","floor":44,"turns":2},{"damage":2,"enemies":"4 Shapes","floor":47,"turns":1},{"damage":4,"enemies":"Giant Head","floor":48,"turns":2},{"damage":63,"enemies":"infinitespire:MassOfShapes","floor":50,"turns":2},{"damage":4,"enemies":"infinitespire:MassOfShapes","floor":51,"turns":3},{"damage":3,"enemies":"infinitespire:MassOfShapes","floor":52,"turns":1},{"damage":530,"enemies":"infinitespire:MassOfShapes","floor":56,"turns":5},{"damage":3,"enemies":"paleoftheancients:N","floor":60,"turns":2}],"seed_played":"6699685649075105539","potions_obtained":[{"floor":1,"key":"SmokeBomb"},{"floor":11,"key":"testmod-SpacePotion"},{"floor":12,"key":"testmod-TestPotion"},{"floor":16,"key":"Fire Potion"},{"floor":18,"key":"Dexterity Potion"},{"floor":23,"key":"Toxic Potion"},{"floor":28,"key":"infinitespire:BlackPotion"},{"floor":37,"key":"PowerPotion"}],"is_trial":false,"path_per_floor":["M","M","T","?","?","R","E","R","T","R","E","M","$","T","R","B",null,"M","M","M","?","M","M","M","R","T","$","M","M","M","$","R","B",null,"M","M","?","AVR","?","R","E","M","T","E","R","$","M","E","R","B","M","M","?","T","R","M","R","$","?","B",null],"character_chosen":"Purchemist","items_purchased":["ChiLing","testmod-RainbowHikingShoes","BargainBundle","AT_SpeedBoots","RingOfDestiny:MonthCard","StoneCalendar","MerchantsRug","conspire:DeflatedDodgeball","testmod-IndustrialRevolution","MostiFishMod:Mottled+1"],"campfire_rested":0,"item_purchase_floors":[13,13,27,27,27,27,27,46,58,58],"current_hp_per_floor":[45,45,45,45,48,48,50,50,50,50,50,46,46,46,46,50,50,50,50,43,43,46,37,50,50,50,50,30,32,40,40,40,43,68,68,68,68,68,71,71,74,74,74,74,74,74,74,74,74,76,77,77,77,77,77,77,77,77,77,77],"gold":131,"neow_bonus":"THREE_ENEMY_KILL","is_daily":false,"chose_seed":false,"campfire_upgraded":10,"win_rate":0.0,"timestamp":1612962916,"path_taken":["M","M","?","?","?","R","E","R","T","R","E","M","$","?","R","BOSS","M","?","M","?","M","M","M","R","T","$","M","M","M","$","R","BOSS","M","M","?","AVR","?","R","E","M","T","E","R","$","M","E","R","BOSS","M","M","?","T","R","M","R","$","?","BOSS"],"items_purchased_type":["Relic","Relic","Relic","Relic","Card","Relic","Relic","Relic","Relic","Card"],"build_version":"2020-12-22","purchased_purges":4,"victory":true,"max_hp_per_floor":[45,45,45,45,50,50,50,50,50,50,50,50,50,50,50,50,50,50,50,50,50,50,50,50,50,50,50,50,50,50,50,50,50,68,68,68,68,68,74,74,74,74,74,74,74,74,74,74,74,77,77,77,77,77,77,77,77,77,77,77],"card_choices":[{"not_picked":["RingOfDestiny:Wilful","RingOfDestiny:Windfall"],"picked":"RingOfDestiny:RaiseMoney","floor":1},{"not_picked":["RingOfDestiny:Wilful","RingOfDestiny:AristocraticPedigree","RingOfDestiny:Shuffle","RingOfDestiny:NoLoss"],"picked":"RingOfDestiny:Shiny","floor":2},{"not_picked":["RingOfDestiny:ThreeRaffles","RingOfDestiny:NoInvest","RingOfDestiny:NoviceReward","RingOfDestiny:Joyride"],"picked":"RingOfDestiny:MultipleInvest","floor":7},{"not_picked":["RingOfDestiny:CrushDiamond","RingOfDestiny:Shuffle","RingOfDestiny:Wilful","RingOfDestiny:Purification"],"picked":"RingOfDestiny:GoldFinger","floor":11},{"not_picked":["RingOfDestiny:DrawAgain","RingOfDestiny:Disdain","RingOfDestiny:Rebate","RingOfDestiny:Windfall"],"picked":"RingOfDestiny:InvestMagic","floor":12},{"not_picked":["RingOfDestiny:ScrewRules","RingOfDestiny:GoldProtect","RingOfDestiny:Rich","RingOfDestiny:Extraction"],"picked":"RingOfDestiny:LargeGains","floor":16},{"not_picked":["RingOfDestiny:NoLoss+1","RingOfDestiny:Wilful","RingOfDestiny:Refine","RingOfDestiny:RaiseMoney"],"picked":"RingOfDestiny:Filter","floor":18},{"not_picked":["RingOfDestiny:CrushDiamond","RingOfDestiny:Purification","RingOfDestiny:AristocraticPedigree","RingOfDestiny:SwornRevenge+1"],"picked":"RingOfDestiny:Rebate+1","floor":19},{"not_picked":["RingOfDestiny:Purification","RingOfDestiny:DrawAgain","RingOfDestiny:NoLoss","RingOfDestiny:Filter","RingOfDestiny:NoInvest+1"],"picked":"SKIP","floor":20},{"not_picked":["RingOfDestiny:Shuffle","RingOfDestiny:Refine","RingOfDestiny:NoLoss","RingOfDestiny:MassInvest+1"],"picked":"RingOfDestiny:CatCannon","floor":21},{"not_picked":["RingOfDestiny:CatGash","RingOfDestiny:BuyBuyBuy","RingOfDestiny:Disdain","RingOfDestiny:Rebate+1","RingOfDestiny:BloodBorne"],"picked":"SKIP","floor":22},{"not_picked":["RingOfDestiny:Reinforcement","RingOfDestiny:Disdain+1","RingOfDestiny:HoldOn","RingOfDestiny:Windfall","RingOfDestiny:Wild+1"],"picked":"SKIP","floor":23},{"not_picked":["RingOfDestiny:Filter","RingOfDestiny:Wilful","RingOfDestiny:RaiseMoney","RingOfDestiny:BuyBuyBuy+1","RingOfDestiny:NoviceReward"],"picked":"SKIP","floor":24},{"not_picked":["RingOfDestiny:MultipleInvest","RingOfDestiny:BloodBorne+1","RingOfDestiny:Cheat","RingOfDestiny:NoviceReward","RingOfDestiny:Rebate+1"],"picked":"SKIP","floor":28},{"not_picked":["RingOfDestiny:Windfall+1","RingOfDestiny:Corrosion","RingOfDestiny:CrushDiamond","RingOfDestiny:BloodAvalanche","RingOfDestiny:Concentrate"],"picked":"SKIP","floor":29},{"not_picked":["RingOfDestiny:Conversion","RingOfDestiny:Laugh+1","RingOfDestiny:DoubleInvest","RingOfDestiny:Refine+1","RingOfDestiny:NoviceReward"],"picked":"SKIP","floor":30},{"not_picked":["RingOfDestiny:ScrewRules","RingOfDestiny:Extraction","RingOfDestiny:Repeat","RingOfDestiny:LargeGains"],"picked":"RingOfDestiny:Show","floor":33},{"not_picked":["Decay","hubris:Gluttony","Writhe","Amnesia"],"picked":"ReplayTheSpireMod:IOU","floor":34},{"not_picked":["Sickly","ReplayTheSpireMod:Splinters","Amnesia","hubris:Compulsion"],"picked":"ReplayTheSpireMod:Faulty Equipment","floor":34},{"not_picked":["CurseOfTheBell","Shame","Pain","Delirium"],"picked":"CommonCold","floor":34},{"not_picked":["RingOfDestiny:CrushDiamond+1","RingOfDestiny:Windfall+1","RingOfDestiny:CatGash+1","RingOfDestiny:Metaphysics","RingOfDestiny:DrawAgain+1"],"picked":"SKIP","floor":35},{"not_picked":["RingOfDestiny:Refine+1","RingOfDestiny:Conversion+1","RingOfDestiny:BloodAvalanche","RingOfDestiny:SwornRevenge+1","RingOfDestiny:ThreeRaffles"],"picked":"SKIP","floor":36},{"not_picked":["RingOfDestiny:Refine+1","RingOfDestiny:Act","RingOfDestiny:RaiseMoney+1","RingOfDestiny:Concentrate+1","RingOfDestiny:CatGash+1"],"picked":"SKIP","floor":41},{"not_picked":["RingOfDestiny:Superior+1","RingOfDestiny:Wilful+1","RingOfDestiny:Concentrate+1","RingOfDestiny:CheckOut+1","RingOfDestiny:FiveDollar"],"picked":"SKIP","floor":42},{"not_picked":["RingOfDestiny:Filter","RingOfDestiny:AristocraticPedigree","RingOfDestiny:Wilful+1","RingOfDestiny:Wild+1"],"picked":"RingOfDestiny:Overdraft+1","floor":44},{"not_picked":["RingOfDestiny:Windfall","RingOfDestiny:HoldOn","RingOfDestiny:Conversion+1","RingOfDestiny:Rebate","RingOfDestiny:NoviceReward"],"picked":"SKIP","floor":47},{"not_picked":["RingOfDestiny:DanceOfBlood","RingOfDestiny:MonthCard+1","RingOfDestiny:Wild","RingOfDestiny:Concentrate+1","RingOfDestiny:Purification"],"picked":"SKIP","floor":48},{"not_picked":["RingOfDestiny:Rebate","RingOfDestiny:BloodAvalanche","RingOfDestiny:Windfall","RingOfDestiny:MultipleInvest","RingOfDestiny:DrawAgain"],"picked":"SKIP","floor":51},{"not_picked":["RingOfDestiny:NoviceReward","RingOfDestiny:Laugh+1","RingOfDestiny:BloodBorne","RingOfDestiny:Happy+1","RingOfDestiny:Purification"],"picked":"SKIP","floor":52}],"player_experience":60216,"relics_obtained":[{"floor":1,"key":"SynthV:TestCard"},{"floor":7,"key":"infinitespire:PuzzleCube"},{"floor":9,"key":"Art of War"},{"floor":11,"key":"Darkstone Periapt"},{"floor":14,"key":"conspire:BottledYoYo"},{"floor":26,"key":"testmod-TurbochargingSystem"},{"floor":37,"key":"WingedGreaves"},{"floor":39,"key":"War Paint"},{"floor":39,"key":"conspire:Flyswatter"},{"floor":39,"key":"AT_Manta"},{"floor":41,"key":"Pondfish Scales"},{"floor":43,"key":"Nunchaku"},{"floor":44,"key":"ReplayTheSpireMod:Lightbulb"},{"floor":48,"key":"AT_BellDemon"},{"floor":51,"key":"paleoftheancients:SoulOfTheWatcher"},{"floor":52,"key":"paleoftheancients:SoulOfTheShowman"},{"floor":54,"key":"conspire:DecoderRing"}],"event_choices":[{"damage_healed":0,"gold_gain":400,"player_choice":"Sell","damage_taken":0,"max_hp_gain":0,"max_hp_loss":0,"event_name":"恩洛斯的盘子","floor":4,"relics_lost":["testmod-TestBox"],"gold_loss":0},{"damage_healed":0,"gold_gain":0,"player_choice":"Donut","damage_taken":0,"max_hp_gain":5,"max_hp_loss":0,"event_name":"Big Fish","floor":5,"gold_loss":0},{"damage_healed":0,"gold_gain":0,"player_choice":"Fight","damage_taken":0,"max_hp_gain":0,"max_hp_loss":0,"event_name":"Mysterious Sphere","floor":37,"gold_loss":0},{"damage_healed":0,"gold_gain":0,"player_choice":"Swap Relic","damage_taken":0,"relics_obtained":["Calling Bell"],"max_hp_gain":0,"max_hp_loss":0,"event_name":"给自己的盒子","floor":39,"relics_lost":["Calling Bell"],"gold_loss":0},{"damage_healed":0,"gold_gain":0,"player_choice":"Forge","damage_taken":0,"max_hp_gain":0,"max_hp_loss":0,"event_name":"Accursed Blacksmith","floor":53,"gold_loss":0,"cards_upgraded":["RingOfDestiny:Shiny"]}],"is_beta":false,"boss_relics":[{"not_picked":["EE1DDrone","REME_DuelDisc"],"picked":"testmod-IncinerationGenerator"},{"not_picked":["Philosopher\u0027s Stone","Ring of Chaos"],"picked":"Replay:Ancient Bell"},{"not_picked":["Regal Pillow","AT_RedTearstoneRing"],"picked":"Blue Doll"},{"not_picked":["testmod-InfectionSource","ImprovedEquipment"],"picked":"hubris:MysteriousPyramids"},{"not_picked":["Replay:Towering Pillar of Hats","Incense Burner"],"picked":"SentryEyes"}],"items_purged_floors":[13,27,31,58],"is_endless":false,"potions_floor_spawned":[1,11,12,16,18,23,28,33,37,41,47,48,51,52],"ascension_level":0}}