{"host":"s24sb66hw4a4sfft","time":1612947211,"event":{"mods":["AchievementEnabler","BaseMod","Colored Map","Colored Powertips","Googly Eyes","Hermit","Hubris","Minty Spire (QoL Compilation)","Quick Restart","Shop Mod","StSLib"],"gold_per_floor":[113,188,188,203,48,48,81,115,139,55,82,82,110,141,141,141,141],"floor_reached":16,"language":"ENG","playtime":436,"items_purged":[],"score":127,"play_id":"af65cba6-98e3-45e2-bfe0-fadd17d21bdf","local_time":"20210210035331","is_ascension_mode":false,"campfire_choices":[{"data":"hermit:DeadOrAlive","floor":6,"key":"SMITH"},{"data":"Flash of Steel","floor":12,"key":"SMITH"},{"data":"hermit:Quickdraw","floor":15,"key":"SMITH"}],"circlet_count":0,"master_deck":["hermit:Strike_Hermit","hermit:Strike_Hermit","hermit:Strike_Hermit","hermit:Strike_Hermit","hermit:Defend_Hermit","hermit:Defend_Hermit","hermit:Defend_Hermit","hermit:Defend_Hermit","hermit:Snapshot","hermit:Covet","hermit:ItchyTrigger","hermit:Deadeye","hermit:DeadOrAlive+1","hermit:EyeOfTheStorm","Flash of Steel+1","hermit:Quickdraw+1","hermit:Quickdraw"],"relics":["hermit:Momento","NeowsBlessing","hubris:Towel","Akabeko","Orichalcum"],"acts_visited":["Exordium"],"potions_floor_usage":[],"damage_taken":[{"damage":0,"enemies":"2 Louse","floor":1,"turns":1},{"damage":0,"enemies":"Jaw Worm","floor":4,"turns":1},{"damage":0,"enemies":"Lagavulin","floor":7,"turns":1},{"damage":0,"enemies":"Cultist","floor":8,"turns":1},{"damage":8,"enemies":"Gremlin Gang","floor":11,"turns":4},{"damage":0,"enemies":"3 Louse","floor":13,"turns":2},{"damage":2,"enemies":"Looter","floor":14,"turns":2},{"damage":13,"enemies":"Hexaghost","floor":16,"turns":3}],"seed_played":"-6466110946542470214","potions_obtained":[{"floor":4,"key":"Energy Potion"},{"floor":8,"key":"SteroidPotion"},{"floor":13,"key":"LiquidBronze"}],"is_trial":false,"path_per_floor":["M","?","?","M","$","R","E","M","T","$","M","R","M","M","R","B"],"character_chosen":"HERMIT","items_purchased":["hermit:DeadOrAlive","Flash of Steel"],"campfire_rested":0,"item_purchase_floors":[5,10],"current_hp_per_floor":[75,64,64,64,64,64,64,64,64,64,56,56,56,54,54,41,41],"gold":141,"neow_bonus":"THREE_ENEMY_KILL","is_daily":false,"chose_seed":false,"campfire_upgraded":3,"win_rate":0.0,"timestamp":1612947211,"path_taken":["M","?","?","M","$","R","E","M","T","?","M","R","?","M","R","BOSS"],"items_purchased_type":["Card","Card"],"build_version":"2020-12-22","purchased_purges":0,"victory":false,"max_hp_per_floor":[75,75,75,75,75,75,75,75,75,75,75,75,75,75,75,75,75],"card_choices":[{"not_picked":["hermit:Desperado","hermit:TakeCover"],"picked":"hermit:ItchyTrigger","floor":1},{"not_picked":["hermit:TakeCover","hermit:Glare"],"picked":"hermit:Deadeye","floor":4},{"not_picked":["hermit:Virtue","hermit:Determination","hermit:Reprieve"],"picked":"SKIP","floor":7},{"not_picked":["hermit:HoleUp","hermit:Misfire"],"picked":"hermit:EyeOfTheStorm","floor":8},{"not_picked":["hermit:Manifest","hermit:TrackingShot"],"picked":"hermit:Quickdraw","floor":11},{"not_picked":["hermit:ItchyTrigger","hermit:LoneWolf"],"picked":"hermit:Quickdraw","floor":13},{"not_picked":["hermit:Coalescence","hermit:Gestalt","hermit:Maintenance"],"picked":"SKIP","floor":14}],"player_experience":601373,"relics_obtained":[{"floor":7,"key":"Akabeko"},{"floor":9,"key":"Orichalcum"}],"event_choices":[{"damage_healed":0,"gold_gain":75,"player_choice":"Gather Gold","damage_taken":11,"max_hp_gain":0,"max_hp_loss":0,"event_name":"World of Goop","floor":2,"gold_loss":0}],"is_beta":false,"boss_relics":[],"items_purged_floors":[],"is_endless":false,"potions_floor_spawned":[4,8,13,14],"killed_by":"Hexaghost","ascension_level":0}}