{"host":"zxkjcgzis4pm3za5","time":1612934249,"event":{"mods":["AchievementEnabler","BaseMod","Colored Map","Colored Powertips","Minty Spire (QoL Compilation)","Quick Restart","RNG Fix","Random Character Button","Relic Sorter","Relic Stats","StSLib"],"gold_per_floor":[118,118,143,159,174,174,205,205,232,271,321,335,350,428,428,527,527,548,473,496,421,421,464,488,57,57,57,101,59,59,59,59,157,157,171,185,185,185,85,124,124,165,211,226,226,242,575,153,153,153,153,153,28,58,58,58],"floor_reached":55,"language":"ENG","playtime":3116,"items_purged":["Strike_P","Writhe","BowlingBash"],"score":1476,"play_id":"b1856ef7-a03d-47c7-9be6-f45e6c83a78e","local_time":"20210210104729","is_ascension_mode":true,"campfire_choices":[{"data":"Eruption","floor":6.0,"key":"SMITH"},{"data":"Conclude","floor":8.0,"key":"SMITH"},{"data":"TalkToTheHand","floor":15.0,"key":"SMITH"},{"floor":27.0,"key":"REST"},{"data":"MentalFortress","floor":30.0,"key":"SMITH"},{"data":"ForeignInfluence","floor":32.0,"key":"SMITH"},{"floor":41.0,"key":"RECALL"},{"data":"Scrawl","floor":45.0,"key":"SMITH"},{"data":"MasterReality","floor":49,"key":"SMITH"},{"data":"Tantrum","floor":52,"key":"SMITH"}],"circlet_count":0,"master_deck":["AscendersBane","Defend_P","Defend_P","Defend_P","Eruption+1","Vigilance","Protect","Conclude+1","EmptyFist","ForeignInfluence+1","FlurryOfBlows","DeceiveReality","TalkToTheHand+1","MasterReality+1","BattleHymn","Meditate","CutThroughFate","JustLucky+1","MentalFortress+1","Scrawl+1","Tantrum+1","Halt","FollowUp","CrushJoints+1","Weave","Perseverance","Swift Strike","Protect+1"],"relics":["PureWater","Centennial Puzzle","Oddly Smooth Stone","Happy Flower","White Beast Statue","Ginger","SlaversCollar","Orichalcum","Kunai","Regal Pillow","Shuriken","Pear","Empty Cage","Bag of Preparation","Bottled Tornado","Turnip","Eternal Feather"],"acts_visited":["Exordium","TheCity","TheBeyond","TheEnding"],"potions_floor_usage":[50,55],"damage_taken":[{"damage":1.0,"enemies":"Cultist","floor":1.0,"turns":4.0},{"damage":0.0,"enemies":"2 Louse","floor":4.0,"turns":5.0},{"damage":2.0,"enemies":"Jaw Worm","floor":5.0,"turns":3.0},{"damage":5.0,"enemies":"3 Sentries","floor":7.0,"turns":3.0},{"damage":8.0,"enemies":"Gremlin Nob","floor":10.0,"turns":3.0},{"damage":1.0,"enemies":"Large Slime","floor":12.0,"turns":4.0},{"damage":0.0,"enemies":"Looter","floor":13.0,"turns":1.0},{"damage":12.0,"enemies":"Lagavulin Event","floor":14.0,"turns":4.0},{"damage":21.0,"enemies":"Hexaghost","floor":16.0,"turns":14.0},{"damage":3.0,"enemies":"Chosen","floor":18.0,"turns":3.0},{"damage":12.0,"enemies":"Spheric Guardian","floor":20.0,"turns":5.0},{"damage":2.0,"enemies":"Slavers","floor":23.0,"turns":3.0},{"damage":8.0,"enemies":"Shelled Parasite and Fungi","floor":24.0,"turns":2.0},{"damage":5.0,"enemies":"Book of Stabbing","floor":28.0,"turns":5.0},{"damage":6.0,"enemies":"Champ","floor":33.0,"turns":7.0},{"damage":24.0,"enemies":"3 Darklings","floor":35.0,"turns":4.0},{"damage":5.0,"enemies":"Orb Walker","floor":36.0,"turns":2.0},{"damage":9.0,"enemies":"Reptomancer","floor":40.0,"turns":4.0},{"damage":3.0,"enemies":"Giant Head","floor":42.0,"turns":6.0},{"damage":4.0,"enemies":"4 Shapes","floor":44.0,"turns":2.0},{"damage":0,"enemies":"Writhing Mass","floor":46,"turns":3},{"damage":17,"enemies":"Time Eater","floor":50,"turns":10},{"damage":46,"enemies":"Shield and Spear","floor":54,"turns":4},{"damage":59,"enemies":"The Heart","floor":55,"turns":2}],"seed_played":"-6981486769626957322","potions_obtained":[{"floor":5.0,"key":"Energy Potion"},{"floor":7.0,"key":"BottledMiracle"},{"floor":10.0,"key":"SteroidPotion"},{"floor":12.0,"key":"Dexterity Potion"},{"floor":14.0,"key":"Swift Potion"},{"floor":16.0,"key":"SteroidPotion"},{"floor":18.0,"key":"EntropicBrew"},{"floor":23.0,"key":"SkillPotion"},{"floor":24.0,"key":"Energy Potion"},{"floor":28.0,"key":"SpeedPotion"},{"floor":31.0,"key":"PowerPotion"},{"floor":33.0,"key":"FairyPotion"},{"floor":35.0,"key":"SpeedPotion"},{"floor":36.0,"key":"BottledMiracle"},{"floor":40.0,"key":"Regen Potion"},{"floor":42.0,"key":"BlessingOfTheForge"},{"floor":44.0,"key":"Dexterity Potion"},{"floor":46,"key":"StancePotion"},{"floor":54,"key":"DistilledChaos"}],"is_trial":false,"path_per_floor":["M","?","T","M","M","R","E","R","T","E","?","M","M","?","R","B",null,"M","?","M","$","?","E","M","$","T","R","E","$","R","?","R","B",null,"M","M","?","?","$","E","R","E","T","M","R","M","?","$","R","B",null,"R","$","E","B"],"character_chosen":"WATCHER","items_purchased":["Kunai","Regal Pillow","MentalFortress","Turnip","Swift Strike"],"campfire_rested":1,"item_purchase_floors":[25,25,29,48,48],"current_hp_per_floor":[66,66,66,66,64,64,59,59,59,51,45,44,44,32,32,11,53,50,50,38,38,38,36,28,28,28,63,68,68,68,68,68,62,73,49,44,59,59,59,50,50,62,62,58,58,58,58,58,58,41,68,68,68,22,0,0],"gold":58,"neow_bonus":"TEN_PERCENT_HP_BONUS","is_daily":false,"chose_seed":false,"campfire_upgraded":8,"win_rate":0.0,"timestamp":1612934249,"path_taken":["M","?","?","M","M","R","E","R","T","E","?","?","M","?","R","BOSS","M","?","M","$","?","E","M","$","T","R","E","?","R","?","R","BOSS","M","M","?","?","$","E","R","E","T","?","R","M","?","$","R","BOSS","R","$","E","BOSS"],"items_purchased_type":["Relic","Relic","Card","Relic","Card"],"build_version":"2020-12-22","purchased_purges":3,"victory":false,"max_hp_per_floor":[74,67,67,67,67,67,67,67,67,67,67,67,67,67,67,67,67,67,67,67,67,67,67,67,67,67,67,77,77,77,77,77,77,77,77,77,77,77,77,77,77,77,77,77,77,77,77,77,77,77,77,77,77,77,77,77],"relic_stats":{"Centennial Puzzle":[57],"Regal Pillow":15,"Happy Flower":[29],"counters":[24,103],"Shuriken":[45],"Eternal Feather":0,"Turnip":[5],"Bag of Preparation":[12],"Ginger":[11],"Kunai":[45],"Orichalcum":[18],"obtain_stats":[{"Regal Pillow":25,"Pear":28,"Happy Flower":9,"Golden Idol":2,"Oddly Smooth Stone":7,"Eternal Feather":54,"Bag of Preparation":40,"Ginger":14,"Orichalcum":23,"Bottled Tornado":42,"Empty Cage":34,"White Beast Statue":10,"SlaversCollar":17,"Centennial Puzzle":3,"Shuriken":26,"Turnip":48,"Kunai":25,"PureWater":0},{"Regal Pillow":13,"Pear":14,"Happy Flower":4,"Golden Idol":1,"Oddly Smooth Stone":4,"Eternal Feather":23,"Bag of Preparation":18,"Ginger":8,"Orichalcum":12,"Bottled Tornado":19,"Empty Cage":15,"White Beast Statue":5,"SlaversCollar":9,"Centennial Puzzle":1,"Shuriken":13,"Turnip":21,"Kunai":13,"PureWater":0},{"Regal Pillow":54,"Pear":59,"Happy Flower":15,"Golden Idol":4,"Oddly Smooth Stone":15,"Eternal Feather":101,"Bag of Preparation":76,"Ginger":27,"Orichalcum":52,"Bottled Tornado":82,"Empty Cage":66,"White Beast Statue":18,"SlaversCollar":41,"Centennial Puzzle":4,"Shuriken":54,"Turnip":87,"Kunai":54,"PureWater":0}]},"card_choices":[{"not_picked":["Collect","PathToVictory"],"picked":"Protect","floor":1.0},{"not_picked":["EmptyMind","Fasting2"],"picked":"Conclude","floor":4.0},{"not_picked":["EmptyBody","JustLucky"],"picked":"EmptyFist","floor":5.0},{"not_picked":["PathToVictory","Conclude"],"picked":"ForeignInfluence","floor":7.0},{"not_picked":["Ragnarok","FlyingSleeves"],"picked":"BowlingBash","floor":10.0},{"not_picked":["Crescendo","BowlingBash"],"picked":"FlurryOfBlows","floor":12.0},{"not_picked":["EmptyFist","Nirvana"],"picked":"DeceiveReality","floor":13.0},{"not_picked":["Halt","Crescendo"],"picked":"TalkToTheHand","floor":14.0},{"not_picked":["Brilliance","ConjureBlade"],"picked":"MasterReality","floor":16.0},{"not_picked":["Wallop","Meditate"],"picked":"BattleHymn","floor":18.0},{"not_picked":["Halt","WindmillStrike"],"picked":"Meditate","floor":20.0},{"not_picked":["Adaptation","FlyingSleeves"],"picked":"CutThroughFate","floor":23.0},{"not_picked":["CrushJoints","EmptyFist","BattleHymn+1"],"picked":"SKIP","floor":24.0},{"not_picked":["Conclude","PathToVictory"],"picked":"JustLucky+1","floor":28.0},{"not_picked":["Devotion","Wish"],"picked":"Scrawl","floor":33.0},{"not_picked":["LikeWater","Consecrate"],"picked":"Tantrum","floor":35.0},{"not_picked":["Crescendo","Protect"],"picked":"Halt","floor":36.0},{"not_picked":["FlyingSleeves","BowlingBash"],"picked":"FollowUp","floor":40.0},{"not_picked":["FlyingSleeves","LessonLearned"],"picked":"CrushJoints+1","floor":42.0},{"not_picked":["FlyingSleeves+1","Evaluate"],"picked":"Weave","floor":44.0},{"not_picked":["FollowUp","CrushJoints"],"picked":"Perseverance","floor":46},{"not_picked":["FlyingSleeves","BowlingBash"],"picked":"Protect+1","floor":54}],"player_experience":343000,"relics_obtained":[{"floor":3.0,"key":"Centennial Puzzle"},{"floor":7.0,"key":"Oddly Smooth Stone"},{"floor":9.0,"key":"Happy Flower"},{"floor":10.0,"key":"White Beast Statue"},{"floor":14.0,"key":"Ginger"},{"floor":23.0,"key":"Orichalcum"},{"floor":26.0,"key":"Shuriken"},{"floor":28.0,"key":"Pear"},{"floor":40.0,"key":"Bag of Preparation"},{"floor":42.0,"key":"Bottled Tornado"},{"floor":54,"key":"Eternal Feather"}],"event_choices":[{"damage_healed":0.0,"max_hp_gain":0.0,"max_hp_loss":7.0,"gold_gain":0.0,"event_name":"Golden Idol","player_choice":"Lose Max HP","floor":2.0,"gold_loss":0.0,"damage_taken":0.0,"relics_obtained":["Golden Idol"]},{"damage_healed":0.0,"max_hp_gain":0.0,"max_hp_loss":0.0,"gold_gain":50.0,"event_name":"FaceTrader","player_choice":"Touch","floor":11.0,"gold_loss":0.0,"damage_taken":6.0},{"damage_healed":0.0,"max_hp_gain":0.0,"max_hp_loss":0.0,"gold_gain":0.0,"event_name":"Dead Adventurer","player_choice":"Searched \u00271\u0027 times","floor":14.0,"gold_loss":0.0,"damage_taken":0.0},{"cards_removed":["Strike_P"],"damage_healed":0.0,"max_hp_gain":0.0,"max_hp_loss":0.0,"gold_gain":0.0,"event_name":"Beggar","player_choice":"Gave Gold","floor":19.0,"gold_loss":75.0,"damage_taken":0.0},{"damage_healed":0.0,"max_hp_gain":0.0,"max_hp_loss":0.0,"gold_gain":0.0,"event_name":"Vampires","player_choice":"Ignored","floor":22.0,"gold_loss":0.0,"damage_taken":0.0},{"damage_healed":0.0,"max_hp_gain":0.0,"max_hp_loss":0.0,"gold_gain":0.0,"event_name":"Lab","player_choice":"Got Potions","floor":31.0,"gold_loss":0.0,"damage_taken":0.0},{"damage_healed":15.0,"max_hp_gain":0.0,"max_hp_loss":0.0,"gold_gain":0.0,"event_name":"Winding Halls","player_choice":"Writhe","floor":37.0,"gold_loss":0.0,"damage_taken":0.0,"cards_obtained":["Writhe"]},{"cards_removed":["Defend_P"],"damage_healed":0.0,"max_hp_gain":0.0,"max_hp_loss":0.0,"gold_gain":0.0,"event_name":"Falling","player_choice":"Removed Skill","floor":38.0,"gold_loss":0.0,"damage_taken":0.0},{"damage_healed":0,"gold_gain":333,"player_choice":"Gave Idol","damage_taken":0,"max_hp_gain":0,"max_hp_loss":0,"event_name":"The Moai Head","floor":47,"relics_lost":["Golden Idol"],"gold_loss":0}],"is_beta":false,"boss_relics":[{"not_picked":["Black Star","VioletLotus"],"picked":"SlaversCollar"},{"not_picked":["Runic Pyramid","Velvet Choker"],"picked":"Empty Cage"}],"items_purged_floors":[21,39,53],"is_endless":false,"potions_floor_spawned":[5,7,10,12,13,14,16,18,20,23,24,28,33,35,36,40,42,44,46,54],"killed_by":"The Heart","ascension_level":19}}