{"host":"jqln3q8z91cyrmpl","time":1612940278,"event":{"mods":["AchievementEnabler","BaseMod","Colored Map","DeckTracker","Keyboard Shortcuts","Minty Spire (QoL Compilation)","SuperFastMode"],"gold_per_floor":[210,220,232,245,245,245,259,275,299,312,387,419,419,55,55,151,151,168,198,198,218,234,234,19,32,81,109,109,128,128,141,141,242,242,256,270,288,510,335,335,363,188,188,216,227,27,41,41,41,41],"floor_reached":51,"language":"KOR","playtime":2812,"items_purged":["Strike_G","Strike_G","Strike_G","Strike_G"],"score":1220,"play_id":"d3d77eee-c995-4508-bf8a-8d6e0c6786ea","local_time":"20210210155758","is_ascension_mode":true,"campfire_choices":[{"floor":6.0,"key":"REST"},{"floor":13.0,"key":"REST"},{"data":"Caltrops","floor":15.0,"key":"SMITH"},{"floor":23.0,"key":"REST"},{"data":"Apotheosis","floor":28,"key":"SMITH"},{"floor":32,"key":"REST"},{"data":"After Image","floor":40,"key":"SMITH"},{"floor":49,"key":"REST"}],"circlet_count":0,"master_deck":["AscendersBane","Defend_G","Defend_G","Defend_G","Defend_G+1","Defend_G","Survivor","Neutralize","Cloak And Dagger","Caltrops+1","Blade Dance+1","Backflip","Prepared","Dagger Spray","Escape Plan","After Image+1","Burst","Dagger Throw","Venomology","Quick Slash","Acrobatics","Apotheosis+1","Footwork","Underhanded Strike","Envenom+1","After Image","Acrobatics","Eviscerate","Heel Hook","Calculated Gamble","Eviscerate"],"relics":["Ring of the Snake","Akabeko","Art of War","TheAbacus","HoveringKite","Red Mask","PreservedInsect","Toy Ornithopter","SacredBark","Lantern","Torii","Potion Belt"],"acts_visited":["Exordium","TheCity","TheBeyond"],"potions_floor_usage":[29,33,33,35,36,36,41,41,44,44,45,47,50,50,50,50,50,50,50,50,50],"damage_taken":[{"damage":6.0,"enemies":"Cultist","floor":1.0,"turns":6.0},{"damage":2.0,"enemies":"Small Slimes","floor":2.0,"turns":4.0},{"damage":0.0,"enemies":"2 Louse","floor":3.0,"turns":4.0},{"damage":23.0,"enemies":"Exordium Thugs","floor":4.0,"turns":8.0},{"damage":4.0,"enemies":"Looter","floor":7.0,"turns":4.0},{"damage":0.0,"enemies":"Gremlin Gang","floor":8.0,"turns":2.0},{"damage":1.0,"enemies":"Red Slaver","floor":10.0,"turns":3.0},{"damage":11.0,"enemies":"Lagavulin","floor":12.0,"turns":6.0},{"damage":2.0,"enemies":"The Guardian","floor":16.0,"turns":11.0},{"damage":6.0,"enemies":"Shell Parasite","floor":18.0,"turns":8.0},{"damage":14.0,"enemies":"Masked Bandits","floor":19.0,"turns":6.0},{"damage":0.0,"enemies":"Chosen","floor":21.0,"turns":5.0},{"damage":17.0,"enemies":"3 Cultists","floor":22.0,"turns":6.0},{"damage":1.0,"enemies":"Centurion and Healer","floor":25.0,"turns":7.0},{"damage":14.0,"enemies":"Slavers","floor":27.0,"turns":5.0},{"damage":8,"enemies":"Sentry and Sphere","floor":29,"turns":5},{"damage":14,"enemies":"Snecko","floor":31,"turns":6},{"damage":29,"enemies":"Automaton","floor":33,"turns":10},{"damage":7,"enemies":"3 Shapes","floor":35,"turns":6},{"damage":1,"enemies":"Orb Walker","floor":36,"turns":2},{"damage":0,"enemies":"Spire Growth","floor":37,"turns":8},{"damage":34,"enemies":"Reptomancer","floor":41,"turns":7},{"damage":19,"enemies":"Nemesis","floor":44,"turns":7},{"damage":0,"enemies":"Sphere and 2 Shapes","floor":45,"turns":5},{"damage":0,"enemies":"3 Darklings","floor":47,"turns":5},{"damage":2,"enemies":"Time Eater","floor":50,"turns":6}],"seed_played":"-6008850986305163134","potions_obtained":[{"floor":7.0,"key":"Explosive Potion"},{"floor":8.0,"key":"Fire Potion"},{"floor":10.0,"key":"BlessingOfTheForge"},{"floor":12.0,"key":"ColorlessPotion"},{"floor":18.0,"key":"FearPotion"},{"floor":22.0,"key":"DistilledChaos"},{"floor":27.0,"key":"AttackPotion"},{"floor":33,"key":"Block Potion"},{"floor":35,"key":"CunningPotion"},{"floor":41,"key":"Poison Potion"},{"floor":44,"key":"SkillPotion"},{"floor":45,"key":"Weak Potion"}],"is_trial":false,"path_per_floor":["M","M","M","M","?","R","M","M","T","M","?","E","R","$","R","B",null,"M","?","?","M","M","R","$","M","T","E","R","M","?","M","R","B",null,"M","M","M","?","$","R","E","$","T","E","M","$","M","?","R","B",null],"character_chosen":"THE_SILENT","items_purchased":["After Image","TheAbacus","Apotheosis","Footwork","Eviscerate","SkillPotion","SkillPotion"],"campfire_rested":5,"item_purchase_floors":[14,14,24,24,39,42,46],"current_hp_per_floor":[57,55,55,32,18,39,35,35,35,34,23,12,33,33,33,31,60,54,40,40,40,23,44,44,43,43,29,29,26,26,12,33,14,56,54,63,63,63,63,63,39,39,39,30,35,35,40,40,61,70],"gold":41,"neow_bonus":"HUNDRED_GOLD","is_daily":false,"chose_seed":false,"campfire_upgraded":3,"win_rate":0.0,"timestamp":1612940278,"path_taken":["M","M","M","M","?","R","M","M","T","M","?","E","R","$","R","BOSS","M","?","?","?","?","R","$","M","T","E","R","M","?","M","R","BOSS","M","M","M","?","$","R","E","?","T","E","M","$","M","?","R","BOSS"],"items_purchased_type":["Card","Relic","Card","Card","Card","Potion","Potion"],"build_version":"2020-12-22","purchased_purges":4,"victory":true,"max_hp_per_floor":[70,70,70,70,70,70,70,70,70,70,70,70,70,70,70,70,70,70,70,70,70,70,70,70,70,70,70,70,70,70,70,70,70,70,70,70,70,70,70,70,70,70,70,70,70,70,70,70,70,70],"card_choices":[{"not_picked":["Bane","Caltrops"],"picked":"Cloak And Dagger","floor":1.0},{"not_picked":["Quick Slash","Prepared"],"picked":"Caltrops","floor":2.0},{"not_picked":["Cloak And Dagger","Flechettes"],"picked":"Blade Dance","floor":3.0},{"not_picked":["Dagger Throw","Cloak And Dagger"],"picked":"Backflip","floor":4.0},{"not_picked":["Deflect","Riddle With Holes"],"picked":"Prepared","floor":7.0},{"not_picked":["Endless Agony","Distraction","Predator"],"picked":"SKIP","floor":8.0},{"not_picked":["Outmaneuver","Deadly Poison"],"picked":"Dagger Spray","floor":10.0},{"not_picked":["Deflect","Dagger Spray"],"picked":"Escape Plan","floor":12.0},{"not_picked":["Malaise","Unload"],"picked":"Burst","floor":16.0},{"not_picked":["Backflip","Underhanded Strike"],"picked":"Dagger Throw","floor":18.0},{"not_picked":["Deadly Poison+1","Slice"],"picked":"Quick Slash","floor":21.0},{"not_picked":["Cloak And Dagger","Sucker Punch"],"picked":"Acrobatics","floor":22.0},{"not_picked":["Bane+1","Backflip+1"],"picked":"Underhanded Strike","floor":25.0},{"not_picked":["Deflect","Choke+1"],"picked":"Envenom","floor":27.0},{"not_picked":["Outmaneuver","Quick Slash","Dagger Spray"],"picked":"SKIP","floor":29},{"not_picked":["Deadly Poison","Choke","Flying Knee+1"],"picked":"SKIP","floor":31},{"not_picked":["Doppelganger","Corpse Explosion"],"picked":"After Image","floor":33},{"not_picked":["Deflect","Backstab","Deadly Poison"],"picked":"SKIP","floor":35},{"not_picked":["Catalyst","Outmaneuver","Deflect"],"picked":"SKIP","floor":36},{"not_picked":["Outmaneuver","Dodge and Roll+1"],"picked":"Acrobatics","floor":37},{"not_picked":["Finisher","Distraction"],"picked":"Heel Hook","floor":41},{"not_picked":["Venomology","Deadly Poison"],"picked":"Calculated Gamble","floor":44},{"not_picked":["Prepared","Deflect","Dagger Spray"],"picked":"SKIP","floor":45},{"not_picked":["Outmaneuver+1","Blade Dance","Wraith Form v2"],"picked":"SKIP","floor":47}],"player_experience":427136,"relics_obtained":[{"floor":9.0,"key":"Akabeko"},{"floor":12.0,"key":"Art of War"},{"floor":19.0,"key":"Red Mask"},{"floor":26.0,"key":"PreservedInsect"},{"floor":27.0,"key":"Toy Ornithopter"},{"floor":41,"key":"Lantern"},{"floor":43,"key":"Torii"},{"floor":44,"key":"Potion Belt"}],"event_choices":[{"damage_healed":0.0,"max_hp_gain":0.0,"max_hp_loss":0.0,"gold_gain":0.0,"event_name":"Shining Light","player_choice":"Entered Light","floor":5.0,"gold_loss":0.0,"damage_taken":14.0,"cards_upgraded":["Blade Dance","Defend_G"]},{"damage_healed":0.0,"max_hp_gain":0.0,"max_hp_loss":0.0,"gold_gain":75.0,"event_name":"World of Goop","player_choice":"Gather Gold","floor":11.0,"gold_loss":0.0,"damage_taken":11.0},{"damage_healed":0.0,"max_hp_gain":0.0,"max_hp_loss":0.0,"gold_gain":0.0,"event_name":"Masked Bandits","player_choice":"Fought Bandits","floor":19.0,"gold_loss":0.0,"damage_taken":0.0},{"damage_healed":0.0,"max_hp_gain":0.0,"max_hp_loss":0.0,"gold_gain":0.0,"cards_transformed":["Strike_G"],"event_name":"Transmorgrifier","player_choice":"Transformed","floor":20.0,"gold_loss":0.0,"damage_taken":0.0,"cards_obtained":["Venomology"]},{"damage_healed":0,"gold_gain":0,"player_choice":"Forge","damage_taken":0,"max_hp_gain":0,"max_hp_loss":0,"event_name":"Accursed Blacksmith","floor":30,"gold_loss":0,"cards_upgraded":["Envenom"]},{"damage_healed":0,"gold_gain":222,"player_choice":"Wore Mask","damage_taken":0,"max_hp_gain":0,"max_hp_loss":0,"event_name":"Tomb of Lord Red Mask","floor":38,"gold_loss":0},{"damage_healed":0,"gold_gain":0,"player_choice":"Copied","damage_taken":0,"max_hp_gain":0,"max_hp_loss":0,"event_name":"Duplicator","floor":48,"gold_loss":0,"cards_obtained":["Eviscerate"]}],"is_beta":false,"boss_relics":[{"not_picked":["Sozu","Empty Cage"],"picked":"HoveringKite"},{"not_picked":["Velvet Choker","Cursed Key"],"picked":"SacredBark"}],"items_purged_floors":[14,39,42,46],"is_endless":false,"potions_floor_spawned":[7,8,10,12,18,22,27,33,35,41,44,45],"ascension_level":12}}