{"host":"l4p18zw33fr8bdc3","time":1613000473,"event":{"mods":["AchievementEnabler","BaseMod","Bestiary","Block Reminder","Colored Map","Colored Powertips","Curses Come First","Minty Spire (QoL Compilation)","Quick Restart","Rare Cards Sparkle","StSLib"],"gold_per_floor":[114,133,21,41,52,52,78,94,94,104,54,79,28,42,42,140,140,160,175,190,190,38,38,67,67,67,67,83,115,115,115,115,216,216,236,236,250,150,161,161,175,202,254,254,37,62,62,96,96,96,96,96,20,45,45,45],"floor_reached":55,"language":"ENG","playtime":3717,"items_purged":["Strike_P","Doubt","Decay"],"score":1027,"play_id":"3607da15-d26d-433a-8626-9e87ee84aaea","local_time":"20210210184113","is_ascension_mode":true,"campfire_choices":[{"data":"TalkToTheHand","floor":6.0,"key":"SMITH"},{"data":"Adaptation","floor":15.0,"key":"SMITH"},{"data":"Fasting2","floor":23.0,"key":"SMITH"},{"data":"TalkToTheHand","floor":25.0,"key":"SMITH"},{"data":"Omniscience","floor":27.0,"key":"SMITH"},{"data":"Devotion","floor":32.0,"key":"SMITH"},{"floor":40.0,"key":"RECALL"},{"data":"Vault","floor":44.0,"key":"SMITH"},{"data":"DeceiveReality","floor":47.0,"key":"SMITH"},{"data":"Brilliance","floor":49.0,"key":"SMITH"},{"data":"Tantrum","floor":52.0,"key":"SMITH"}],"circlet_count":0,"master_deck":["Defend_P","Defend_P","Defend_P","Defend_P","Eruption","Vigilance","FlurryOfBlows","TalkToTheHand+1","Adaptation+1","ReachHeaven","ThirdEye","DeceiveReality","BowlingBash","Wireheading","CutThroughFate","Omniscience+1","EmptyFist","Prostrate","Devotion+1","TalkToTheHand+1","InnerPeace+1","CutThroughFate","Fasting2+1","FollowUp","Prostrate","DeceiveReality+1","FlurryOfBlows+1","Consecrate+1","Vault+1","TalkToTheHand+1","Devotion+1","ThirdEye","ThirdEye+1","Tantrum+1","Bandage Up","Brilliance+1","Weave"],"relics":["Coffee Dripper","Kunai","Shuriken","Lizard Tail","Cursed Key","Pear","Ginger","Red Mask","MutagenicStrength","Astrolabe","Dream Catcher","Frozen Egg 2","Orichalcum","Blood Vial"],"acts_visited":["Exordium","TheCity","TheBeyond","TheEnding"],"potions_floor_usage":[55],"damage_taken":[{"damage":0.0,"enemies":"Cultist","floor":1.0,"turns":2.0},{"damage":5.0,"enemies":"Small Slimes","floor":2.0,"turns":3.0},{"damage":3.0,"enemies":"2 Louse","floor":4.0,"turns":3.0},{"damage":0.0,"enemies":"Looter","floor":5.0,"turns":3.0},{"damage":0.0,"enemies":"Lagavulin","floor":7.0,"turns":6.0},{"damage":12.0,"enemies":"Large Slime","floor":8.0,"turns":4.0},{"damage":0.0,"enemies":"2 Fungi Beasts","floor":10.0,"turns":3.0},{"damage":9.0,"enemies":"Gremlin Nob","floor":12.0,"turns":3.0},{"damage":3.0,"enemies":"Blue Slaver","floor":14.0,"turns":3.0},{"damage":0.0,"enemies":"Hexaghost","floor":16.0,"turns":9.0},{"damage":4.0,"enemies":"3 Byrds","floor":18.0,"turns":6.0},{"damage":0.0,"enemies":"Chosen","floor":19.0,"turns":4.0},{"damage":0.0,"enemies":"3 Cultists","floor":20.0,"turns":3.0},{"damage":33.0,"enemies":"Slavers","floor":24.0,"turns":6.0},{"damage":2.0,"enemies":"Centurion and Healer","floor":28.0,"turns":4.0},{"damage":0.0,"enemies":"Masked Bandits","floor":29.0,"turns":2.0},{"damage":16.0,"enemies":"Colosseum Slavers","floor":30.0,"turns":4.0},{"damage":25.0,"enemies":"Collector","floor":33.0,"turns":6.0},{"damage":22.0,"enemies":"Orb Walker","floor":35.0,"turns":3.0},{"damage":5.0,"enemies":"3 Darklings","floor":37.0,"turns":4.0},{"damage":0.0,"enemies":"Transient","floor":39.0,"turns":5.0},{"damage":26.0,"enemies":"Sphere and 2 Shapes","floor":41.0,"turns":4.0},{"damage":29.0,"enemies":"Reptomancer","floor":42.0,"turns":7.0},{"damage":20.0,"enemies":"Nemesis","floor":46.0,"turns":5.0},{"damage":0.0,"enemies":"Reptomancer","floor":48.0,"turns":3.0},{"damage":22.0,"enemies":"Donu and Deca","floor":50.0,"turns":6.0},{"damage":63.0,"enemies":"Shield and Spear","floor":54.0,"turns":6.0},{"damage":30,"enemies":"The Heart","floor":55,"turns":3}],"seed_played":"-5243586075509266105","potions_obtained":[{"floor":1.0,"key":"AttackPotion"},{"floor":8.0,"key":"EntropicBrew"},{"floor":14.0,"key":"CultistPotion"},{"floor":18.0,"key":"SpeedPotion"},{"floor":24.0,"key":"DistilledChaos"},{"floor":33.0,"key":"PowerPotion"},{"floor":35.0,"key":"DistilledChaos"},{"floor":37.0,"key":"SteroidPotion"},{"floor":42.0,"key":"BottledMiracle"},{"floor":54.0,"key":"PowerPotion"}],"is_trial":false,"path_per_floor":["M","M","$","M","M","R","E","M","T","M","?","E","$","M","R","B",null,"M","M","M","?","$","R","E","R","T","R","M","?","?","?","R","B",null,"M","?","M","$","M","R","M","E","T","R","$","E","R","E","R","B",null,"R","$","E","B"],"character_chosen":"WATCHER","items_purchased":["Adaptation","ReachHeaven","EmptyFist","FollowUp","Prostrate","Bandage Up","Weave"],"campfire_rested":0,"item_purchase_floors":[3,3,13,22,22,45,53],"current_hp_per_floor":[72,67,67,64,64,64,64,52,52,52,52,43,43,40,40,40,72,68,68,68,68,68,68,45,45,45,45,43,43,27,27,27,2,82,60,60,55,55,55,55,29,41,41,41,41,25,25,25,25,7,82,82,82,23,0,0],"gold":45,"neow_bonus":"BOSS_RELIC","is_daily":false,"chose_seed":false,"campfire_upgraded":10,"win_rate":0.0,"timestamp":1613000473,"path_taken":["M","M","?","?","M","R","E","M","T","M","?","E","$","M","R","BOSS","M","M","M","?","$","R","E","R","T","R","M","?","?","?","R","BOSS","M","?","M","$","M","R","M","E","T","R","$","E","R","E","R","BOSS","R","$","E","BOSS"],"items_purchased_type":["Card","Card","Card","Card","Card","Card","Card"],"build_version":"2020-12-22","purchased_purges":3,"victory":false,"max_hp_per_floor":[72,72,72,72,72,72,72,72,72,72,72,72,72,72,72,72,72,72,72,72,72,72,72,82,82,82,82,82,82,82,82,82,82,82,82,82,82,82,82,82,82,82,82,82,82,82,82,82,82,82,82,82,82,82,82,82],"card_choices":[{"not_picked":["Nirvana","Perseverance"],"picked":"FlurryOfBlows","floor":1.0},{"not_picked":["SashWhip","EmptyFist"],"picked":"TalkToTheHand","floor":2.0},{"not_picked":["Study","Protect"],"picked":"ThirdEye","floor":4.0},{"not_picked":["EmptyFist","CutThroughFate"],"picked":"DeceiveReality","floor":5.0},{"not_picked":["Halt","BattleHymn"],"picked":"BowlingBash","floor":7.0},{"not_picked":["Evaluate","WindmillStrike"],"picked":"Wireheading","floor":8.0},{"not_picked":["JustLucky","Ragnarok"],"picked":"CutThroughFate","floor":10.0},{"not_picked":["SandsOfTime","ClearTheMind"],"picked":"Omniscience","floor":12.0},{"not_picked":["Protect","PathToVictory"],"picked":"Prostrate","floor":14.0},{"not_picked":["DevaForm","Wish"],"picked":"Devotion","floor":16.0},{"not_picked":["Tantrum+1","ClearTheMind"],"picked":"TalkToTheHand","floor":18.0},{"not_picked":["CrushJoints","Evaluate"],"picked":"InnerPeace+1","floor":19.0},{"not_picked":["EmptyMind","SignatureMove"],"picked":"CutThroughFate","floor":20.0},{"not_picked":["FollowUp","Wish"],"picked":"DeceiveReality","floor":24.0},{"not_picked":["ThirdEye","JustLucky"],"picked":"FlurryOfBlows+1","floor":28.0},{"not_picked":["Perseverance","Prostrate"],"picked":"Consecrate+1","floor":29.0},{"not_picked":["Judgement","Wish"],"picked":"Vault","floor":33.0},{"not_picked":["SashWhip+1","CrushJoints+1"],"picked":"ThirdEye","floor":35.0},{"not_picked":["Prostrate+1","PathToVictory","FlyingSleeves"],"picked":"SKIP","floor":37.0},{"not_picked":["SignatureMove+1","Protect+1","CrushJoints"],"picked":"SKIP","floor":39.0},{"not_picked":["FlurryOfBlows","Conclude+1"],"picked":"ThirdEye+1","floor":41.0},{"not_picked":["InnerPeace","LikeWater"],"picked":"Tantrum","floor":42.0},{"not_picked":["PathToVictory+1","ForeignInfluence","Swivel"],"picked":"SKIP","floor":46.0},{"not_picked":["FlurryOfBlows","BattleHymn+1"],"picked":"Brilliance","floor":48.0},{"not_picked":["SashWhip","Evaluate","Prostrate"],"picked":"SKIP","floor":54.0}],"player_experience":279991,"relics_obtained":[{"floor":7.0,"key":"Kunai"},{"floor":9.0,"key":"Shuriken"},{"floor":12.0,"key":"Lizard Tail"},{"floor":24.0,"key":"Pear"},{"floor":26.0,"key":"Ginger"},{"floor":29.0,"key":"Red Mask"},{"floor":42.0,"key":"Dream Catcher"},{"floor":46.0,"key":"Frozen Egg 2"},{"floor":48.0,"key":"Orichalcum"},{"floor":54.0,"key":"Blood Vial"}],"event_choices":[{"cards_removed":["Strike_P"],"damage_healed":0.0,"max_hp_gain":0.0,"max_hp_loss":0.0,"gold_gain":0.0,"event_name":"The Cleric","player_choice":"Card Removal","floor":11.0,"gold_loss":50.0,"damage_taken":0.0},{"damage_healed":0.0,"max_hp_gain":0.0,"max_hp_loss":0.0,"gold_gain":0.0,"event_name":"The Library","player_choice":"Read","floor":21.0,"gold_loss":0.0,"damage_taken":0.0,"cards_obtained":["Fasting2"]},{"damage_healed":0.0,"max_hp_gain":0.0,"max_hp_loss":0.0,"gold_gain":0.0,"event_name":"Masked Bandits","player_choice":"Fought Bandits","floor":29.0,"gold_loss":0.0,"damage_taken":0.0},{"damage_healed":0.0,"max_hp_gain":0.0,"max_hp_loss":0.0,"gold_gain":0.0,"event_name":"Colosseum","player_choice":"Fight","floor":30.0,"gold_loss":0.0,"damage_taken":0.0},{"damage_healed":0.0,"max_hp_gain":0.0,"max_hp_loss":0.0,"gold_gain":0.0,"event_name":"Colosseum","player_choice":"Fled From Nobs","floor":30.0,"gold_loss":0.0,"damage_taken":0.0},{"damage_healed":0.0,"max_hp_gain":0.0,"max_hp_loss":0.0,"gold_gain":0.0,"event_name":"Drug Dealer","player_choice":"Inject Mutagens","floor":31.0,"gold_loss":0.0,"damage_taken":0.0,"relics_obtained":["MutagenicStrength"]},{"damage_healed":0.0,"max_hp_gain":0.0,"max_hp_loss":0.0,"gold_gain":0.0,"event_name":"Mysterious Sphere","player_choice":"Ignored","floor":36.0,"gold_loss":0.0,"damage_taken":0.0}],"is_beta":false,"boss_relics":[{"not_picked":["Philosopher\u0027s Stone","Ectoplasm"],"picked":"Cursed Key"},{"not_picked":["Black Star","Calling Bell"],"picked":"Astrolabe"}],"items_purged_floors":[22,38,45],"is_endless":false,"potions_floor_spawned":[1,8,14,18,24,30,33,35,37,42,54],"killed_by":"The Heart","ascension_level":4}}