{"host":"188x3om7sf6mgxv1","time":1613000775,"event":{"mods":["BaseMod","Block Reminder","Jorbs\u0027s Wanderer Trilogy","Minty Spire (QoL Compilation)","Relic Stats","StSLib"],"gold_per_floor":[112,37,54,64,7,7,35,35,61,75,75,75,104,104,104,219,219,239,257,257,257,182,208,208,33,56,76,90,90,90,65,65,168,168,179,195,165,15,25,53,53,104,104,104,137,148,148,175,175,175,175],"floor_reached":50,"language":"ENG","playtime":1636,"items_purged":["Injury","Quick Slash"],"score":854,"play_id":"80992b76-164e-452c-a3b0-785e7eca13f3","local_time":"20210210184615","is_ascension_mode":true,"campfire_choices":[{"data":"Noxious Fumes","floor":6,"key":"SMITH"},{"data":"Blade Dance","floor":8,"key":"SMITH"},{"data":"Catalyst","floor":11,"key":"SMITH"},{"floor":15,"key":"REST"},{"floor":24,"key":"REST"},{"floor":30,"key":"REST"},{"data":"Blade Dance","floor":32,"key":"SMITH"},{"floor":41,"key":"REST"},{"data":"Adrenaline","floor":44,"key":"SMITH"},{"floor":47,"key":"RECALL"},{"data":"Infinite Blades","floor":49,"key":"SMITH"}],"circlet_count":0,"master_deck":["Defend_G","Defend_G","Defend_G+1","Defend_G","Defend_G+1","Survivor","Neutralize","Noxious Fumes+1","Blade Dance+1","Catalyst+1","Blade Dance","Corpse Explosion","Noxious Fumes+1","Bane+1","Deflect","Phantasmal Killer","Slice","Blade Dance+1","Noxious Fumes","Dodge and Roll","Crippling Poison+1","Blade Dance+1","Adrenaline+1","Calculated Gamble","PiercingWail","Catalyst+1","Deflect+1","Accuracy+1","Infinite Blades+1"],"relics":["Ring of the Snake","The Specimen","Strawberry","Kunai","MealTicket","War Paint","Astrolabe","InkBottle","Orichalcum","WristBlade","DollysMirror","Eternal Feather","Unceasing Top","Mango","Omamori"],"acts_visited":["Exordium","TheCity","TheBeyond"],"potions_floor_usage":[16,29,30,50],"damage_taken":[{"damage":2.0,"enemies":"Jaw Worm","floor":1.0,"turns":8.0},{"damage":0,"enemies":"Cultist","floor":3,"turns":5},{"damage":0,"enemies":"2 Louse","floor":4,"turns":3},{"damage":27,"enemies":"3 Sentries","floor":7,"turns":6},{"damage":6,"enemies":"Large Slime","floor":10,"turns":5},{"damage":14,"enemies":"Lagavulin","floor":13,"turns":5},{"damage":0,"enemies":"Slime Boss","floor":16,"turns":7},{"damage":15,"enemies":"2 Thieves","floor":18,"turns":3},{"damage":4,"enemies":"Chosen","floor":19,"turns":3},{"damage":38,"enemies":"Book of Stabbing","floor":23,"turns":6},{"damage":21,"enemies":"Snecko","floor":27,"turns":5},{"damage":5,"enemies":"Centurion and Healer","floor":28,"turns":5},{"damage":0,"enemies":"Slavers","floor":29,"turns":1},{"damage":56,"enemies":"Automaton","floor":33,"turns":7},{"damage":5,"enemies":"3 Darklings","floor":35,"turns":4},{"damage":0,"enemies":"3 Shapes","floor":36,"turns":3},{"damage":37,"enemies":"Writhing Mass","floor":39,"turns":6},{"damage":35,"enemies":"Reptomancer","floor":40,"turns":4},{"damage":46,"enemies":"Nemesis","floor":45,"turns":7},{"damage":0,"enemies":"3 Darklings","floor":46,"turns":2},{"damage":7,"enemies":"Giant Head","floor":48,"turns":5},{"damage":64,"enemies":"Awakened One","floor":50,"turns":3}],"seed_played":"6337143931145379330","potions_obtained":[{"floor":3,"key":"Fruit Juice"},{"floor":10,"key":"Strength Potion"},{"floor":13,"key":"ColorlessPotion"},{"floor":18,"key":"SmokeBomb"},{"floor":33,"key":"Poison Potion"},{"floor":37,"key":"EntropicBrew"}],"is_trial":false,"path_per_floor":["M","$","M","M","?","R","E","R","T","M","R","?","E","?","R","B",null,"M","M","?","?","?","E","R","$","T","M","M","E","R","$","R","B",null,"M","M","?","$","M","E","R","T","T","R","E","M","R","E","R","B"],"character_chosen":"THE_SILENT","items_purchased":["Noxious Fumes","Blade Dance","DollysMirror"],"campfire_rested":4,"item_purchase_floors":[25,31,38],"current_hp_per_floor":[68,68,68,68,75,75,48,48,48,42,42,35,21,21,44,44,77,62,58,58,44,44,6,30,45,45,24,19,19,50,65,65,9,87,82,82,82,87,50,15,56,56,56,71,39,39,54,47,62,0,0],"gold":175,"neow_bonus":"ONE_RARE_RELIC","is_daily":false,"chose_seed":false,"campfire_upgraded":6,"win_rate":0.0,"timestamp":1613000775,"path_taken":["M","$","M","M","?","R","E","R","T","?","R","?","E","?","R","BOSS","M","M","?","?","?","E","R","$","T","M","M","E","R","$","R","BOSS","M","M","?","?","M","E","R","?","T","R","E","M","R","E","R","BOSS"],"items_purchased_type":["Card","Card","Relic"],"build_version":"2020-12-22","purchased_purges":2,"victory":false,"max_hp_per_floor":[70,70,70,70,77,77,77,77,77,77,77,77,77,77,77,77,77,77,77,77,82,82,82,82,82,82,82,82,82,87,87,87,87,87,87,87,87,87,87,87,87,87,87,87,101,101,101,101,101,101,101],"relic_stats":{"counters":[22,103],"Astrolabe":["Outmaneuver","Underhanded Strike","Noxious Fumes"],"MealTicket":35,"Eternal Feather":60,"Kunai":[69],"War Paint":["Defend_G","Defend_G"],"Orichalcum":[126],"obtain_stats":[{"The Specimen":0,"Astrolabe":17,"Eternal Feather":40,"Mango":45,"Omamori":48,"War Paint":13,"Orichalcum":26,"WristBlade":34,"DollysMirror":38,"Strawberry":5,"MealTicket":9,"Kunai":7,"InkBottle":23,"Unceasing Top":43,"Ring of the Snake":0},{"The Specimen":0,"Astrolabe":7,"Eternal Feather":18,"Mango":19,"Omamori":21,"War Paint":6,"Orichalcum":10,"WristBlade":14,"DollysMirror":16,"Strawberry":3,"MealTicket":4,"Kunai":4,"InkBottle":10,"Unceasing Top":18,"Ring of the Snake":0},{"The Specimen":0,"Astrolabe":39,"Eternal Feather":86,"Mango":93,"Omamori":100,"War Paint":32,"Orichalcum":51,"WristBlade":69,"DollysMirror":76,"Strawberry":16,"MealTicket":22,"Kunai":22,"InkBottle":51,"Unceasing Top":86,"Ring of the Snake":0}],"InkBottle":[33],"Unceasing Top":[0],"Ring of the Snake":[44]},"card_choices":[{"not_picked":["Reflex","Heel Hook"],"picked":"Noxious Fumes","floor":1.0},{"not_picked":["Prepared","Backflip"],"picked":"Quick Slash","floor":3},{"not_picked":["Bane","Riddle With Holes"],"picked":"Blade Dance","floor":4},{"not_picked":["Flying Knee","Prepared","Bane"],"picked":"SKIP","floor":7},{"not_picked":["Dagger Throw","Prepared"],"picked":"Catalyst","floor":10},{"not_picked":["Leg Sweep","Envenom"],"picked":"Blade Dance","floor":13},{"not_picked":["Unload","Night Terror"],"picked":"Corpse Explosion","floor":16},{"not_picked":["Acrobatics+1","Sucker Punch"],"picked":"Bane+1","floor":18},{"not_picked":["Underhanded Strike","Backflip"],"picked":"Deflect","floor":19},{"not_picked":["Phantasmal Killer","Dash+1"],"picked":"Blade Dance+1","floor":23},{"not_picked":["Dash+1","Noxious Fumes+1"],"picked":"Dodge and Roll","floor":27},{"not_picked":["Slice","Outmaneuver+1"],"picked":"Crippling Poison+1","floor":28},{"not_picked":["Envenom","Phantasmal Killer"],"picked":"Adrenaline","floor":33},{"not_picked":["Quick Slash+1","Sucker Punch"],"picked":"Calculated Gamble","floor":35},{"not_picked":["Dagger Throw+1","Dodge and Roll"],"picked":"PiercingWail","floor":36},{"not_picked":["Noxious Fumes+1","Predator+1"],"picked":"Deflect+1","floor":39},{"not_picked":["A Thousand Cuts","Escape Plan"],"picked":"Accuracy+1","floor":40},{"not_picked":["Dagger Spray+1","Prepared+1","Heel Hook+1"],"picked":"SKIP","floor":45},{"not_picked":["Poisoned Stab+1","Dagger Throw","Deflect"],"picked":"SKIP","floor":46},{"not_picked":["Caltrops","Flying Knee"],"picked":"Infinite Blades","floor":48}],"player_experience":55781,"relics_obtained":[{"floor":7,"key":"Kunai"},{"floor":9,"key":"MealTicket"},{"floor":13,"key":"War Paint"},{"floor":23,"key":"InkBottle"},{"floor":26,"key":"Orichalcum"},{"floor":40,"key":"Eternal Feather"},{"floor":43,"key":"Unceasing Top"},{"floor":45,"key":"Mango"},{"floor":48,"key":"Omamori"}],"event_choices":[{"damage_healed":0,"gold_gain":0,"player_choice":"Paid Gold","damage_taken":0,"relics_obtained":["Strawberry"],"max_hp_gain":0,"max_hp_loss":0,"event_name":"WeMeetAgain","floor":5,"gold_loss":57},{"cards_removed":["Strike_G"],"damage_healed":0,"gold_gain":0,"player_choice":"Card Removal","damage_taken":7,"max_hp_gain":0,"max_hp_loss":0,"event_name":"Golden Wing","floor":12,"gold_loss":0},{"damage_healed":0,"gold_gain":0,"player_choice":"Ignored","damage_taken":0,"max_hp_gain":0,"max_hp_loss":0,"event_name":"Liars Game","floor":14,"gold_loss":0},{"damage_healed":0,"gold_gain":0,"cards_transformed":["Outmaneuver","Underhanded Strike"],"player_choice":"Became Test Subject","damage_taken":0,"max_hp_gain":0,"max_hp_loss":0,"event_name":"Drug Dealer","floor":20,"gold_loss":0,"cards_obtained":["Phantasmal Killer","Slice"]},{"damage_healed":0,"gold_gain":0,"player_choice":"Shed Blood","damage_taken":19,"max_hp_gain":5,"max_hp_loss":0,"event_name":"Forgotten Altar","floor":21,"gold_loss":0},{"cards_removed":["Strike_G"],"damage_healed":0,"gold_gain":0,"player_choice":"Gave Gold","damage_taken":0,"max_hp_gain":0,"max_hp_loss":0,"event_name":"Beggar","floor":22,"gold_loss":75},{"damage_healed":0,"gold_gain":0,"player_choice":"Bought 2 Potions","damage_taken":0,"max_hp_gain":0,"max_hp_loss":0,"event_name":"The Woman in Blue","floor":37,"gold_loss":0}],"is_beta":false,"boss_relics":[{"not_picked":["Ectoplasm","Calling Bell"],"picked":"Astrolabe"},{"not_picked":["Philosopher\u0027s Stone","SacredBark"],"picked":"WristBlade"}],"items_purged_floors":[2,25],"is_endless":false,"potions_floor_spawned":[3,10,13,18,33,45,48],"killed_by":"Awakened One","ascension_level":4}}