{"host":"prxrhpgaxnj4om9r","time":1613000044,"event":{"mods":["AchievementEnabler","BaseMod","DeckTracker","Keyboard Shortcuts","Minty Spire (QoL Compilation)"],"gold_per_floor":[115,115,115,126,15,43,63,76,76,102,117,137,182,192,192,287,287,267,281,281,281],"floor_reached":20,"language":"KOR","playtime":1028,"items_purged":["Regret"],"score":213,"play_id":"988e81d1-3579-499b-8fac-5cb65920ccbc","local_time":"20210211083404","is_ascension_mode":false,"campfire_choices":[{"floor":15,"key":"REST"}],"circlet_count":0,"master_deck":["Strike_G","Strike_G","Strike_G","Strike_G+1","Strike_G","Defend_G","Defend_G","Defend_G","Defend_G","Defend_G","Survivor","Neutralize+1","Backflip","Crippling Poison","Distraction","Dodge and Roll","Cloak And Dagger","Dagger Throw","Riddle With Holes","Envenom","Footwork","Venomology","CurseOfTheBell","Poisoned Stab","Acrobatics+1"],"relics":["Ring of the Snake","NeowsBlessing","StrikeDummy","Singing Bowl","Letter Opener","MealTicket","Calling Bell","Boot","HornCleat","Calipers"],"acts_visited":["Exordium","TheCity"],"potions_floor_usage":[12,13,16,19,19,20],"damage_taken":[{"damage":0,"enemies":"2 Louse","floor":1,"turns":1},{"damage":0,"enemies":"Small Slimes","floor":4,"turns":1},{"damage":0,"enemies":"Gremlin Nob","floor":6,"turns":1},{"damage":8,"enemies":"Jaw Worm","floor":7,"turns":3},{"damage":15,"enemies":"Gremlin Gang","floor":8,"turns":5},{"damage":0,"enemies":"Blue Slaver","floor":11,"turns":2},{"damage":7,"enemies":"Exordium Thugs","floor":12,"turns":3},{"damage":8,"enemies":"Lagavulin","floor":13,"turns":6},{"damage":0,"enemies":"3 Louse","floor":14,"turns":3},{"damage":14,"enemies":"The Guardian","floor":16,"turns":14},{"damage":20,"enemies":"2 Thieves","floor":18,"turns":4},{"damage":23,"enemies":"Spheric Guardian","floor":19,"turns":6},{"damage":29,"enemies":"Snake Plant","floor":20,"turns":6}],"seed_played":"-7183848076706419722","potions_obtained":[{"floor":4,"key":"Weak Potion"},{"floor":8,"key":"ColorlessPotion"},{"floor":11,"key":"Explosive Potion"},{"floor":12,"key":"Block Potion"},{"floor":19,"key":"Ancient Potion"}],"is_trial":false,"path_per_floor":["M","?","?","M","$","E","M","M","T","T","M","M","E","M","R","B",null,"M","M","M"],"character_chosen":"THE_SILENT","items_purchased":["Distraction"],"campfire_rested":1,"item_purchase_floors":[5],"current_hp_per_floor":[70,56,56,56,56,56,48,33,33,33,33,26,18,20,41,27,72,52,29,0,0],"gold":281,"neow_bonus":"THREE_ENEMY_KILL","is_daily":false,"chose_seed":false,"campfire_upgraded":0,"win_rate":0.0,"timestamp":1613000044,"path_taken":["M","?","?","M","$","E","M","M","T","?","M","M","E","M","R","BOSS","M","M","?"],"items_purchased_type":["Card"],"build_version":"2020-12-22","purchased_purges":1,"victory":false,"max_hp_per_floor":[70,70,70,70,70,70,70,70,70,70,70,70,70,72,72,72,72,72,72,72,72],"card_choices":[{"not_picked":["Blade Dance","Acrobatics"],"picked":"Backflip","floor":1},{"not_picked":["Choke","Deflect"],"picked":"Crippling Poison","floor":4},{"not_picked":["Wraith Form v2","Cloak And Dagger"],"picked":"Dodge and Roll","floor":6},{"not_picked":["Quick Slash","Well Laid Plans"],"picked":"Cloak And Dagger","floor":7},{"not_picked":["Terror","Finisher"],"picked":"Dagger Throw","floor":8},{"not_picked":["Prepared","Dodge and Roll"],"picked":"Riddle With Holes","floor":11},{"not_picked":["Backflip","Dagger Spray"],"picked":"Envenom","floor":12},{"not_picked":["Reflex","Finisher"],"picked":"Footwork","floor":13},{"not_picked":["Bane","Well Laid Plans","Sucker Punch"],"picked":"Singing Bowl","floor":14},{"not_picked":["Grand Finale","Doppelganger"],"picked":"Venomology","floor":16},{"not_picked":["Predator","Sucker Punch+1"],"picked":"Poisoned Stab","floor":18},{"not_picked":["Cloak And Dagger","Quick Slash"],"picked":"Acrobatics+1","floor":19}],"player_experience":372682,"relics_obtained":[{"floor":6,"key":"Singing Bowl"},{"floor":9,"key":"Letter Opener"},{"floor":13,"key":"MealTicket"},{"floor":17,"key":"Boot"},{"floor":17,"key":"HornCleat"},{"floor":17,"key":"Calipers"}],"event_choices":[{"damage_healed":0,"gold_gain":0,"player_choice":"Entered Light","damage_taken":14,"max_hp_gain":0,"max_hp_loss":0,"event_name":"Shining Light","floor":2,"gold_loss":0,"cards_upgraded":["Neutralize","Strike_G"]},{"damage_healed":0,"gold_gain":0,"player_choice":"Box","damage_taken":0,"relics_obtained":["StrikeDummy"],"max_hp_gain":0,"max_hp_loss":0,"event_name":"Big Fish","floor":3,"gold_loss":0,"cards_obtained":["Regret"]}],"is_beta":false,"boss_relics":[{"not_picked":["Empty Cage","Busted Crown"],"picked":"Calling Bell"}],"items_purged_floors":[5],"is_endless":false,"potions_floor_spawned":[4,8,11,12,19],"killed_by":"Snake Plant","ascension_level":0}}