{"host":"1zjc08c6hob33401","time":1613001329,"event":{"mods":["AchievementEnabler","Act Like it!","Aspiration","BaseMod","Downfall","Elementarium","Energized Spire","Evolution","Friendly Minions","Gensokyo","GifTheSpireLib","Hubris","Infinite Spire","Jedi Mod","Menagerie","Minty Spire (QoL Compilation)","Pale of the Ancients","Quick Restart","Reliquary","Replay The Spire","Retaliation","Shop Mod","Spicy Shops","Spire Arcade","StS++","StSLib","Stuff the Spire","The Blue Laboratory","Wandering Minibosses","??????REMEMod"],"gold_per_floor":[111,186,151,0,17,17,17,50,77,109,109,129,129,143,143,219,219,236,246,246,246,264,291,291,325,352,352,352,363,363,363],"floor_reached":30,"language":"RUS","playtime":1610,"items_purged":[],"score":512,"play_id":"fd982156-c2e0-40ff-bb03-8388779cee82","local_time":"20210211015529","is_ascension_mode":true,"campfire_choices":[{"data":"REME_CopyPotion","floor":6.0,"key":"SMITH"},{"data":"Tempest","floor":11.0,"key":"SMITH"},{"data":"StuffTheSpire:Brawn","floor":13.0,"key":"SMITH"},{"floor":15.0,"key":"REST"},{"floor":24,"key":"REST"},{"floor":27,"key":"REST"}],"circlet_count":0,"master_deck":["AscendersBane","jedi:BurstLightning","Ball Lightning","Barrage","Rebound","Leap","Defend_B","Defend_B","Zap+1","Dualcast","REME_CopyPotion+1","Dramatic Entrance","Genetic Algorithm","Clumsy","StuffTheSpire:Brawn+1","Sweeping Beam","Gash","Tempest+1","Cold Snap","StuffTheSpire:Coldhearted","Biased Cognition","Gash+1","StuffTheSpire:Rapture","StuffTheSpire:Ambrosia","Sweeping Beam","aspiration:Polymerization+1","BootSequence","Conserve Battery","Capacitor"],"relics":["Cracked Core","EVO:Axolotl","REME_ComplimentaryCards","StuffTheSpire:Saxophone","Bag of Preparation","reliquary:ExpiredCoupon","reliquary:FerryPass","Regal Pillow","energizedSpire:SpiderWeb","hubris:Icosahedron","reliquary:SilkGlove","StuffTheSpire:Mouthbags","Geode"],"acts_visited":["Exordium","Elementarium:Elementarium"],"potions_floor_usage":[23,23,25,30],"damage_taken":[{"damage":7.0,"enemies":"Jaw Worm","floor":1.0,"turns":2.0},{"damage":0.0,"enemies":"Small Slimes","floor":5.0,"turns":2.0},{"damage":17.0,"enemies":"3 Sentries","floor":8.0,"turns":3.0},{"damage":15.0,"enemies":"Lagavulin","floor":10.0,"turns":4.0},{"damage":0.0,"enemies":"2 Louse","floor":12.0,"turns":1.0},{"damage":0.0,"enemies":"2 Fungi Beasts","floor":14.0,"turns":1.0},{"damage":25.0,"enemies":"Hexaghost","floor":16.0,"turns":9.0},{"damage":0.0,"enemies":"Elementarium:2_ELEMENTALS","floor":18.0,"turns":3.0},{"damage":18.0,"enemies":"Elementarium:MUD_AND_TAR_GOLEMS","floor":19.0,"turns":4.0},{"damage":8.0,"enemies":"Elementarium:Hydrostalker","floor":22.0,"turns":5.0},{"damage":28,"enemies":"Elementarium:WarGolem","floor":23,"turns":4},{"damage":46,"enemies":"Elementarium:ElementalPortal","floor":25,"turns":8},{"damage":13,"enemies":"Elementarium:RubyGolem","floor":29,"turns":3},{"damage":43,"enemies":"Elementarium:VoidBeast","floor":30,"turns":3}],"seed_played":"-3304560038245009960","potions_obtained":[{"floor":10.0,"key":"ColorlessPotion"},{"floor":16.0,"key":"champ:CounterPotion"},{"floor":22.0,"key":"Toxic Potion"},{"floor":23,"key":"Strength Potion"},{"floor":25,"key":"Energy Potion"}],"is_trial":false,"path_per_floor":["M","?","?","$","M","R","?","E","T","E","R","M","R","M","R","B",null,"M","M","?","?","M","E","R","E","T","R","?","M","M"],"character_chosen":"DEFECT","items_purchased":["StuffTheSpire:Saxophone","Bag of Preparation"],"campfire_rested":3,"item_purchase_floors":[4,4],"current_hp_per_floor":[57,46,63,63,63,63,63,46,46,31,31,31,31,31,67,46,65,65,47,47,47,40,13,49,4,4,41,45,33,0,0],"gold":363,"neow_bonus":"RANDOM_COLORLESS","is_daily":false,"chose_seed":false,"campfire_upgraded":3,"win_rate":0.0,"timestamp":1613001329,"path_taken":["M","?","?","$","M","R","?","E","T","E","R","M","R","M","R","BOSS","M","M","?","?","M","E","R","E","T","R","?","M","?"],"items_purchased_type":["Relic","Relic"],"build_version":"2020-12-22","purchased_purges":0,"victory":false,"max_hp_per_floor":[71,71,71,71,71,71,71,71,71,71,71,71,71,71,71,71,71,71,71,71,71,72,73,73,74,74,74,74,75,76,76],"card_choices":[{"not_picked":["Forethought","jedi:forcepush"],"picked":"Dramatic Entrance","floor":0.0},{"not_picked":["Barrage","REME_DataAnalysis"],"picked":"Genetic Algorithm","floor":1.0},{"not_picked":["jedi:BurstFrost","BasicCrystalCard"],"picked":"Sweeping Beam","floor":5.0},{"not_picked":["Creative AI","Steam"],"picked":"Gash","floor":8.0},{"not_picked":["All For One","StuffTheSpire:SnapShoot"],"picked":"Tempest","floor":10.0},{"not_picked":["Undo","ReplayTheSpireMod:GoodbyeWorld"],"picked":"Cold Snap","floor":12.0},{"not_picked":["Go for the Eyes","StuffTheSpire:ShieldGenerator"],"picked":"StuffTheSpire:Coldhearted","floor":14.0},{"not_picked":["All For One","Core Surge"],"picked":"Biased Cognition","floor":16.0},{"not_picked":["StuffTheSpire:Plugnplay","Reinforced Body+1"],"picked":"Gash+1","floor":18.0},{"not_picked":["REME_SelfUpgrade","Streamline","Sweeping Beam"],"picked":"SKIP","floor":19.0},{"not_picked":["REME_SelfUpgrade","Streamline","Sweeping Beam"],"picked":"SKIP","floor":19.0},{"not_picked":["Barrage","Rebound"],"picked":"Sweeping Beam","floor":22.0},{"not_picked":["ReplayTheSpireMod:Reroute Power","StuffTheSpire:GlassShard"],"picked":"aspiration:Polymerization+1","floor":23},{"not_picked":["StuffTheSpire:Rend+1","Undo"],"picked":"Conserve Battery","floor":25},{"not_picked":["jedi:blockon","Sweeping Beam"],"picked":"Capacitor","floor":29}],"player_experience":756369,"relics_obtained":[{"floor":8.0,"key":"reliquary:ExpiredCoupon"},{"floor":9.0,"key":"reliquary:FerryPass"},{"floor":10.0,"key":"Regal Pillow"},{"floor":23,"key":"reliquary:SilkGlove"},{"floor":25,"key":"StuffTheSpire:Mouthbags"},{"floor":26,"key":"Geode"}],"event_choices":[{"damage_healed":0.0,"max_hp_gain":0.0,"max_hp_loss":0.0,"gold_gain":75.0,"event_name":"World of Goop","player_choice":"Gather Gold","floor":2.0,"gold_loss":0.0,"damage_taken":11.0},{"damage_healed":17.0,"max_hp_gain":0.0,"max_hp_loss":0.0,"gold_gain":0.0,"event_name":"The Cleric","player_choice":"Healed","floor":3.0,"gold_loss":35.0,"damage_taken":0.0},{"damage_healed":0.0,"max_hp_gain":0.0,"max_hp_loss":0.0,"gold_gain":0.0,"cards_transformed":["Defend_B"],"event_name":"Elementarium:AbandonedFactory","player_choice":"Scrolls","floor":20.0,"gold_loss":0.0,"damage_taken":0.0,"cards_obtained":["BootSequence"]}],"is_beta":false,"boss_relics":[{"not_picked":["hubris:GrandSneckoEye","aspiration:IroncladSkillbook"],"picked":"energizedSpire:SpiderWeb"}],"items_purged_floors":[],"is_endless":false,"potions_floor_spawned":[10,16,22,23,25],"killed_by":"Elementarium:VoidBeast","ascension_level":20}}