{"host":"dh4nu8nelr2izibb","time":1613001465,"event":{"mods":["BaseMod","Better Skull","Better Third Choice","Card Forge","Curses Come First","Displayed Cursed Tome","HololiveMod","Marisa????????","Minty Spire (QoL Compilation)","Poor People Problems","Quick Restart","Relic Filter","Reliquary","StSLib","WarShipGirlsR/????R mod","Yakumo Yukari mod"],"gold_per_floor":[240,88,102,102,120,120,138,164,164,197,210,7,7,7,7,80,80,94,94,94,107,127,127,160,210,210,236,236,136,116,132,132,204,204,219,229,246,301,317,348,348,379,429,454,468,468,71,101,101,101],"floor_reached":51,"language":"ENG","playtime":2413,"items_purged":["AT_purpleEX","Defend_purpleEX","Defend_purpleEX"],"score":1869,"play_id":"4f69cb86-fa03-410a-b3a7-01a984c73f33","local_time":"20210210185745","is_ascension_mode":true,"campfire_choices":[{"data":"Bait_HighSpeedFlying_purple","floor":6.0,"key":"SMITH"},{"data":"EighthInstrument_OneDividesIntoTwo_purple","floor":13.0,"key":"SMITH"},{"floor":15.0,"key":"REST"},{"data":"Umbrella_purple","floor":23.0,"key":"SMITH"},{"floor":32.0,"key":"REST"},{"data":"MetroBOOM_purple","floor":41,"key":"SMITH"},{"data":"Bait_HighSpeedFlying_purple","floor":46,"key":"SMITH"},{"data":"Nest_LightFlightworm_purple","floor":49,"key":"SMITH"}],"circlet_count":0,"master_deck":["AscendersBane","AT_purpleEX","AT_purpleEX","Defend_purpleEX","Defend_purpleEX","Observe_purple_1","Observe_purple_2","MonsterNeedle_purple","Mirror_FourBoundary_purple+1","Bait_HighSpeedFlying_purple+1","EighthInstrument_OneDividesIntoTwo_purple+1","Worldmountain_purple","Nest_LightFlightworm_purple+1","StateErode_purple","Umbrella_purple+1","Erosivefilter_purple","OmniscientAndOmnipotent_Monster_purple","CommonSense_AntiCommonSense_purple+1","WingOfChimera_purple","LoveAcrossDimensions_purple+1","RuptureOfTimeAndSpace_purple+1","DimensionStaggered_purple","Mirror_FourBoundary_purple+1","Anti_communist_purple+1","MeetDecomposer_purple","Fancifulhole_purple","Mirror_FourBoundary_purple","MetroBOOM_purple+1","DimensionStaggered_purple+1","Bait_HighSpeedFlying_purple+1","OpenedBox_purple","Master of Strategy"],"relics":["Boundary_crack","Memoryfragments_purpleEX","Hammer of Thor","Seething Fire","Anvil of the Gods","Bag of Preparation","Antimatter_spacedebris","reliquary:RedPaperclip","Blue Candle","Girya","WingedGreaves","Philosopher\u0027s Stone","CatCart","reliquary:Buckler","Mummified Hand","Smiling Mask","Unceasing Top","HandDrill","reliquary:TuningFork"],"acts_visited":["Exordium","TheCity","TheBeyond"],"potions_floor_usage":[50],"damage_taken":[{"damage":6.0,"enemies":"Small Slimes","floor":1.0,"turns":6.0},{"damage":9.0,"enemies":"Cultist","floor":3.0,"turns":4.0},{"damage":4.0,"enemies":"2 Louse","floor":5.0,"turns":2.0},{"damage":16.0,"enemies":"Exordium Thugs","floor":7.0,"turns":3.0},{"damage":8.0,"enemies":"Gremlin Nob","floor":8.0,"turns":3.0},{"damage":14.0,"enemies":"3 Sentries","floor":10.0,"turns":2.0},{"damage":0.0,"enemies":"Large Slime","floor":11.0,"turns":3.0},{"damage":12.0,"enemies":"The Guardian","floor":16.0,"turns":8.0},{"damage":2.0,"enemies":"3 Byrds","floor":18.0,"turns":4.0},{"damage":0.0,"enemies":"Chosen","floor":21.0,"turns":3.0},{"damage":10.0,"enemies":"Snake Plant","floor":22.0,"turns":4.0},{"damage":15.0,"enemies":"Book of Stabbing","floor":24.0,"turns":5.0},{"damage":11.0,"enemies":"Slavers","floor":27.0,"turns":5.0},{"damage":0.0,"enemies":"Cultist and Chosen","floor":31.0,"turns":3.0},{"damage":0.0,"enemies":"Automaton","floor":33.0,"turns":5.0},{"damage":19.0,"enemies":"3 Darklings","floor":35.0,"turns":5.0},{"damage":2.0,"enemies":"Orb Walker","floor":36.0,"turns":2.0},{"damage":0,"enemies":"Writhing Mass","floor":37,"turns":4},{"damage":0,"enemies":"Orin","floor":38,"turns":5},{"damage":0,"enemies":"4 Shapes","floor":39,"turns":5},{"damage":0,"enemies":"Nemesis","floor":40,"turns":7},{"damage":0,"enemies":"Giant Head","floor":42,"turns":5},{"damage":0,"enemies":"Mind Bloom Boss Battle","floor":44,"turns":3},{"damage":0,"enemies":"3 Darklings","floor":45,"turns":4},{"damage":0,"enemies":"Nemesis","floor":48,"turns":5},{"damage":14,"enemies":"Donu and Deca","floor":50,"turns":4}],"seed_played":"-9068621506052165108","potions_obtained":[{"floor":1.0,"key":"SteroidPotion"},{"floor":5.0,"key":"Ancient Potion"},{"floor":8.0,"key":"Strength Potion"},{"floor":16.0,"key":"RealmPotion"},{"floor":18.0,"key":"RealmPotion"},{"floor":22.0,"key":"Energy Potion"},{"floor":31.0,"key":"Block Potion"},{"floor":36.0,"key":"Strength Potion"},{"floor":39,"key":"FairyPotion"},{"floor":48,"key":"PanachePotion"}],"is_trial":false,"path_per_floor":["M","$","M","?","M","R","M","E","T","E","M","$","R","?","R","B",null,"M","?","?","M","M","R","E","?","T","E","?","$","?","M","R","B",null,"M","M","M","?","M","E","R","E","T","?","M","R","$","E","R","B",null],"character_chosen":"Youkari","items_purchased":["Mirror_FourBoundary_purple","Bait_HighSpeedFlying_purple","CommonSense_AntiCommonSense_purple","WingOfChimera_purple","HandDrill","Master of Strategy"],"campfire_rested":2,"item_purchase_floors":[2,2,12,12,47,47],"current_hp_per_floor":[56,56,49,49,47,47,32,25,25,12,13,13,13,13,32,24,55,57,57,57,57,50,50,35,35,35,24,24,24,24,27,46,46,60,45,44,46,46,46,46,46,46,46,49,49,49,49,50,50,36],"gold":101,"neow_bonus":"HUNDRED_GOLD","is_daily":false,"chose_seed":false,"campfire_upgraded":6,"win_rate":0.0,"timestamp":1613001465,"path_taken":["M","$","M","?","M","R","?","E","T","E","M","?","R","?","R","BOSS","M","?","?","?","M","R","E","?","T","E","?","$","?","M","R","BOSS","M","M","?","?","M","E","R","E","T","?","M","R","$","E","R","BOSS"],"items_purchased_type":["Card","Card","Card","Card","Relic","Card"],"build_version":"2020-12-22","purchased_purges":3,"victory":true,"max_hp_per_floor":[65,65,65,65,65,65,65,65,65,65,65,65,65,65,65,65,65,65,65,65,65,65,65,65,65,65,65,65,65,65,65,65,65,65,65,65,65,65,65,65,65,65,65,65,65,65,65,65,65,65],"card_choices":[{"not_picked":["Mirror_WaveAndshot_purple","RuleDissolution_purple"],"picked":"MonsterNeedle_purple","floor":1.0},{"not_picked":["ExternalForce_HighSpeedFlying_purple","StateDuplicate_purple"],"picked":"EighthInstrument_OneDividesIntoTwo_purple","floor":3.0},{"not_picked":["Charmbait_purple","RuleDissolution_purple"],"picked":"Nest_LightFlightworm_purple","floor":5.0},{"not_picked":["AdvanceAttack_purple","Umbrella_purple"],"picked":"StateErode_purple","floor":7.0},{"not_picked":["StateErode_purple","WangLiang_OokamiKakushi_purple"],"picked":"Umbrella_purple","floor":8.0},{"not_picked":["Line_surface_state_purple","Charmbait_purple"],"picked":"Erosivefilter_purple","floor":10.0},{"not_picked":["ExistenceContinue_purple","Yakumo_Ran_purple"],"picked":"OmniscientAndOmnipotent_Monster_purple","floor":11.0},{"not_picked":["ContainerChange_purple","UniverseChoice_purple"],"picked":"LoveAcrossDimensions_purple","floor":16.0},{"not_picked":["RuleDissolution_purple","SfantasyHide_purple"],"picked":"RuptureOfTimeAndSpace_purple","floor":18.0},{"not_picked":["Mirror_FormAndEmptin_purple","WatchEChange_purple"],"picked":"Mirror_FourBoundary_purple","floor":21.0},{"not_picked":["StateErode_purple","SharpContractionReality_purple+1"],"picked":"Anti_communist_purple+1","floor":22.0},{"not_picked":["MeetDecomposer_purple","SharpContractionReality_purple","Boundary_of_Extermination_purpleEX"],"picked":"SKIP","floor":24.0},{"not_picked":["StateErode_purple","SfantasyHide_purple"],"picked":"MeetDecomposer_purple","floor":27.0},{"not_picked":[],"picked":"Fancifulhole_purple","floor":30.0},{"not_picked":["Umbrella_purple","StateErode_purple"],"picked":"Mirror_FourBoundary_purple","floor":31.0},{"not_picked":["CommonSense_AntiCommonSense_purple","RuleDissolution_purple+1","Line_surface_state_purple"],"picked":"SKIP","floor":35.0},{"not_picked":["ExistenceContinue_purple","Umbrella_purple","StateDuplicate_purple"],"picked":"SKIP","floor":36.0},{"not_picked":["Mirror_FormAndEmptin_purple","StateDuplicate_purple+1"],"picked":"MetroBOOM_purple","floor":37},{"not_picked":["StateDuplicate_purple","Shallow_ocean_purpleEX+1"],"picked":"DimensionStaggered_purple+1","floor":38},{"not_picked":["RuleDissolution_purple","Boundary_of_Extermination_purpleEX"],"picked":"Mirror_Drifter_purple","floor":39},{"not_picked":["Photoelasticity_Doppler_Effect_purple","Boundary_ObjectiveBoundary_purple+1","AdvanceAttack_purple+1"],"picked":"SKIP","floor":40},{"not_picked":["Mirror_Drifter_purple","Mirror_FormAndEmptin_purple"],"picked":"Bait_HighSpeedFlying_purple","floor":42},{"not_picked":["LoveAcrossDimensions_purple","Shallow_ocean_purpleEX"],"picked":"OpenedBox_purple","floor":44},{"not_picked":["StateDuplicate_purple+1","Boundary_DynamicStaticEquilibrium_purple+1","Mirror_FormAndEmptin_purple"],"picked":"SKIP","floor":45},{"not_picked":["Mirror_FormAndEmptin_purple","Line_surface_state_purple","Umbrella_purple"],"picked":"SKIP","floor":48}],"player_experience":1099965,"relics_obtained":[{"floor":8.0,"key":"Bag of Preparation"},{"floor":9.0,"key":"reliquary:PorcupineQuills"},{"floor":10.0,"key":"Antimatter_spacedebris"},{"floor":24.0,"key":"Blue Candle"},{"floor":26.0,"key":"Girya"},{"floor":27.0,"key":"WingedGreaves"},{"floor":38,"key":"CatCart"},{"floor":40,"key":"reliquary:Buckler"},{"floor":42,"key":"Mummified Hand"},{"floor":43,"key":"Smiling Mask"},{"floor":44,"key":"Unceasing Top"},{"floor":48,"key":"reliquary:TuningFork"}],"event_choices":[{"damage_healed":0.0,"max_hp_gain":0.0,"max_hp_loss":0.0,"gold_gain":0.0,"cards_transformed":["AT_purpleEX"],"event_name":"Transmorgrifier","player_choice":"Transformed","floor":4.0,"gold_loss":0.0,"damage_taken":0.0,"cards_obtained":["Worldmountain_purple"]},{"damage_healed":0.0,"max_hp_gain":0.0,"max_hp_loss":0.0,"gold_gain":0.0,"event_name":"WeMeetAgain","player_choice":"Gave Potion","floor":14.0,"gold_loss":0.0,"damage_taken":0.0,"relics_obtained":["reliquary:Aerogel"]},{"damage_healed":0.0,"max_hp_gain":0.0,"max_hp_loss":0.0,"gold_gain":0.0,"event_name":"TheLibraryeventEX","player_choice":"Read","floor":19.0,"gold_loss":0.0,"damage_taken":0.0,"cards_obtained":["DimensionStaggered_purple"]},{"damage_healed":0.0,"max_hp_gain":0.0,"max_hp_loss":0.0,"gold_gain":0.0,"event_name":"Upgrade Shrine","player_choice":"Upgraded","floor":20.0,"gold_loss":0.0,"damage_taken":0.0,"cards_upgraded":["Mirror_FourBoundary_purple"]},{"damage_healed":0.0,"max_hp_gain":0.0,"max_hp_loss":0.0,"gold_gain":50.0,"event_name":"betterThird:BetterNest","player_choice":"Steal","floor":25.0,"gold_loss":0.0,"damage_taken":0.0},{"damage_healed":0.0,"max_hp_gain":0.0,"max_hp_loss":0.0,"gold_gain":0.0,"event_name":"Vampires","player_choice":"Ignored","floor":28.0,"gold_loss":0.0,"damage_taken":0.0},{"damage_healed":0,"gold_gain":0,"player_choice":"Fight","damage_taken":0,"max_hp_gain":0,"max_hp_loss":0,"event_name":"OrinTheCat","floor":38,"gold_loss":0},{"damage_healed":0,"gold_gain":0,"player_choice":"Fight","damage_taken":0,"max_hp_gain":0,"max_hp_loss":0,"event_name":"MindBloom","floor":44,"gold_loss":0}],"is_beta":false,"boss_relics":[{"not_picked":["Busted Crown","reliquary:RedCape"],"picked":"reliquary:RedPaperclip"},{"not_picked":["reliquary:WritOfMandamus","Pandora\u0027s Box"],"picked":"Philosopher\u0027s Stone"}],"items_purged_floors":[12,29,47],"is_endless":false,"potions_floor_spawned":[1,5,7,8,16,18,22,31,36,38,39,45,48],"ascension_level":19}}