{"host":"cob45b8mya70nye7","time":1613001069,"event":{"mods":["AchievementEnabler","BaseMod","Colored Map","Colored Powertips","Minty Spire (QoL Compilation)","Quick Restart","Rare Cards Sparkle","StSLib"],"gold_per_floor":[110,124,124,148,166,166,204,204,204,275,275,225,264,279,279,402,402,421,440,465,465,489,489,44,58,58,58,58,58],"floor_reached":28,"language":"ENG","playtime":1552,"items_purged":["Strike_P"],"score":311,"play_id":"534811f2-4cea-49ee-8c16-3d2802e0aa9a","local_time":"20210210155109","is_ascension_mode":true,"campfire_choices":[{"data":"CrushJoints","floor":6.0,"key":"SMITH"},{"data":"PathToVictory","floor":8.0,"key":"SMITH"},{"floor":15.0,"key":"REST"},{"floor":23.0,"key":"REST"}],"circlet_count":0,"master_deck":["Strike_P","Strike_P","Strike_P","Defend_P","Defend_P","Defend_P","Eruption","Vigilance","PathToVictory","EmptyBody","PathToVictory+1","CrushJoints+1","PathToVictory","Judgement","DeusExMachina","Evaluate","Scrawl","Halt","BowlingBash","FollowUp","WheelKick","DeceiveReality","LikeWater","Clumsy","Shame"],"relics":["Cursed Key","Golden Idol","Calipers","Thread and Needle","Torii","Orichalcum","Philosopher\u0027s Stone","Kunai","Mercury Hourglass"],"acts_visited":["Exordium","TheCity"],"potions_floor_usage":[],"damage_taken":[{"damage":3.0,"enemies":"Small Slimes","floor":1.0,"turns":3.0},{"damage":4.0,"enemies":"Jaw Worm","floor":2.0,"turns":6.0},{"damage":0.0,"enemies":"2 Louse","floor":4.0,"turns":2.0},{"damage":1.0,"enemies":"Blue Slaver","floor":5.0,"turns":3.0},{"damage":10.0,"enemies":"Gremlin Nob","floor":7.0,"turns":3.0},{"damage":1.0,"enemies":"3 Sentries","floor":10.0,"turns":7.0},{"damage":6.0,"enemies":"3 Sentries","floor":13.0,"turns":5.0},{"damage":1.0,"enemies":"Lots of Slimes","floor":14.0,"turns":4.0},{"damage":7.0,"enemies":"The Guardian","floor":16.0,"turns":6.0},{"damage":1.0,"enemies":"2 Thieves","floor":18.0,"turns":2.0},{"damage":0.0,"enemies":"Chosen","floor":19.0,"turns":3.0},{"damage":18.0,"enemies":"Snecko","floor":20.0,"turns":4.0},{"damage":28.0,"enemies":"Centurion and Healer","floor":22.0,"turns":4.0},{"damage":0.0,"enemies":"3 Cultists","floor":25.0,"turns":4.0},{"damage":24,"enemies":"Snecko","floor":28,"turns":2}],"seed_played":"-2561847987576638612","potions_obtained":[{"floor":1.0,"key":"ColorlessPotion"},{"floor":7.0,"key":"SteroidPotion"},{"floor":10.0,"key":"Strength Potion"},{"floor":16.0,"key":"DistilledChaos"},{"floor":19.0,"key":"PowerPotion"},{"floor":22.0,"key":"Dexterity Potion"}],"is_trial":false,"path_per_floor":["M","M","?","M","M","R","E","R","T","?","?","?","E","M","R","B",null,"M","M","M","?","M","R","$","M","T","?","M"],"character_chosen":"WATCHER","items_purchased":["DeceiveReality","Kunai","StancePotion"],"campfire_rested":2,"item_purchase_floors":[24,24,24],"current_hp_per_floor":[62,58,58,58,57,57,47,47,47,46,46,46,40,39,59,52,63,62,62,44,32,4,24,24,24,24,24,0,0],"gold":58,"neow_bonus":"BOSS_RELIC","is_daily":false,"chose_seed":false,"campfire_upgraded":2,"win_rate":0.0,"timestamp":1613001069,"path_taken":["M","M","?","M","M","R","E","R","T","?","?","?","E","M","R","BOSS","M","M","M","?","?","R","$","M","T","?","M"],"items_purchased_type":["Card","Relic","Potion"],"build_version":"2020-12-22","purchased_purges":1,"victory":false,"max_hp_per_floor":[72,72,67,67,67,67,67,67,67,67,67,67,67,67,67,67,67,67,67,67,67,67,67,67,67,67,67,67,67],"card_choices":[{"not_picked":["EmptyFist","Crescendo"],"picked":"PathToVictory","floor":1.0},{"not_picked":["Halt","Wireheading"],"picked":"EmptyBody","floor":2.0},{"not_picked":["CutThroughFate","SashWhip"],"picked":"PathToVictory","floor":4.0},{"not_picked":["Meditate","FlurryOfBlows"],"picked":"CrushJoints","floor":5.0},{"not_picked":["Devotion","FlurryOfBlows","JustLucky"],"picked":"SKIP","floor":7.0},{"not_picked":["Tantrum","WaveOfTheHand"],"picked":"PathToVictory","floor":10.0},{"not_picked":["EmptyBody","SignatureMove"],"picked":"DeusExMachina","floor":13.0},{"not_picked":["Perseverance","ThirdEye"],"picked":"Evaluate","floor":14.0},{"not_picked":["Blasphemy","DeusExMachina"],"picked":"Scrawl","floor":16.0},{"not_picked":["InnerPeace","Consecrate"],"picked":"Halt","floor":18.0},{"not_picked":["CrushJoints","Fasting2"],"picked":"BowlingBash","floor":19.0},{"not_picked":["BowlingBash+1","Tantrum"],"picked":"FollowUp","floor":20.0},{"not_picked":["FearNoEvil","BowlingBash"],"picked":"WheelKick","floor":22.0},{"not_picked":["TalkToTheHand","EmptyFist"],"picked":"LikeWater","floor":25.0}],"player_experience":268369,"relics_obtained":[{"floor":7.0,"key":"Calipers"},{"floor":9.0,"key":"Thread and Needle"},{"floor":13.0,"key":"Orichalcum"}],"event_choices":[{"damage_healed":0.0,"max_hp_gain":0.0,"max_hp_loss":5.0,"gold_gain":0.0,"event_name":"Golden Idol","player_choice":"Lose Max HP","floor":3.0,"gold_loss":0.0,"damage_taken":0.0,"relics_obtained":["Golden Idol"]},{"damage_healed":0.0,"max_hp_gain":0.0,"max_hp_loss":0.0,"gold_gain":0.0,"event_name":"Dead Adventurer","player_choice":"Searched \u00273\u0027 times","floor":10.0,"gold_loss":0.0,"damage_taken":0.0,"relics_obtained":["Torii"]},{"damage_healed":0.0,"max_hp_gain":0.0,"max_hp_loss":0.0,"gold_gain":0.0,"cards_transformed":["Defend_P"],"event_name":"Living Wall","player_choice":"Change","floor":11.0,"gold_loss":0.0,"damage_taken":0.0,"cards_obtained":["Judgement"]},{"cards_removed":["Doubt"],"damage_healed":0.0,"max_hp_gain":0.0,"max_hp_loss":0.0,"gold_gain":0.0,"event_name":"The Cleric","player_choice":"Card Removal","floor":12.0,"gold_loss":50.0,"damage_taken":0.0},{"damage_healed":0.0,"max_hp_gain":0.0,"max_hp_loss":0.0,"gold_gain":0.0,"event_name":"Knowing Skull","player_choice":"POTION ","floor":21.0,"potions_obtained":["SteroidPotion"],"gold_loss":0.0,"damage_taken":12.0,"cards_obtained":[]},{"damage_healed":0.0,"max_hp_gain":0.0,"max_hp_loss":0.0,"gold_gain":0.0,"event_name":"Addict","player_choice":"Stole Relic","floor":27.0,"gold_loss":0.0,"damage_taken":0.0,"relics_obtained":["Mercury Hourglass"],"cards_obtained":["Shame"]}],"is_beta":false,"boss_relics":[{"not_picked":["SlaversCollar","Busted Crown"],"picked":"Philosopher\u0027s Stone"}],"items_purged_floors":[24],"is_endless":false,"potions_floor_spawned":[1,7,10,16,19,22],"killed_by":"Snecko","ascension_level":7}}