{"host":"7v9t59ze4jbx2rzq","time":1613000732,"event":{"mods":["Act Like it!","Ascension Unlocker","Aya Shameimaru","BaseMod","Colored Powertips","Dark Map","Fox Events","Highlight Path","Minty Spire (QoL Compilation)","Optimize The Spire","Ruina","StSLib","The Hydrologist","The Widow","Wide Potions"],"gold_per_floor":[110,121,141,141,141,167,184,217,241,266,266,266,305,305,305,305,305],"floor_reached":16,"language":"ENG","playtime":999,"items_purged":[],"score":256,"play_id":"1b4b9db4-4485-4d66-bda2-fbb84bf49976","local_time":"20210210184532","is_ascension_mode":true,"campfire_choices":[{"floor":12,"key":"REST"},{"data":"theWidow:Cocoon","floor":15,"key":"SMITH"}],"circlet_count":0,"master_deck":["AscendersBane","theWidow:StrikeWidow","theWidow:StrikeWidow","theWidow:StrikeWidow","theWidow:StrikeWidow+1","theWidow:StrikeWidow","theWidow:DefendWidow","theWidow:DefendWidow","theWidow:DefendWidow","theWidow:DefendWidow","theWidow:Steelweave","theWidow:StringShot","theWidow:VenomStrike","theWidow:Infect","theWidow:Cocoon+1","theWidow:FiberglassDagger","theWidow:Gash+1","theWidow:Forge","theWidow:Exploit","Clumsy"],"relics":["theWidow:CyberheartRelic","Bag of Preparation","Juzu Bracelet","Smiling Mask","Lantern","Golden Idol","Whetstone"],"acts_visited":["Exordium"],"potions_floor_usage":[6,8,13,13,16],"damage_taken":[{"damage":0,"enemies":"Cultist","floor":1,"turns":4},{"damage":0,"enemies":"Jaw Worm","floor":2,"turns":4},{"damage":4,"enemies":"Small Slimes","floor":3,"turns":4},{"damage":17,"enemies":"3 Sentries","floor":6,"turns":10},{"damage":5,"enemies":"Looter","floor":7,"turns":4},{"damage":13,"enemies":"Lagavulin","floor":8,"turns":5},{"damage":29,"enemies":"Gremlin Nob","floor":10,"turns":5},{"damage":26,"enemies":"3 Sentries","floor":13,"turns":8},{"damage":41,"enemies":"Hexaghost","floor":16,"turns":9}],"seed_played":"4343520328716636361","potions_obtained":[{"floor":3,"key":"ColorlessPotion"},{"floor":6,"key":"Strength Potion"},{"floor":10,"key":"Regen Potion"}],"is_trial":false,"path_per_floor":["M","M","M","?","?","E","M","E","T","E","?","R","E","?","R","B"],"character_chosen":"THE_WIDOW","items_purchased":[],"campfire_rested":1,"item_purchase_floors":[],"current_hp_per_floor":[71,71,67,72,72,55,50,37,37,8,8,30,34,41,41,0,0],"gold":305,"neow_bonus":"TEN_PERCENT_HP_BONUS","is_daily":false,"chose_seed":false,"campfire_upgraded":1,"win_rate":0.0,"timestamp":1613000732,"path_taken":["M","?","M","?","?","E","M","E","T","E","?","R","E","?","R","BOSS"],"items_purchased_type":[],"build_version":"2020-12-22","purchased_purges":0,"victory":false,"max_hp_per_floor":[78,78,78,83,83,83,83,83,83,83,75,75,75,82,82,82,82],"card_choices":[{"not_picked":["theWidow:ImprovisedExplosive","theWidow:Underfoot"],"picked":"theWidow:VenomStrike","floor":1},{"not_picked":["theWidow:MetalBurrs","theWidow:Spiderbite"],"picked":"theWidow:Infect","floor":2},{"not_picked":["theWidow:Infect","theWidow:Skitter"],"picked":"theWidow:Cocoon","floor":3},{"not_picked":["theWidow:InForTheKill","theWidow:BackupBattery"],"picked":"theWidow:FiberglassDagger","floor":6},{"not_picked":["theWidow:Stinger","theWidow:Nanobots","theWidow:MetalBurrs"],"picked":"SKIP","floor":7},{"not_picked":["theWidow:Stinger","theWidow:Nanobots","theWidow:MetalBurrs"],"picked":"SKIP","floor":7},{"not_picked":["theWidow:ScrapHeap","theWidow:Cocoon"],"picked":"theWidow:Gash","floor":8},{"not_picked":["theWidow:SludgeWave","theWidow:Stinger"],"picked":"theWidow:Forge","floor":10},{"not_picked":["theWidow:Forge","theWidow:Salvage"],"picked":"theWidow:Exploit","floor":13}],"player_experience":2198004,"relics_obtained":[{"floor":6,"key":"Bag of Preparation"},{"floor":8,"key":"Juzu Bracelet"},{"floor":9,"key":"Smiling Mask"},{"floor":10,"key":"Lantern"},{"floor":13,"key":"Whetstone"}],"event_choices":[{"damage_healed":0,"gold_gain":0,"player_choice":"Donut","damage_taken":0,"max_hp_gain":5,"max_hp_loss":0,"event_name":"Big Fish","floor":4,"gold_loss":0},{"damage_healed":0,"gold_gain":0,"player_choice":"Ignored","damage_taken":0,"max_hp_gain":0,"max_hp_loss":0,"event_name":"Liars Game","floor":5,"gold_loss":0},{"damage_healed":0,"gold_gain":0,"player_choice":"Lose Max HP","damage_taken":0,"relics_obtained":["Golden Idol"],"max_hp_gain":0,"max_hp_loss":8,"event_name":"Golden Idol","floor":11,"gold_loss":0}],"is_beta":false,"boss_relics":[],"items_purged_floors":[],"is_endless":false,"potions_floor_spawned":[3,6,7,10],"killed_by":"Hexaghost","ascension_level":20}}