{"host":"r4aerl4ckfvw1dw3","time":1611591815,"event":{"mods":["BaseMod","BetterRewards","Minty Spire (QoL Compilation)","Quick Restart","StSLib"],"gold_per_floor":[115,133,133,133,145,145,173,173,173,173,173],"floor_reached":10,"language":"ENG","playtime":197,"items_purged":[],"score":69,"play_id":"cffc1a1d-4f64-4975-be77-4202f0e3df47","local_time":"20210125082335","is_ascension_mode":true,"campfire_choices":[{"floor":6,"key":"RECALL"},{"floor":8,"key":"REST"}],"circlet_count":0,"master_deck":["Strike_R","Strike_R","Strike_R","Strike_R","Strike_R","Defend_R","Defend_R","Defend_R","Defend_R","Bash","Body Slam","Iron Wave","Fire Breathing","Whirlwind"],"relics":["Burning Blood","NeowsBlessing","Bag of Preparation","Art of War","Ornamental Fan"],"acts_visited":["Exordium"],"potions_floor_usage":[],"damage_taken":[{"damage":0,"enemies":"2 Louse","floor":1,"turns":1},{"damage":0,"enemies":"Cultist","floor":2,"turns":1},{"damage":0,"enemies":"Jaw Worm","floor":5,"turns":1},{"damage":29,"enemies":"Gremlin Nob","floor":7,"turns":5},{"damage":58,"enemies":"Lagavulin","floor":10,"turns":6}],"seed_played":"-641342692389279599","potions_obtained":[],"is_trial":false,"path_per_floor":["M","M","?","?","M","R","E","R","T","E"],"character_chosen":"IRONCLAD","items_purchased":[],"campfire_rested":1,"item_purchase_floors":[],"current_hp_per_floor":[80,80,80,47,53,53,30,54,54,0,0],"gold":173,"neow_bonus":"THREE_ENEMY_KILL","is_daily":false,"chose_seed":false,"campfire_upgraded":0,"win_rate":0.0,"timestamp":1611591815,"path_taken":["M","M","?","?","M","R","E","R","T","E"],"items_purchased_type":[],"build_version":"2020-12-22","purchased_purges":0,"victory":false,"max_hp_per_floor":[80,80,80,80,80,80,80,80,80,80,80],"card_choices":[{"not_picked":["Sword Boomerang","Pommel Strike"],"picked":"Body Slam","floor":1},{"not_picked":["Heavy Blade","Warcry"],"picked":"Iron Wave","floor":2},{"not_picked":["Armaments","Perfected Strike"],"picked":"Fire Breathing","floor":5},{"not_picked":["Headbutt","Sentinel"],"picked":"Whirlwind","floor":7}],"player_experience":395968,"relics_obtained":[{"floor":7,"key":"Art of War"},{"floor":9,"key":"Ornamental Fan"}],"event_choices":[{"damage_healed":0,"gold_gain":0,"player_choice":"Ignored","damage_taken":0,"max_hp_gain":0,"max_hp_loss":0,"event_name":"Golden Wing","floor":3,"gold_loss":0},{"damage_healed":0,"gold_gain":0,"player_choice":"Success","damage_taken":33,"relics_obtained":["Bag of Preparation"],"max_hp_gain":0,"max_hp_loss":0,"event_name":"Scrap Ooze","floor":4,"gold_loss":0}],"is_beta":false,"boss_relics":[],"items_purged_floors":[],"is_endless":false,"potions_floor_spawned":[],"killed_by":"Lagavulin","ascension_level":1}}