{"host":"i2s4iw62z1dejrqn","time":1611592988,"event":{"mods":["AchievementEnabler","BaseMod","Minty Spire (QoL Compilation)","Random Character Button","SuperFastMode"],"gold_per_floor":[116,116,46,46,62,91,103,141,177,209,221,233,279,58,58,58,58],"floor_reached":16,"language":"KOR","playtime":590,"items_purged":["Defend_B"],"score":159,"play_id":"f652cedd-dba6-4a09-b8ec-1d9c003378e8","local_time":"20210126014308","is_ascension_mode":true,"campfire_choices":[{"floor":7,"key":"REST"},{"floor":15,"key":"REST"}],"circlet_count":0,"master_deck":["Strike_B","Strike_B","Strike_B","Strike_B","Defend_B","Defend_B","Defend_B","Zap","Dualcast","Sunder+1","Genetic Algorithm","Defragment","Self Repair","Fusion","Apotheosis"],"relics":["Inserter","MawBank","Pantograph","Smiling Mask","Orichalcum","WingedGreaves"],"acts_visited":["Exordium"],"potions_floor_usage":[4,6,8,12],"damage_taken":[{"damage":2,"enemies":"2 Louse","floor":1,"turns":2},{"damage":6,"enemies":"Cultist","floor":5,"turns":3},{"damage":28,"enemies":"Gremlin Nob","floor":6,"turns":4},{"damage":20,"enemies":"Lagavulin","floor":8,"turns":6},{"damage":15,"enemies":"Small Slimes","floor":10,"turns":5},{"damage":0,"enemies":"Exordium Thugs","floor":12,"turns":1},{"damage":45,"enemies":"Gremlin Nob","floor":13,"turns":5},{"damage":51,"enemies":"Slime Boss","floor":16,"turns":6}],"seed_played":"-8363632977038581455","potions_obtained":[{"floor":4,"key":"Strength Potion"},{"floor":4,"key":"Fruit Juice"},{"floor":4,"key":"SmokeBomb"},{"floor":6,"key":"DistilledChaos"}],"is_trial":false,"path_per_floor":["M","?","$","?","M","E","R","E","T","M","?","M","E","$","R","B"],"character_chosen":"DEFECT","items_purchased":["Genetic Algorithm","Apotheosis"],"campfire_rested":2,"item_purchase_floors":[3,14],"current_hp_per_floor":[66,66,66,71,65,37,61,48,48,40,40,47,2,2,26,0,0],"gold":58,"neow_bonus":"BOSS_RELIC","is_daily":false,"chose_seed":false,"campfire_upgraded":0,"win_rate":0.0,"timestamp":1611592988,"path_taken":["M","?","?","?","M","E","R","E","T","?","?","M","E","$","R","BOSS"],"items_purchased_type":["Card","Card"],"build_version":"2020-12-22","purchased_purges":1,"victory":false,"max_hp_per_floor":[75,75,75,80,80,80,80,80,80,80,80,80,80,80,80,80,80],"card_choices":[{"not_picked":["Sweeping Beam","Stack"],"picked":"Sunder","floor":1},{"not_picked":["Barrage","Turbo"],"picked":"Defragment","floor":5},{"not_picked":["Loop","Turbo"],"picked":"Self Repair","floor":6},{"not_picked":["Beam Cell","Barrage","Doom and Gloom"],"picked":"SKIP","floor":8},{"not_picked":["Melter","Capacitor","Ball Lightning"],"picked":"SKIP","floor":10},{"not_picked":["Sunder","Genetic Algorithm"],"picked":"Fusion","floor":13}],"player_experience":424184,"relics_obtained":[{"floor":6,"key":"MawBank"},{"floor":8,"key":"Pantograph"},{"floor":9,"key":"Smiling Mask"},{"floor":13,"key":"WingedGreaves"}],"event_choices":[{"damage_healed":0,"gold_gain":0,"player_choice":"Forge","damage_taken":0,"max_hp_gain":0,"max_hp_loss":0,"event_name":"Accursed Blacksmith","floor":2,"gold_loss":0,"cards_upgraded":["Sunder"]},{"damage_healed":0,"gold_gain":0,"player_choice":"Got Potions","damage_taken":0,"max_hp_gain":0,"max_hp_loss":0,"event_name":"Lab","floor":4,"gold_loss":0},{"damage_healed":0,"gold_gain":0,"player_choice":"Searched \u00271\u0027 times","damage_taken":0,"relics_obtained":["Orichalcum"],"max_hp_gain":0,"max_hp_loss":0,"event_name":"Dead Adventurer","floor":11,"gold_loss":0}],"is_beta":false,"boss_relics":[],"items_purged_floors":[14],"is_endless":false,"potions_floor_spawned":[6,12],"killed_by":"Slime Boss","ascension_level":7}}