{"host":"jgyoyy5iuhtvyvtg","time":1611565703,"event":{"mods":["2.2 Compatiblity","BaseMod","Challenge The Spire","Colored Map","Conspire","Dark Map","Downfall","Hermit","Highlight Path","Infinite Spire","Lobotomy","LobotomyExtend","Minty Spire (QoL Compilation)","Quick Restart","Replay The Spire","Spikes Relics","StSLib","The Construct","The Disciple","The Jungle","Yuri Mod"],"gold_per_floor":[99,111,211,221,231,245,245,245,255,255,105,138,38,23,42,147,147,147,167,177,177,190,210,210,210,210,210,225,225,60,76,90,189,189,189,199,199,199,219,219,244,441,89,89,105,123,123,123,136,136,136],"floor_reached":52,"language":"ENG","playtime":3569,"items_purged":["SwitchThreat","Shame","Overencumbered"],"score":706,"play_id":"09ba1c42-c23d-48a3-a53d-e9996ddae910","local_time":"20210125010823","is_ascension_mode":false,"campfire_choices":[{"data":"bronze:Replicate","floor":1,"key":"SMITH"},{"data":"bronze:Deprecate","floor":10,"key":"SMITH"},{"data":"bronze:HardenedForm","floor":13,"key":"SMITH"},{"data":"bronze:Virus","floor":18,"key":"SMITH"},{"floor":27,"key":"REST"},{"data":"bronze:AlphaBuild","floor":29,"key":"SMITH"},{"data":"bronze:Format","floor":35,"key":"SMITH"},{"data":"bronze:Shell","floor":44,"key":"SMITH"},{"data":"bronze:Invalidate","floor":47,"key":"SMITH"}],"circlet_count":0,"master_deck":["bronze:Strike","bronze:Strike","bronze:Strike","bronze:Strike","bronze:Defend","bronze:Defend","bronze:Defend+1","bronze:Defend","bronze:Replicate+1","bronze:Goto","bronze:Iterate","bronze:ForLoop+1","bronze:Deprecate+1","bronze:Repulsor","bronze:HardenedForm+1","bronze:AlphaBuild+1","bronze:FollowUp","bronze:WhirlingStrike","bronze:Virus+1","bronze:DarkDash","infinitespire:Fortify","bronze:Frontload+1","bronze:OilSpill","Parasite","CurseOfTheBell","CurseOfTheBell","bronze:ShipIt","bronze:Overload+1","bronze:DelayedGuard","bronze:ClassDefault","bronze:ItsAFeature","bronze:BronzeOrb","bronze:Format+1","bronze:Safeguard","downfall:Icky","bronze:Allocate+1","bronze:DarkDash+1","bronze:Shell+1","bronze:ItsAFeature","bronze:Invalidate+1"],"relics":["bronze:BronzeCore","LetterFromLob","White Beast Statue","CaptainsWheel","downfall:HeartBlessingGreen","Cursed Key","Art of War","MiniBlackHole","downfall:ExtraCursedBell","Pen Nib","Pantograph","FossilizedHelix","theJungle:PaperFaux","SlaversCollar","PreservedInsect","ReplayFunnel","War Paint","bronze:BottledCode"],"acts_visited":["Exordium","Exordium","TheBeyond"],"potions_floor_usage":[9,16,19,20,22,23,33,36,46,50,50,50],"damage_taken":[{"damage":5,"enemies":"Small Slimes","floor":2,"turns":4},{"damage":0,"enemies":"Cultist","floor":4,"turns":3},{"damage":0,"enemies":"conspire:RoseBush","floor":5,"turns":5},{"damage":7,"enemies":"Gremlin Gang","floor":6,"turns":6},{"damage":8,"enemies":"3 Louse","floor":9,"turns":4},{"damage":6,"enemies":"Lagavulin","floor":12,"turns":9},{"damage":4,"enemies":"downfall:FleeingMerchant","floor":14,"turns":4},{"damage":0,"enemies":"Large Slime","floor":15,"turns":5},{"damage":34,"enemies":"IC_STATUS_ARCHETYPE","floor":16,"turns":9},{"damage":9,"enemies":"theJungle:Flameango_and_Byrd","floor":19,"turns":5},{"damage":10,"enemies":"theJungle:GiantWrat","floor":20,"turns":5},{"damage":1,"enemies":"Snake Plant","floor":22,"turns":4},{"damage":17,"enemies":"theJungle:2_Snecko_Cultists","floor":23,"turns":7},{"damage":0,"enemies":"theJungle:SlimyTreeVines","floor":28,"turns":5},{"damage":0,"enemies":"downfall:FleeingMerchant","floor":30,"turns":4},{"damage":15,"enemies":"theJungle:JungleHuntersEncounter","floor":31,"turns":5},{"damage":6,"enemies":"theJungle:2_Flameangoes","floor":32,"turns":10},{"damage":32,"enemies":"DF_ARCHETYPE_CLAW","floor":33,"turns":8},{"damage":2,"enemies":"Orb Walker","floor":36,"turns":5},{"damage":0,"enemies":"3 Shapes","floor":39,"turns":6},{"damage":0,"enemies":"downfall:FleeingMerchant","floor":43,"turns":4},{"damage":0,"enemies":"Maw","floor":45,"turns":10},{"damage":0,"enemies":"Sphere and 2 Shapes","floor":46,"turns":6},{"damage":0,"enemies":"Jaw Worm Horde","floor":49,"turns":8},{"damage":33,"enemies":"SI_POISON_ARCHETYPE","floor":50,"turns":10}],"seed_played":"-2271545703970146725","potions_obtained":[{"floor":5,"key":"construct:ShiftPotion"},{"floor":6,"key":"Adrenaline Potion"},{"floor":9,"key":"Explosive Potion"},{"floor":12,"key":"Milkshake"},{"floor":14,"key":"DistilledChaos"},{"floor":16,"key":"Venom Potion"},{"floor":19,"key":"bronze:BurnAndBuffPotion"},{"floor":20,"key":"Strength Potion"},{"floor":22,"key":"SkillPotion"},{"floor":23,"key":"infinitespire:BlackPotion"},{"floor":28,"key":"Weak Potion"},{"floor":33,"key":"AttackPotion"},{"floor":36,"key":"ColorlessPotion"},{"floor":46,"key":"bronze:BurnAndBuffPotion"},{"floor":49,"key":"bronze:FreeFunctionsPotion"}],"is_trial":false,"path_per_floor":["R","M","?","M","M","M","T","M","M","R","?","E","R","$","M","B",null,"R","M","M","AVR","M","M","T","?","?","R","M","R","$","M","M","B",null,"R","M","?","AVR","M","?","T","?","$","R","M","M","R","?","M","B",null,null],"character_chosen":"THE_AUTOMATON","items_purchased":["bronze:ClassDefault","bronze:Shell","War Paint"],"campfire_rested":1,"item_purchase_floors":[30,43,43],"current_hp_per_floor":[70,65,65,65,65,58,58,58,50,50,80,74,74,70,70,36,80,80,71,61,61,60,43,43,43,43,67,73,73,73,58,52,45,80,80,78,78,78,78,78,78,78,78,78,78,78,78,70,70,37,37],"gold":136,"neow_bonus":"THREE_CARDS","is_daily":false,"chose_seed":false,"campfire_upgraded":8,"win_rate":0.0,"timestamp":1611565703,"path_taken":["R","M","?","?","?","M","T","M","M","R","?","E","R","$","M","BOSS","R","M","M","AVR","?","M","T","?","?","R","M","R","$","M","M","BOSS","R","M","?","AVR","M","?","T","?","$","R","M","M","R","?","M","BOSS"],"items_purchased_type":["Card","Card","Relic"],"build_version":"2020-12-22","purchased_purges":3,"victory":true,"max_hp_per_floor":[70,70,70,70,70,70,70,70,70,70,80,80,80,80,80,80,80,80,80,80,80,80,80,80,80,80,80,80,80,80,80,80,80,80,80,80,80,80,80,80,80,80,80,80,80,80,80,70,70,70,70],"card_choices":[{"not_picked":["bronze:BugBarrage","bronze:BuggyMess"],"picked":"bronze:Iterate","floor":0},{"not_picked":["bronze:BugBarrage","bronze:Optimize"],"picked":"bronze:ForLoop","floor":2},{"not_picked":["bronze:ForceShield","bronze:WildBeam","bronze:Turbo"],"picked":"SKIP","floor":4},{"not_picked":["bronze:DelayedGuard","bronze:CutThrough"],"picked":"bronze:Deprecate","floor":5},{"not_picked":["bronze:GetLatest","bronze:NullPointer"],"picked":"bronze:Repulsor","floor":6},{"not_picked":["bronze:NullPointer","bronze:FineTuning"],"picked":"bronze:HardenedForm","floor":9},{"not_picked":["bronze:BugBarrage","bronze:BuggyMess"],"picked":"bronze:AlphaBuild","floor":12},{"not_picked":["bronze:Turbo","bronze:Backtrace"],"picked":"bronze:FollowUp","floor":14},{"not_picked":["bronze:Iterate","bronze:Repulsor"],"picked":"bronze:WhirlingStrike","floor":15},{"not_picked":["bronze:AlphaBuild","bronze:FindAndReplace"],"picked":"bronze:Virus","floor":16},{"not_picked":["bronze:Backtrace","bronze:BitShift"],"picked":"bronze:DarkDash","floor":19},{"not_picked":["bronze:DelayedSlice+1","bronze:CloningBeam+1","bronze:DigitalCarnage+1"],"picked":"SKIP","floor":20},{"not_picked":["bronze:WhirlingStrike","bronze:Shield"],"picked":"bronze:Frontload+1","floor":22},{"not_picked":["bronze:Repulsor+1","bronze:Branch"],"picked":"bronze:OilSpill","floor":23},{"not_picked":["bronze:Shield","bronze:DigitalCarnage+1"],"picked":"bronze:Overload+1","floor":28},{"not_picked":["bronze:Boost","bronze:Overload"],"picked":"bronze:DelayedGuard","floor":30},{"not_picked":["bronze:FineTuning+1","bronze:WhirlingStrike"],"picked":"bronze:ItsAFeature","floor":31},{"not_picked":["bronze:Turbo+1","bronze:Break"],"picked":"bronze:BronzeOrb","floor":32},{"not_picked":["bronze:Virus","bronze:Mutator"],"picked":"bronze:Format","floor":33},{"not_picked":["bronze:DelayedSlice+1","bronze:DelayedGuard+1","bronze:WhirlingStrike"],"picked":"SKIP","floor":36},{"not_picked":["bronze:FineTuning","bronze:BronzeOrb"],"picked":"bronze:Safeguard","floor":39},{"not_picked":["bronze:BugBarrage+1","bronze:ForceShield"],"picked":"bronze:Allocate+1","floor":42},{"not_picked":["bronze:Shield","bronze:Frontload"],"picked":"bronze:DarkDash+1","floor":43},{"not_picked":["bronze:ChildClass+1","bronze:Deprecate"],"picked":"bronze:ItsAFeature","floor":45},{"not_picked":["bronze:Branch+1","bronze:Frontload+1"],"picked":"bronze:Invalidate","floor":46},{"not_picked":["bronze:WildBeam","bronze:BitShift","bronze:CutThrough"],"picked":"SKIP","floor":49}],"player_experience":3228940,"relics_obtained":[{"floor":2,"key":"LetterFromLob"},{"floor":7,"key":"White Beast Statue"},{"floor":12,"key":"CaptainsWheel"},{"floor":24,"key":"MiniBlackHole"},{"floor":25,"key":"Pen Nib"},{"floor":25,"key":"Pantograph"},{"floor":25,"key":"FossilizedHelix"},{"floor":41,"key":"ReplayFunnel"}],"event_choices":[{"damage_healed":0,"gold_gain":0,"player_choice":"Ignored","damage_taken":0,"max_hp_gain":0,"max_hp_loss":0,"event_name":"Mysterious Sphere","floor":40,"gold_loss":0}],"is_beta":false,"boss_relics":[{"not_picked":["conspire:SpecialSausage","infinitespire:Cupcake"],"picked":"Cursed Key"},{"not_picked":["Sozu","Ring of Chaos","Replay:Drink Me"]}],"items_purged_floors":[30,38,43],"is_endless":false,"potions_floor_spawned":[5,6,9,12,14,15,16,19,20,22,23,28,30,31,32,33,36,39,43,45,46,49],"ascension_level":0}}