{"host":"9xv6exvwmlpefxuw","time":1611551105,"event":{"mods":["ATMod(阿瑾Mod)","AchievementEnabler","Act Like it!","Aspiration","BaseMod","Chen","Colored Powertips","Conspire","Downfall","Friendly Minions","Gensokyo","GifTheSpireLib","KinomotoSakuraMod(木之本樱)","Koishi","KomeijiMod","Lobotomy","LobotomyExtend","Marisa（F雨　魔理沙）","Minty Spire (QoL Compilation)","MostiFishMod","Pale of the Ancients","Rare Cards Sparkle","Reimu（博丽灵梦）","Remilia_Scarlet Moed（蕾米莉亚・斯卡雷特）3.3.5","Remilia（蕾米莉亚）","RumiaBox-露米娅的神秘盒子","StSLib","The Administrix","The Mystic","The Servant 0.9.4","WarShipGirlsR/战舰少女R mod","Yakumo Yukari mod","Youmu（魂魄妖梦）","Yuyuko","[IsaacMod]以撒尖塔","[功能]功能增强和修复MOD","【功能Mod】混沌之环修复补丁","【功能Mod】聪明的最终Boss","【遗物卡牌】REMEMod"],"gold_per_floor":[118,134,152,166,241,276,276,276,276,306,323,352,369,396,396,664,664,676,267,267,287,304,334,348,379,379,411,411,446,371,371,371,647,647,661,677,427,447,447,476,476,504,504,538,550,562,574,606,618,630],"floor_reached":51,"language":"ZHS","playtime":2117,"items_purged":["Strike_R","Strike_R","Infernal Blade","Bash","Strike_R","Strike_R","Strike_R+1","Defend_R","Defend_R","EndlessPower","Evolve","Defend_R","Defend_R","AT_DrawKnifeCut+1"],"score":1428,"play_id":"09efaf8a-5c8b-495c-be11-9761996db751","local_time":"20210125130505","is_ascension_mode":true,"campfire_choices":[{"data":"AT_EmpoweredMortalDraw","floor":8.0,"key":"SMITH"},{"data":"Demon Form","floor":15,"key":"SMITH"},{"data":"MostiFishMod:RacingGame","floor":28,"key":"SMITH"},{"data":"Demon Form","floor":32,"key":"SMITH"},{"data":"Limit Break","floor":41,"key":"SMITH"},{"data":"MostiFishMod:RacingGame","floor":47,"key":"SMITH"},{"data":"MostiFishMod:HellRitual","floor":49,"key":"SMITH"}],"circlet_count":0,"master_deck":["AT_EmpoweredMortalDraw+1","Heavy Blade","Armaments","Demon Form+1","Demon Form+1","Heavy Blade","Flex","Anger","MostiFishMod:HellRitual+1","Demon Form","MostiFishMod:RacingGame+1","Anger","PerfectMaid+1","Limit Break+1","Anger","Anger","MostiFishMod:RacingGame+1"],"relics":["Burning Blood","AT_ATBox","HushsDoor","REME_ComplimentaryCards","DaveBox","Civilization","D6","Centennial Puzzle","SynthV:TestCard","TheBible","PokeGo","REME_PuzzleBoxRelic","Nunchaku","Anchor","Sozu","MetatronsCube","SSSystem","Whetstone","AT_EbonyIvory","aspiration:Lifesprig","Dream Catcher","MagicMushroom","Blue Candle","TentaclePot:ReiMu","Frozen Egg 2","Vajra","MawBank"],"acts_visited":["Exordium","TheCity","TheBeyond"],"potions_floor_usage":[],"damage_taken":[{"damage":8.0,"enemies":"Jaw Worm","floor":1.0,"turns":4.0},{"damage":12.0,"enemies":"Small Slimes","floor":2.0,"turns":2.0},{"damage":0.0,"enemies":"2 Louse","floor":3.0,"turns":1.0},{"damage":0.0,"enemies":"Exordium Thugs","floor":4.0,"turns":2.0},{"damage":10.0,"enemies":"Lagavulin","floor":6.0,"turns":4.0},{"damage":10.0,"enemies":"3 Sentries","floor":10.0,"turns":3.0},{"damage":0.0,"enemies":"Exordium Wildlife","floor":11.0,"turns":1.0},{"damage":0,"enemies":"Gremlin Nob","floor":12,"turns":2},{"damage":0,"enemies":"2 Fungi Beasts","floor":13,"turns":1},{"damage":20,"enemies":"Lagavulin","floor":14,"turns":3},{"damage":16,"enemies":"The Guardian","floor":16,"turns":5},{"damage":0,"enemies":"Chosen","floor":18,"turns":4},{"damage":1,"enemies":"Spheric Guardian","floor":21,"turns":3},{"damage":25,"enemies":"Centurion and Healer","floor":22,"turns":3},{"damage":31,"enemies":"conspire:SneckoGhost","floor":23,"turns":3},{"damage":16,"enemies":"Chosen and Byrds","floor":24,"turns":4},{"damage":0,"enemies":"conspire:Head Lice","floor":25,"turns":3},{"damage":5,"enemies":"Slavers","floor":27,"turns":1},{"damage":11,"enemies":"Gremlin Leader","floor":29,"turns":2},{"damage":19,"enemies":"Automaton","floor":33,"turns":3},{"damage":0,"enemies":"3 Shapes","floor":35,"turns":1},{"damage":0,"enemies":"3 Darklings","floor":36,"turns":1},{"damage":0,"enemies":"Jaw Worm Horde","floor":38,"turns":2},{"damage":0,"enemies":"Giant Head","floor":40,"turns":3},{"damage":0,"enemies":"Nemesis","floor":42,"turns":3},{"damage":0,"enemies":"Giant Head","floor":44,"turns":2},{"damage":0,"enemies":"Sphere and 2 Shapes","floor":48,"turns":1},{"damage":0,"enemies":"Donu and Deca","floor":50,"turns":2}],"seed_played":"167864276289805869","potions_obtained":[{"floor":2.0,"key":"Swift Potion"},{"floor":6.0,"key":"Explosive Potion"},{"floor":6.0,"key":"Strength Potion"}],"is_trial":false,"path_per_floor":["M","M","M","M","?","E","?","R","T","E","M","E","M","E","R","B",null,"M","$","?","M","M","E","M","E","T","E","R","E","?","?","R","B",null,"M","M","$","M","?","E","R","E","T","E","?","?","R","M","R","B",null],"character_chosen":"IRONCLAD","items_purchased":["MetatronsCube","Blue Candle","TentaclePot:ReiMu"],"campfire_rested":0,"item_purchase_floors":[19,37,37],"current_hp_per_floor":[79,76,87,94,83,84,84,84,84,85,96,107,118,109,109,119,129,134,134,134,139,130,110,107,118,118,124,124,124,124,124,124,132,181,186,191,191,196,196,201,201,206,206,211,196,196,196,207,207,219],"gold":642,"neow_bonus":"RANDOM_COMMON_RELIC","is_daily":false,"chose_seed":false,"campfire_upgraded":7,"win_rate":0.0,"timestamp":1611551105,"path_taken":["M","M","M","M","?","E","?","R","T","E","M","E","M","E","R","BOSS","M","$","?","M","M","E","?","E","T","E","R","E","?","?","R","BOSS","M","M","$","M","?","E","R","E","T","E","?","?","R","?","R","BOSS"],"items_purchased_type":["Relic","Relic","Relic"],"build_version":"2020-12-22","purchased_purges":14,"victory":true,"max_hp_per_floor":[81,84,89,94,94,99,99,99,99,104,109,114,119,124,124,129,129,134,134,134,139,144,149,154,159,159,164,164,169,169,169,169,174,181,186,191,191,196,196,201,201,206,206,211,211,211,211,216,216,221],"card_choices":[{"not_picked":["Flex","REME_Scribble"],"picked":"Infernal Blade","floor":1.0},{"not_picked":["Reckless Charge","Impervious","Carnage","conspire:ExplosiveBarrier"],"picked":"Heavy Blade","floor":2.0},{"not_picked":["AT_ShrugMaster","Havoc","Shockwave","Pommel Strike"],"picked":"AT_DrawKnifeCut","floor":3.0},{"not_picked":["AT_Dispersion","Uppercut","AT_IchimonjiDouble","Perfected Strike"],"picked":"Armaments","floor":4.0},{"not_picked":["Second Wind","Flame Barrier","Sever Soul","Shrug It Off"],"picked":"Demon Form","floor":6.0},{"not_picked":["Warcry","AT_IchimonjiDouble","Havoc","Wild Strike","Iron Wave"],"picked":"SKIP","floor":10.0},{"not_picked":["Dark Embrace","True Grit","REME_Fury","Perfected Strike"],"picked":"Heavy Blade","floor":11.0},{"not_picked":["Blood for Blood","Warcry","Wild Strike","Sword Boomerang"],"picked":"Flex","floor":12},{"not_picked":["Havoc","Battle Trance","Flex","Rage","MostiFishMod:OrdinaryWorld"],"picked":"SKIP","floor":13},{"not_picked":["MostiFishMod:BrandingRite","Havoc","Searing Blow","AT_BodySlamDance"],"picked":"Anger","floor":14},{"not_picked":["Impervious","Fiend Fire","REME_Fury","AT_Dispersion"],"picked":"MostiFishMod:HellRitual","floor":16},{"not_picked":["MostiFishMod:UltimateDefense","Double Tap","MostiFishMod:KnuckleDown","REME_Fury"],"picked":"Demon Form","floor":16},{"not_picked":["MostiFishMod:RainCloud","MostiFishMod:NewArrival","MostiFishMod:Chiaki","MostiFishMod:UltimateDefense"],"picked":"MostiFishMod:RacingGame","floor":16},{"not_picked":["Flame Barrier","AT_BodySlamDance","Infernal Blade","Twin Strike+1"],"picked":"Evolve","floor":18},{"not_picked":["Headbutt","Body Slam","AT_IchimonjiDouble","Warcry","Flex"],"picked":"SKIP","floor":21},{"not_picked":["Headbutt","Sword Boomerang","Wild Strike+1","AT_CaressingTears+1","Perfected Strike"],"picked":"SKIP","floor":22},{"not_picked":["Sever Soul+1","Shockwave","Flex","Heavy Blade"],"picked":"Anger","floor":23},{"not_picked":["Evolve","Warcry+1","Iron Wave","AT_BodySlamDance","Thunderclap"],"picked":"SKIP","floor":24},{"not_picked":["Entrench+1","Combust","conspire:Purge","REME_Cut","REME_FearOfPain+1"],"picked":"SKIP","floor":25},{"not_picked":["Feed","Pommel Strike","Flex","Sword Boomerang","True Grit+1"],"picked":"SKIP","floor":27},{"not_picked":["Bludgeon","Uppercut","Sentinel","Pummel","Warcry"],"picked":"SKIP","floor":29},{"not_picked":["MostiFishMod:TemporaryOutbreak","Berserk","MostiFishMod:DarkDeal","MostiFishMod:NewArrival"],"picked":"Limit Break","floor":33},{"not_picked":["Fire Breathing+1","Searing Blow+1","Headbutt","Pummel+1"],"picked":"Anger","floor":35},{"not_picked":["Iron Wave+1","Entrench","Headbutt","Feed","Thunderclap"],"picked":"SKIP","floor":36},{"not_picked":["Iron Wave+1","Thunderclap+1","Power Through+1","Fire Breathing"],"picked":"Anger","floor":38},{"not_picked":["Armaments","Sword Boomerang","AT_IchimonjiDouble+1","Iron Wave","Pommel Strike+1"],"picked":"SKIP","floor":40},{"not_picked":["Shrug It Off+1","Flex","REME_Scribble+1","MostiFishMod:BrandingRite"],"picked":"MostiFishMod:RacingGame","floor":42},{"not_picked":["Body Slam+1","Pommel Strike","Sword Boomerang","Battle Trance+1","Sentinel+1"],"picked":"SKIP","floor":44},{"not_picked":["Double Tap","REME_FearOfPain+1","AT_DiedThrough+1","Blood for Blood+1","AT_BodySlamDance+1"],"picked":"SKIP","floor":48}],"player_experience":143522,"relics_obtained":[{"floor":1.0,"key":"SynthV:TestCard"},{"floor":6.0,"key":"TheBible"},{"floor":9.0,"key":"PokeGo"},{"floor":10.0,"key":"REME_PuzzleBoxRelic"},{"floor":14,"key":"Nunchaku"},{"floor":16,"key":"Anchor"},{"floor":23,"key":"SSSystem"},{"floor":25,"key":"Whetstone"},{"floor":26,"key":"AT_EbonyIvory"},{"floor":27,"key":"aspiration:Lifesprig"},{"floor":29,"key":"Dream Catcher"},{"floor":40,"key":"Frozen Egg 2"},{"floor":42,"key":"Vajra"},{"floor":44,"key":"MawBank"}],"event_choices":[{"damage_healed":0.0,"max_hp_gain":0.0,"max_hp_loss":0.0,"gold_gain":75.0,"event_name":"World of Goop","player_choice":"Gather Gold","floor":5.0,"gold_loss":0.0,"damage_taken":11.0},{"cards_removed":["Wrath_TH"],"damage_healed":0,"gold_gain":0,"player_choice":"Gave Gold","damage_taken":0,"max_hp_gain":0,"max_hp_loss":0,"event_name":"Beggar","floor":30,"gold_loss":75},{"damage_healed":0,"gold_gain":0,"player_choice":"0 cards matched","damage_taken":0,"max_hp_gain":0,"max_hp_loss":0,"event_name":"Match and Keep!","floor":46,"gold_loss":0,"cards_obtained":[]}],"is_beta":false,"boss_relics":[{"not_picked":["NightmareShop","Busted Crown"],"picked":"Sozu"},{"not_picked":[]},{"not_picked":["AT_TrinityForce","Snecko Eye"],"picked":"MagicMushroom"},{"not_picked":[]}],"items_purged_floors":[19,19,19,19,37,37,37,37,37,37,37,37,37,37],"is_endless":false,"potions_floor_spawned":[2,3,6,6,11,11,11,13,13,14,16,18,21,23,24,27,27,33,35,38,40,42,44,44,44,48],"ascension_level":3}}