{"host":"Bilverbakes","time":1611616710,"event":{"mods":["2.2 Compatiblity","AchievementEnabler","BaseMod","Bestiary","Colored Map","Minty Spire (QoL Compilation)","Relic Stats","StSLib","ojb\u0027s Info Mod"],"gold_per_floor":[114,0,18,18,36,36,69,69,96,96,72,72,112,147,147,236,236,260,285,305,230,270,613,613,656,656,700,713,726,726,302,302,397,397,416,416,749,762,777,777,804,822,822,855,902,902,920,513,513,513,513,513,513,65,93,93,93],"floor_reached":56,"language":"ENG","playtime":3492,"items_purged":["Injury","Strike_P","Strike_P"],"score":2237,"play_id":"ebb8511b-8d2d-48bd-bb34-71f9affcb79c","local_time":"20210125171830","is_ascension_mode":true,"campfire_choices":[{"data":"TalkToTheHand","floor":6.0,"key":"SMITH"},{"data":"Ragnarok","floor":10.0,"key":"SMITH"},{"data":"Eruption","floor":12.0,"key":"SMITH"},{"data":"CutThroughFate","floor":15.0,"key":"SMITH"},{"data":"Vault","floor":24.0,"key":"SMITH"},{"data":"Wireheading","floor":30.0,"key":"SMITH"},{"data":"SpiritShield","floor":32.0,"key":"SMITH"},{"floor":40.0,"key":"RECALL"},{"floor":49.0,"key":"REST"},{"floor":53.0,"key":"REST"}],"circlet_count":0,"master_deck":["AscendersBane","Defend_P","Defend_P","Eruption+1","Vigilance","SandsOfTime","TalkToTheHand+1","Wallop","Wireheading+1","Ragnarok+1","BowlingBash","WheelKick","CutThroughFate+1","Vault+1","Blasphemy+1","Wallop+1","FearNoEvil","Indignation+1","SpiritShield+1","CutThroughFate","Vault","Tantrum","ThirdEye+1","FearNoEvil","InnerPeace","Adaptation+1"],"relics":["PureWater","WingedGreaves","Vajra","Lantern","Ornamental Fan","Ice Cream","Astrolabe","Red Mask","Old Coin","InkBottle","Omamori","PreservedInsect","Bronze Scales","Black Star","Orichalcum","Shuriken","Regal Pillow","Centennial Puzzle","Akabeko","Unceasing Top","Bottled Lightning","Bottled Tornado","Happy Flower","Art of War","Blue Candle"],"acts_visited":["Exordium","TheCity","TheBeyond","TheEnding"],"potions_floor_usage":[56],"damage_taken":[{"damage":6.0,"enemies":"Cultist","floor":1.0,"turns":4.0},{"damage":5.0,"enemies":"2 Louse","floor":3.0,"turns":3.0},{"damage":0.0,"enemies":"Jaw Worm","floor":5.0,"turns":3.0},{"damage":20.0,"enemies":"Gremlin Nob","floor":7.0,"turns":4.0},{"damage":0.0,"enemies":"3 Sentries","floor":13.0,"turns":3.0},{"damage":0.0,"enemies":"Gremlin Nob","floor":14.0,"turns":1.0},{"damage":6.0,"enemies":"The Guardian","floor":16.0,"turns":6.0},{"damage":0.0,"enemies":"Chosen","floor":18.0,"turns":2.0},{"damage":3.0,"enemies":"2 Thieves","floor":19.0,"turns":2.0},{"damage":0.0,"enemies":"Cultist and Chosen","floor":20.0,"turns":1.0},{"damage":0.0,"enemies":"Masked Bandits","floor":22.0,"turns":2.0},{"damage":8.0,"enemies":"Book of Stabbing","floor":23.0,"turns":4.0},{"damage":0.0,"enemies":"Gremlin Leader","floor":25.0,"turns":2.0},{"damage":10.0,"enemies":"Book of Stabbing","floor":27.0,"turns":2.0},{"damage":0.0,"enemies":"Centurion and Healer","floor":28.0,"turns":1.0},{"damage":0.0,"enemies":"Snake Plant","floor":29.0,"turns":3.0},{"damage":5.0,"enemies":"Champ","floor":33.0,"turns":7.0},{"damage":6.0,"enemies":"3 Shapes","floor":35.0,"turns":4.0},{"damage":0.0,"enemies":"Orb Walker","floor":38.0,"turns":3.0},{"damage":0.0,"enemies":"Transient","floor":39.0,"turns":7.0},{"damage":16.0,"enemies":"Nemesis","floor":41.0,"turns":4.0},{"damage":0.0,"enemies":"Maw","floor":42.0,"turns":6.0},{"damage":0.0,"enemies":"Giant Head","floor":44.0,"turns":2.0},{"damage":3.0,"enemies":"2 Orb Walkers","floor":45.0,"turns":2.0},{"damage":6.0,"enemies":"Jaw Worm Horde","floor":47.0,"turns":4.0},{"damage":43.0,"enemies":"Time Eater","floor":50.0,"turns":4.0},{"damage":15.0,"enemies":"Awakened One","floor":51.0,"turns":11.0},{"damage":18.0,"enemies":"Shield and Spear","floor":55.0,"turns":6.0},{"damage":123,"enemies":"The Heart","floor":56,"turns":3}],"seed_played":"5186246389081780826","potions_obtained":[{"floor":3.0,"key":"Fire Potion"},{"floor":7.0,"key":"FearPotion"},{"floor":18.0,"key":"GamblersBrew"},{"floor":23.0,"key":"FearPotion"},{"floor":28.0,"key":"Weak Potion"},{"floor":29.0,"key":"Strength Potion"},{"floor":33.0,"key":"CultistPotion"},{"floor":47.0,"key":"Regen Potion"},{"floor":55.0,"key":"Strength Potion"}],"is_trial":false,"path_per_floor":["M","$","M","?","M","R","E","?","T","R","$","R","E","E","R","B",null,"M","M","M","?","?","E","R","E","T","E","M","M","R","$","R","B",null,"M","?","?","M","M","R","E","M","T","E","?","?","M","$","R","B","B",null,"R","$","E","B"],"character_chosen":"WATCHER","items_purchased":["TalkToTheHand","BowlingBash","PreservedInsect","Bronze Scales","Bottled Lightning","Bottled Tornado","Happy Flower"],"campfire_rested":2,"item_purchase_floors":[2,11,31,31,48,54,54],"current_hp_per_floor":[55,55,50,50,50,50,30,30,30,30,30,30,30,30,30,24,53,53,50,50,50,50,42,42,42,42,32,32,32,32,32,32,27,53,47,47,47,47,47,47,31,31,31,31,28,40,34,34,62,24,9,49,62,62,44,0,0],"gold":93,"neow_bonus":"ONE_RARE_RELIC","is_daily":false,"chose_seed":false,"campfire_upgraded":7,"win_rate":0.0,"timestamp":1611616710,"path_taken":["M","$","M","?","M","R","E","?","T","R","$","R","E","E","R","BOSS","M","M","M","?","?","E","R","E","T","E","M","M","R","$","R","BOSS","M","?","?","M","M","R","E","M","T","E","?","?","M","$","R","BOSS","BOSS","R","$","E","BOSS"],"items_purchased_type":["Card","Card","Relic","Relic","Relic","Relic","Relic"],"build_version":"2020-12-18","purchased_purges":3,"victory":false,"max_hp_per_floor":[68,68,68,68,68,68,68,62,62,62,62,62,62,62,62,62,62,62,62,62,62,62,62,62,62,62,62,62,62,62,62,62,62,62,62,62,62,62,62,62,62,62,62,62,62,62,62,62,62,62,62,62,62,62,62,62,62],"relic_stats":{"Regal Pillow":10,"Happy Flower":[3],"counters":[29,106],"Astrolabe":["Blasphemy","WaveOfTheHand","Wallop"],"Blue Candle":[1],"PreservedInsect":257,"Orichalcum":[36],"Centennial Puzzle":[18],"Ornamental Fan":[92],"Shuriken":[11],"Bronze Scales":[145],"Black Star":3,"Art of War":[1],"obtain_stats":[{"Ice Cream":14,"Lantern":9,"Regal Pillow":43,"Vajra":7,"Bottled Tornado":54,"Old Coin":23,"Centennial Puzzle":44,"WingedGreaves":0,"Red Mask":22,"InkBottle":25,"Happy Flower":54,"Golden Idol":8,"Astrolabe":17,"Blue Candle":55,"PreservedInsect":31,"Omamori":27,"Orichalcum":41,"Akabeko":44,"Ornamental Fan":13,"Shuriken":41,"Bronze Scales":31,"Black Star":34,"Art of War":55,"Bottled Lightning":48,"PureWater":0,"Unceasing Top":45},{"Ice Cream":6,"Lantern":4,"Regal Pillow":22,"Vajra":4,"Bottled Tornado":27,"Old Coin":12,"Centennial Puzzle":23,"WingedGreaves":0,"Red Mask":11,"InkBottle":13,"Happy Flower":27,"Golden Idol":4,"Astrolabe":7,"Blue Candle":28,"PreservedInsect":16,"Omamori":14,"Orichalcum":21,"Akabeko":23,"Ornamental Fan":5,"Shuriken":21,"Bronze Scales":16,"Black Star":17,"Art of War":28,"Bottled Lightning":25,"PureWater":0,"Unceasing Top":24},{"Ice Cream":18,"Lantern":14,"Regal Pillow":74,"Vajra":14,"Bottled Tornado":97,"Old Coin":35,"Centennial Puzzle":76,"WingedGreaves":0,"Red Mask":31,"InkBottle":37,"Happy Flower":97,"Golden Idol":14,"Astrolabe":24,"Blue Candle":103,"PreservedInsect":43,"Omamori":39,"Orichalcum":68,"Akabeko":76,"Ornamental Fan":17,"Shuriken":68,"Bronze Scales":43,"Black Star":50,"Art of War":103,"Bottled Lightning":82,"PureWater":0,"Unceasing Top":78}],"InkBottle":[22],"Unceasing Top":[0]},"card_choices":[{"not_picked":["Prostrate","Crescendo"],"picked":"SandsOfTime","floor":1.0},{"not_picked":["InnerPeace","JustLucky"],"picked":"Wallop","floor":3.0},{"not_picked":["WindmillStrike","FollowUp"],"picked":"Wireheading","floor":5.0},{"not_picked":["SandsOfTime","EmptyFist"],"picked":"Ragnarok","floor":7.0},{"not_picked":["Halt","FlyingSleeves"],"picked":"WheelKick","floor":13.0},{"not_picked":["Evaluate","Weave"],"picked":"CutThroughFate","floor":14.0},{"not_picked":["Brilliance","DeusExMachina"],"picked":"Vault","floor":16.0},{"not_picked":["Crescendo","Consecrate","Halt"],"picked":"SKIP","floor":18.0},{"not_picked":["BowlingBash","ThirdEye","PathToVictory"],"picked":"SKIP","floor":19.0},{"not_picked":["FollowUp","ReachHeaven"],"picked":"FearNoEvil","floor":20.0},{"not_picked":["EmptyFist","JustLucky","BowlingBash"],"picked":"SKIP","floor":23.0},{"not_picked":["LikeWater","JustLucky"],"picked":"Indignation+1","floor":25.0},{"not_picked":["FlyingSleeves","Pray"],"picked":"SpiritShield","floor":27.0},{"not_picked":["FlyingSleeves","Weave"],"picked":"CutThroughFate","floor":28.0},{"not_picked":["SashWhip+1","CutThroughFate","FollowUp"],"picked":"SKIP","floor":29.0},{"not_picked":["DevaForm","SpiritShield"],"picked":"Vault","floor":33.0},{"not_picked":["WreathOfFlame","Swivel","FlurryOfBlows"],"picked":"SKIP","floor":35.0},{"not_picked":["CrushJoints","FlyingSleeves"],"picked":"Tantrum","floor":38.0},{"not_picked":["CrushJoints+1","Tantrum"],"picked":"ThirdEye+1","floor":39.0},{"not_picked":["JustLucky","Pray","Indignation+1"],"picked":"SKIP","floor":41.0},{"not_picked":["BowlingBash","ThirdEye"],"picked":"FearNoEvil","floor":42.0},{"not_picked":["CutThroughFate","ClearTheMind","SignatureMove"],"picked":"SKIP","floor":44.0},{"not_picked":["ForeignInfluence","WheelKick"],"picked":"InnerPeace","floor":45.0},{"not_picked":["FlurryOfBlows","Nirvana"],"picked":"Adaptation+1","floor":47.0},{"not_picked":["PathToVictory","Consecrate","EmptyBody"],"picked":"SKIP","floor":55.0}],"player_experience":811978,"relics_obtained":[{"floor":7.0,"key":"Vajra"},{"floor":9.0,"key":"Lantern"},{"floor":13.0,"key":"Ornamental Fan"},{"floor":14.0,"key":"Ice Cream"},{"floor":22.0,"key":"Red Mask"},{"floor":23.0,"key":"Old Coin"},{"floor":25.0,"key":"InkBottle"},{"floor":27.0,"key":"Omamori"},{"floor":41.0,"key":"Orichalcum"},{"floor":41.0,"key":"Shuriken"},{"floor":43.0,"key":"Regal Pillow"},{"floor":44.0,"key":"Centennial Puzzle"},{"floor":44.0,"key":"Akabeko"},{"floor":45.0,"key":"Unceasing Top"},{"floor":55.0,"key":"Art of War"},{"floor":55.0,"key":"Blue Candle"}],"event_choices":[{"damage_healed":0.0,"max_hp_gain":0.0,"max_hp_loss":0.0,"gold_gain":0.0,"event_name":"Scrap Ooze","player_choice":"Fled","floor":4.0,"gold_loss":0.0,"damage_taken":0.0},{"damage_healed":0.0,"max_hp_gain":0.0,"max_hp_loss":6.0,"gold_gain":0.0,"event_name":"Golden Idol","player_choice":"Lose Max HP","floor":8.0,"gold_loss":0.0,"damage_taken":0.0,"relics_obtained":["Golden Idol"]},{"cards_removed":["Defend_P"],"damage_healed":0.0,"max_hp_gain":0.0,"max_hp_loss":0.0,"gold_gain":0.0,"event_name":"Beggar","player_choice":"Gave Gold","floor":21.0,"gold_loss":75.0,"damage_taken":0.0},{"damage_healed":0.0,"max_hp_gain":0.0,"max_hp_loss":0.0,"gold_gain":0.0,"event_name":"Masked Bandits","player_choice":"Fought Bandits","floor":22.0,"gold_loss":0.0,"damage_taken":0.0},{"cards_removed":["WaveOfTheHand"],"damage_healed":0.0,"max_hp_gain":0.0,"max_hp_loss":0.0,"gold_gain":0.0,"event_name":"Falling","player_choice":"Removed Skill","floor":36.0,"gold_loss":0.0,"damage_taken":0.0},{"damage_healed":0.0,"max_hp_gain":0.0,"max_hp_loss":0.0,"gold_gain":333.0,"event_name":"The Moai Head","player_choice":"Gave Idol","floor":37.0,"relics_lost":["Golden Idol"],"gold_loss":0.0,"damage_taken":0.0},{"damage_healed":0.0,"max_hp_gain":0.0,"max_hp_loss":0.0,"gold_gain":0.0,"event_name":"Mysterious Sphere","player_choice":"Fight","floor":45.0,"gold_loss":0.0,"damage_taken":0.0},{"damage_healed":12.0,"max_hp_gain":0.0,"max_hp_loss":0.0,"gold_gain":0.0,"event_name":"Winding Halls","player_choice":"Writhe","floor":46.0,"gold_loss":0.0,"damage_taken":0.0,"cards_obtained":["Writhe"]}],"is_beta":true,"boss_relics":[{"not_picked":["SlaversCollar","Fusion Hammer"],"picked":"Astrolabe"},{"not_picked":["Empty Cage","Tiny House"],"picked":"Black Star"}],"items_purged_floors":[2,31,48],"is_endless":false,"potions_floor_spawned":[3,7,13,18,22,23,28,29,33,35,47,55],"killed_by":"The Heart","ascension_level":20}}