{"host":"bpkhhmvsfrvlto2l","time":1611587477,"event":{"mods":["2.2 Compatiblity","AchievementEnabler","Act Like it!","AlwaysNeverKeys","Aspiration","BaseMod","Better Silent Start","Challenge The Spire","Colored Map","Colored Powertips","Custom Start","Energized Spire","Friendly Minions","GifTheSpireLib","Halation","Hubris","Infinite Spire","Ironclad Rager","Mimic Mod","Minty Spire (QoL Compilation)","Permanent Neow","Quick Restart","Random Character Button","Relic Sorter","Replay The Spire","Spikes Relics","StSLib","Stuff the Spire","Swap Starting Deck Mod","Trackpad"],"gold_per_floor":[217,240,160,177,193,193,221,221,259,259,259,106,137,137,137,238,238,258,258,271,186,186,186,186,186],"floor_reached":24,"language":"ENG","playtime":548,"items_purged":[],"score":303,"play_id":"98728b30-3a6e-42bb-aa27-f0d985016a46","local_time":"20210125101117","is_ascension_mode":true,"campfire_choices":[{"data":"Zap","floor":6,"key":"SMITH"},{"data":"Cold Snap","floor":8,"key":"SMITH"},{"floor":15,"key":"REST"},{"data":"Genetic Algorithm","floor":23,"key":"SMITH"}],"circlet_count":0,"master_deck":["AscendersBane","Strike_B+1","Strike_B+1","Strike_B","Strike_B","Defend_B","Defend_B+1","Defend_B","Defend_B","Zap+1","Dualcast","Cold Snap+1","Genetic Algorithm+1"],"relics":["Cracked Core","Replay:Wax Seal","Bottled Flame","Lantern","Guide Book","trackpad:BottledTsunami","Inserter","hubris:Metronome","Omamori"],"acts_visited":["Exordium","TheCity"],"potions_floor_usage":[5,5,5,7,7,13,16],"damage_taken":[{"damage":5,"enemies":"2 Louse","floor":1,"turns":3},{"damage":0,"enemies":"Small Slimes","floor":3,"turns":3},{"damage":6,"enemies":"Jaw Worm","floor":4,"turns":5},{"damage":7,"enemies":"Looter","floor":5,"turns":3},{"damage":18,"enemies":"3 Sentries","floor":7,"turns":8},{"damage":0,"enemies":"2 Fungi Beasts","floor":9,"turns":8},{"damage":32,"enemies":"Gremlin Nob","floor":13,"turns":4},{"damage":2,"enemies":"Slime Boss","floor":16,"turns":8},{"damage":8,"enemies":"Spheric Guardian","floor":18,"turns":4},{"damage":32,"enemies":"2 Thieves","floor":20,"turns":4},{"damage":4,"enemies":"Shelled Parasite and Fungi","floor":24,"turns":2}],"seed_played":"3583169342902964434","potions_obtained":[{"floor":3,"key":"Energy Potion"},{"floor":4,"key":"EntropicBrew"},{"floor":7,"key":"Strength Potion"},{"floor":13,"key":"PowerPotion"}],"is_trial":false,"path_per_floor":["M","$","M","M","M","R","E","R","MIM","?","?","$","E","?","R","B",null,"M","$","M","?","AVR","R","M"],"character_chosen":"DEFECT","items_purchased":["Replay:Wax Seal","Guide Book"],"campfire_rested":1,"item_purchase_floors":[2,12],"current_hp_per_floor":[63,63,63,57,59,59,41,41,41,41,41,41,9,24,46,44,67,59,59,27,27,27,27,23,23],"gold":186,"neow_bonus":"HUNDRED_GOLD","is_daily":false,"chose_seed":false,"campfire_upgraded":3,"win_rate":0.0,"timestamp":1611587477,"path_taken":["M","$","M","M","M","R","E","R","MIM","?","?","$","E","?","R","BOSS","M","$","M","?","AVR","R","M"],"items_purchased_type":["Relic","Relic"],"build_version":"2020-12-22","purchased_purges":0,"victory":false,"max_hp_per_floor":[75,75,75,75,75,75,75,75,75,75,75,75,75,75,75,75,75,75,75,75,75,75,75,75,75],"card_choices":[{"not_picked":["Steam","BasicCrystalCard"],"picked":"Cold Snap","floor":5},{"not_picked":["Ball Lightning","Cold Snap"],"picked":"Genetic Algorithm","floor":18},{"not_picked":["Consume","Melter+1","StuffTheSpire:SnapShoot"],"picked":"SKIP","floor":20}],"player_experience":106881,"relics_obtained":[{"floor":7,"key":"Bottled Flame"},{"floor":9,"key":"Lantern"},{"floor":13,"key":"trackpad:BottledTsunami"}],"event_choices":[{"damage_healed":0,"gold_gain":0,"player_choice":"Ignored","damage_taken":0,"max_hp_gain":0,"max_hp_loss":0,"event_name":"Liars Game","floor":11,"gold_loss":0},{"damage_healed":0,"gold_gain":0,"player_choice":"Obtained Relic","damage_taken":0,"relics_obtained":["hubris:Metronome"],"max_hp_gain":0,"max_hp_loss":0,"event_name":"Addict","floor":21,"gold_loss":85}],"is_beta":false,"boss_relics":[{"not_picked":["hubris:TerracottaHorce","energizedSpire:UnstableMolecules"],"picked":"Inserter"}],"items_purged_floors":[],"is_endless":false,"potions_floor_spawned":[3,4,7,13],"killed_by":"Shelled Parasite and Fungi","ascension_level":10}}