{"host":"mhr97lg0mj90r8b2","time":1611552109,"event":{"mods":["BaseMod","Lobotomy","Minty Spire (QoL Compilation)","Quick Restart","StSLib","The Servant 0.9.4"],"gold_per_floor":[110,110,90,106,116,116,131,131,131,144,154,18,33,108,108,108,108],"floor_reached":16,"language":"ZHS","playtime":749,"items_purged":[],"score":94,"play_id":"24aee042-b950-4edd-bdf9-15a3085a0345","local_time":"20210125132149","is_ascension_mode":false,"campfire_choices":[{"data":"LikeWater","floor":6,"key":"SMITH"},{"floor":15,"key":"REST"}],"circlet_count":0,"master_deck":["Strike_P","Strike_P","Strike_P","Defend_P","Defend_P+1","Defend_P","Vigilance","HappyTeddy","LikeWater+1","SandsOfTime","BigBadWolf","Meditate","OldLady","CutThroughFate","Rudolta","Indignation+1","GreedKing","FlurryOfBlows","Vault+1","Laetitia","MentalFortress"],"relics":["PureWater","CogitoBucket","Pantograph","Toxic Egg 2","BehaviorAdjustment"],"acts_visited":["Exordium"],"potions_floor_usage":[3,16],"damage_taken":[{"damage":0,"enemies":"Small Slimes","floor":1,"turns":3},{"damage":0,"enemies":"Cultist","floor":4,"turns":5},{"damage":0,"enemies":"2 Louse","floor":5,"turns":2},{"damage":0,"enemies":"Large Slime","floor":7,"turns":4},{"damage":2,"enemies":"Exordium Wildlife","floor":10,"turns":5},{"damage":15,"enemies":"Looter","floor":11,"turns":5},{"damage":0,"enemies":"3 Louse","floor":13,"turns":4},{"damage":73,"enemies":"The Guardian","floor":16,"turns":6}],"seed_played":"1246860894643413552","potions_obtained":[{"floor":3,"key":"Fruit Juice"},{"floor":5,"key":"GamblersBrew"},{"floor":10,"key":"DuplicationPotion"},{"floor":13,"key":"SteroidPotion"}],"is_trial":false,"path_per_floor":["M","?","?","M","M","R","M","?","T","M","M","$","M","?","R","B"],"character_chosen":"WATCHER","items_purchased":["Vault+1"],"campfire_rested":1,"item_purchase_floors":[12],"current_hp_per_floor":[72,58,63,63,63,63,63,51,51,49,34,34,34,23,46,0,0],"gold":108,"neow_bonus":"","is_daily":false,"chose_seed":false,"campfire_upgraded":1,"win_rate":0.0,"timestamp":1611552109,"path_taken":["M","?","?","M","M","R","?","?","T","M","M","?","M","?","R","BOSS"],"items_purchased_type":["Card"],"build_version":"2020-12-22","purchased_purges":0,"victory":false,"max_hp_per_floor":[72,72,77,77,77,77,77,77,77,77,77,77,77,77,77,77,77],"card_choices":[{"not_picked":["VoidDream","ShyLook"],"picked":"HappyTeddy","floor":1},{"not_picked":["MentalFortress","Prostrate"],"picked":"LikeWater","floor":1},{"not_picked":["ShyLook","Wellcheers"],"picked":"CrumblingArmor","floor":4},{"not_picked":["Omniscience","EmptyBody"],"picked":"SandsOfTime","floor":4},{"not_picked":["Murderer","SpiderBud"],"picked":"BigBadWolf","floor":5},{"not_picked":["PathToVictory","DevaForm"],"picked":"Meditate","floor":5},{"not_picked":["VoidDream","Yin"],"picked":"OldLady","floor":7},{"not_picked":["ClearTheMind","CrushJoints"],"picked":"CutThroughFate","floor":7},{"not_picked":["SpiderBud","Bloodbath"],"picked":"Rudolta","floor":10},{"not_picked":["CutThroughFate","Meditate+1"],"picked":"Indignation+1","floor":10},{"not_picked":["CrumblingArmor","OSAHOGD"],"picked":"GreedKing","floor":11},{"not_picked":["FollowUp","Nirvana"],"picked":"FlurryOfBlows","floor":11},{"not_picked":["ShyLook","Murderer"],"picked":"Laetitia","floor":13},{"not_picked":["SandsOfTime","ClearTheMind+1"],"picked":"MentalFortress","floor":13}],"player_experience":104806,"relics_obtained":[{"floor":9,"key":"Toxic Egg 2"}],"event_choices":[{"damage_healed":0,"gold_gain":0,"player_choice":"Entered Light","damage_taken":14,"max_hp_gain":0,"max_hp_loss":0,"event_name":"Shining Light","floor":2,"gold_loss":0,"cards_upgraded":["Eruption","Defend_P"]},{"damage_healed":0,"gold_gain":0,"player_choice":"Bought 1 Potion","damage_taken":0,"max_hp_gain":0,"max_hp_loss":0,"event_name":"The Woman in Blue","floor":3,"gold_loss":0},{"damage_healed":0,"gold_gain":0,"player_choice":"Success","damage_taken":12,"relics_obtained":["Pantograph"],"max_hp_gain":0,"max_hp_loss":0,"event_name":"Scrap Ooze","floor":8,"gold_loss":0},{"damage_healed":0,"gold_gain":75,"player_choice":"Gather Gold","damage_taken":11,"max_hp_gain":0,"max_hp_loss":0,"event_name":"World of Goop","floor":14,"gold_loss":0}],"is_beta":false,"boss_relics":[],"items_purged_floors":[],"is_endless":false,"potions_floor_spawned":[5,10,13],"killed_by":"The Guardian","ascension_level":0}}