{"host":"ayh4nqhr0ddw4ozv","time":1611556332,"event":{"mods":["BaseMod","Minty Spire (QoL Compilation)","Relic Stats","Replay The Spire","Robot Space Explorer","StSLib"],"gold_per_floor":[369,42,59,78,94,94,129,129,129,149,165,165,165,198,198,275,275,289,308,52,76,89,89,89,109,109,109,138,138,156,167,167,167,167],"floor_reached":33,"language":"ENG","playtime":2121,"items_purged":["RobotSpaceExplorer:Defend"],"score":544,"play_id":"eabe9d7d-e7df-4e55-af8c-6147cc017d14","local_time":"20210124223212","is_ascension_mode":true,"campfire_choices":[{"data":"RobotSpaceExplorer:MiniDrones","floor":6,"key":"SMITH"},{"data":"RobotSpaceExplorer:IronShell","floor":8,"key":"SMITH"},{"data":"RobotSpaceExplorer:ShovelStrike","floor":13,"key":"SMITH"},{"data":"RobotSpaceExplorer:FranticSearch","floor":15,"key":"SMITH"},{"data":"RobotSpaceExplorer:GlueSpray","floor":23,"key":"SMITH"},{"floor":27,"key":"REST"},{"data":"RobotSpaceExplorer:FreezeRay","floor":29,"key":"SMITH"},{"floor":32,"key":"REST"}],"circlet_count":0,"master_deck":["AscendersBane","RobotSpaceExplorer:Strike","RobotSpaceExplorer:Defend","RobotSpaceExplorer:Defend","RobotSpaceExplorer:Scan","RobotSpaceExplorer:MiniLasers","RobotSpaceExplorer:MiniDrones+1","RobotSpaceExplorer:ScrapToss","RobotSpaceExplorer:FrostMissile","RobotSpaceExplorer:ShovelStrike+1","RobotSpaceExplorer:FranticSearch+1","RobotSpaceExplorer:IronShell+1","RobotSpaceExplorer:TrailblazerForm","RobotSpaceExplorer:Discharger+1","RobotSpaceExplorer:ShockKick+1","RobotSpaceExplorer:MetalStrike+1","RobotSpaceExplorer:GlueSpray+1","RobotSpaceExplorer:JunkDive","RobotSpaceExplorer:FreezeRay+1","Pot Of Greed","Pot Of Greed","RobotSpaceExplorer:GlueSpray+1","RobotSpaceExplorer:ScrapToss","RobotSpaceExplorer:MiniDrones+1","RobotSpaceExplorer:PowerCollector+1"],"relics":["RobotSpaceExplorer:RoboCore","ReplayTheSpireMod:TigerMarble","Juzu Bracelet","Bag of Marbles","Garlic","Astrolabe","ClockworkSouvenir","Grinning Jar","Replay:Bottled Snecko","Frozen Egg 2"],"acts_visited":["Exordium","TheCity"],"potions_floor_usage":[14,16,25,28,30,33],"damage_taken":[{"damage":4,"enemies":"Small Slimes","floor":1,"turns":4},{"damage":0,"enemies":"Cultist","floor":3,"turns":3},{"damage":0,"enemies":"2 Louse","floor":4,"turns":2},{"damage":1,"enemies":"Red Slaver","floor":5,"turns":3},{"damage":5,"enemies":"Lagavulin","floor":7,"turns":7},{"damage":0,"enemies":"Exordium Thugs","floor":10,"turns":3},{"damage":0,"enemies":"Exordium Wildlife","floor":11,"turns":3},{"damage":13,"enemies":"3 Sentries","floor":14,"turns":7},{"damage":11,"enemies":"The Guardian","floor":16,"turns":14},{"damage":19,"enemies":"Spheric Guardian","floor":18,"turns":6},{"damage":0,"enemies":"3 Byrds","floor":19,"turns":6},{"damage":8,"enemies":"Snake Plant","floor":22,"turns":6},{"damage":9,"enemies":"Shelled Parasite and Fungi","floor":25,"turns":4},{"damage":4,"enemies":"Gremlin Leader","floor":28,"turns":6},{"damage":0,"enemies":"Sentry and Sphere","floor":30,"turns":4},{"damage":4,"enemies":"Snake Plant","floor":31,"turns":4},{"damage":57,"enemies":"Collector","floor":33,"turns":6}],"seed_played":"-7066593352339099772","potions_obtained":[{"floor":1,"key":"LiquidBronze"},{"floor":3,"key":"Venom Potion"},{"floor":5,"key":"Dexterity Potion"},{"floor":14,"key":"RobotSpaceExplorer:RecyclePotion"},{"floor":19,"key":"Reflective Coating"},{"floor":25,"key":"LiquidBronze"},{"floor":30,"key":"Weak Potion"}],"is_trial":false,"path_per_floor":["M","$","M","M","M","R","E","R","T","M","M","?","R","E","R","B",null,"M","M","$","T","M","R","?","M","T","R","E","R","M","M","R","B"],"character_chosen":"RobotSpaceExplorer","items_purchased":["RobotSpaceExplorer:ScrapToss","ReplayTheSpireMod:TigerMarble","RobotSpaceExplorer:FreezeRay","ClockworkSouvenir"],"campfire_rested":2,"item_purchase_floors":[2,2,20,20],"current_hp_per_floor":[42,42,42,42,41,41,36,36,36,36,40,40,40,27,27,16,57,38,38,38,38,30,30,30,21,21,42,38,38,38,34,55,0,0],"gold":167,"neow_bonus":"TWO_FIFTY_GOLD","is_daily":false,"chose_seed":false,"campfire_upgraded":6,"win_rate":0.0,"timestamp":1611556332,"path_taken":["M","$","M","M","M","R","E","R","T","M","M","?","R","E","R","BOSS","M","M","?","?","M","R","?","M","T","R","E","R","M","M","R","BOSS"],"items_purchased_type":["Card","Relic","Card","Relic"],"build_version":"2020-12-22","purchased_purges":1,"victory":false,"max_hp_per_floor":[71,71,71,71,71,71,71,71,71,71,71,71,71,71,71,71,71,71,71,71,71,71,71,71,71,71,71,71,71,71,71,71,71,71],"relic_stats":{"counters":[17,88],"Astrolabe":["RobotSpaceExplorer:Discharger","RobotSpaceExplorer:ShockKick","RobotSpaceExplorer:MetalStrike"],"Juzu Bracelet":1,"obtain_stats":[{"Astrolabe":17,"RobotSpaceExplorer:RoboCore":0,"ReplayTheSpireMod:TigerMarble":2,"Juzu Bracelet":7,"Bag of Marbles":9,"Garlic":14,"Replay:Bottled Snecko":26,"Grinning Jar":21,"Frozen Egg 2":28,"ClockworkSouvenir":20},{"Astrolabe":9,"RobotSpaceExplorer:RoboCore":0,"ReplayTheSpireMod:TigerMarble":1,"Juzu Bracelet":5,"Bag of Marbles":5,"Garlic":8,"Replay:Bottled Snecko":13,"Grinning Jar":11,"Frozen Egg 2":14,"ClockworkSouvenir":11},{"Astrolabe":46,"RobotSpaceExplorer:RoboCore":0,"ReplayTheSpireMod:TigerMarble":4,"Juzu Bracelet":19,"Bag of Marbles":19,"Garlic":32,"Replay:Bottled Snecko":68,"Grinning Jar":58,"Frozen Egg 2":74,"ClockworkSouvenir":58}]},"card_choices":[{"not_picked":["RobotSpaceExplorer:FrostMissile","RobotSpaceExplorer:Discharger"],"picked":"RobotSpaceExplorer:MiniDrones","floor":1},{"not_picked":["RobotSpaceExplorer:ScrapMissile","RobotSpaceExplorer:FreezeRay"],"picked":"RobotSpaceExplorer:FrostMissile","floor":3},{"not_picked":["RobotSpaceExplorer:Ammunition","RobotSpaceExplorer:SurgingShield"],"picked":"RobotSpaceExplorer:ShovelStrike","floor":4},{"not_picked":["RobotSpaceExplorer:ShockKick","RobotSpaceExplorer:SlimeMissile"],"picked":"RobotSpaceExplorer:FranticSearch","floor":5},{"not_picked":["RobotSpaceExplorer:StunGrenade","RobotSpaceExplorer:LuckyStrike"],"picked":"RobotSpaceExplorer:IronShell","floor":7},{"not_picked":["RobotSpaceExplorer:MetalStrike","RobotSpaceExplorer:GlueShot","RobotSpaceExplorer:ToxicBomb"],"picked":"SKIP","floor":10},{"not_picked":["RobotSpaceExplorer:Pulsar","RobotSpaceExplorer:DroneSwarm","RobotSpaceExplorer:GearShield"],"picked":"SKIP","floor":11},{"not_picked":["RobotSpaceExplorer:Counterblock","RobotSpaceExplorer:ShovelStrike","RobotSpaceExplorer:Pulsar"],"picked":"SKIP","floor":14},{"not_picked":["RobotSpaceExplorer:Asteroid","RobotSpaceExplorer:DroneSwarm"],"picked":"RobotSpaceExplorer:TrailblazerForm","floor":16},{"not_picked":["RobotSpaceExplorer:MakeshiftVolley","RobotSpaceExplorer:SlimeMissile"],"picked":"RobotSpaceExplorer:GlueSpray","floor":18},{"not_picked":["RobotSpaceExplorer:StunGrenade","RobotSpaceExplorer:BigMissile"],"picked":"RobotSpaceExplorer:JunkDive","floor":19},{"not_picked":["RobotSpaceExplorer:ScrapMissile+1","RobotSpaceExplorer:ExhaustFan","RobotSpaceExplorer:BigMissile"],"picked":"SKIP","floor":22},{"not_picked":["RobotSpaceExplorer:Pulsar","RobotSpaceExplorer:ShockKick"],"picked":"RobotSpaceExplorer:ScrapToss","floor":25},{"not_picked":["RobotSpaceExplorer:ExhaustFan+1","RobotSpaceExplorer:Asteroid"],"picked":"RobotSpaceExplorer:MiniDrones+1","floor":28},{"not_picked":["RobotSpaceExplorer:Counterblock","RobotSpaceExplorer:MiniDrones","RobotSpaceExplorer:FrostMissile"],"picked":"SKIP","floor":30},{"not_picked":["RobotSpaceExplorer:ShockKick","RobotSpaceExplorer:LaserBurst"],"picked":"RobotSpaceExplorer:PowerCollector+1","floor":31}],"player_experience":383402,"relics_obtained":[{"floor":7,"key":"Juzu Bracelet"},{"floor":9,"key":"Bag of Marbles"},{"floor":14,"key":"Garlic"},{"floor":21,"key":"Grinning Jar"},{"floor":26,"key":"Replay:Bottled Snecko"},{"floor":28,"key":"Frozen Egg 2"}],"event_choices":[{"cards_removed":["RobotSpaceExplorer:Strike"],"damage_healed":0,"gold_gain":0,"player_choice":"Purged","damage_taken":0,"max_hp_gain":0,"max_hp_loss":0,"event_name":"Purifier","floor":12,"gold_loss":0},{"damage_healed":0,"gold_gain":0,"player_choice":"Copied","damage_taken":0,"max_hp_gain":0,"max_hp_loss":0,"event_name":"Duplicator","floor":24,"gold_loss":0,"cards_obtained":["RobotSpaceExplorer:GlueSpray"]}],"is_beta":false,"boss_relics":[{"not_picked":["Velvet Choker","SacredBark"],"picked":"Astrolabe"}],"items_purged_floors":[2],"is_endless":false,"potions_floor_spawned":[1,3,5,14,19,25,30],"killed_by":"Collector","ascension_level":19}}