{"host":"a3oe3gstxz77c7qu","time":1611605008,"event":{"mods":["2.2 Compatiblity","Act Like it!","Astrologer","BaseMod","Bestiary","Better Altar","Better Match","Better Note","Better Skull","Better Third Choice","Block Reminder","Curses Come First","Custom Start","Dark Map","Downfall","Fox Events","Friendly Minions","GifTheSpireLib","Hallownest","Hermit","Jorbs\u0027s Wanderer Trilogy","Lobotomy","LobotomyExtend","Marisa????????","Minty Spire (QoL Compilation)","Permanent Neow","Quick Restart","Relic Stats","Spire Arcade","StSLib","The Bug Knight","The Cursed","The Disciple","The Jungle","Uncapped","Unknown Chances","Wandering Minibosses"],"gold_per_floor":[99,110,123,135,147,159,184,184,184,184,184],"floor_reached":9,"language":"ENG","playtime":588,"items_purged":[],"score":66,"play_id":"e5f7f7d5-65c0-460d-866e-20073d6f172b","local_time":"20210125200328","is_ascension_mode":true,"campfire_choices":[{"data":"hexamod:Float","floor":1,"key":"SMITH"}],"circlet_count":0,"master_deck":["hexamod:Strike","hexamod:Strike","hexamod:Strike","hexamod:Strike","hexamod:Defend","hexamod:Defend","hexamod:Defend","hexamod:Defend","hexamod:Sear","hexamod:Float+1","hexamod:Hexaguard","hexamod:FourthSeal","hexamod:StepThrough"],"relics":["hexamod:SpiritBrand","Art of War"],"acts_visited":["Exordium"],"potions_floor_usage":[],"damage_taken":[{"damage":0,"enemies":"Cultist","floor":2,"turns":4},{"damage":0,"enemies":"Jaw Worm","floor":3,"turns":3},{"damage":0,"enemies":"2 Louse","floor":4,"turns":3},{"damage":10,"enemies":"Large Slime","floor":5,"turns":6},{"damage":14,"enemies":"Exordium Thugs","floor":6,"turns":6},{"damage":57,"enemies":"Gremlin Nob","floor":9,"turns":6}],"seed_played":"-6142438693220412965","potions_obtained":[{"floor":3,"key":"EntropicBrew"},{"floor":4,"key":"Fire Potion"},{"floor":5,"key":"bronze:BurnAndBuffPotion"}],"is_trial":false,"path_per_floor":["R","M","M","M","M","M","T","?","E"],"character_chosen":"THE_SPIRIT","items_purchased":[],"campfire_rested":0,"item_purchase_floors":[],"current_hp_per_floor":[77,77,77,77,67,53,53,61,4,4,4],"gold":184,"neow_bonus":"TEN_PERCENT_HP_BONUS","is_daily":false,"chose_seed":false,"campfire_upgraded":1,"win_rate":0.0,"timestamp":1611605008,"path_taken":["R","M","M","?","M","M","T","?","E"],"items_purchased_type":[],"build_version":"2020-12-22","purchased_purges":0,"victory":false,"max_hp_per_floor":[77,77,77,77,77,77,77,77,77,77,77],"relic_stats":{"counters":[6,28],"Art of War":[0],"obtain_stats":[{"Art of War":7,"hexamod:SpiritBrand":0},{"Art of War":5,"hexamod:SpiritBrand":0},{"Art of War":22,"hexamod:SpiritBrand":0}]},"card_choices":[{"not_picked":["hexamod:GhostShield","hexamod:AdvancingGuard"],"picked":"hexamod:Hexaguard","floor":2},{"not_picked":["hexamod:ChargedBarrage","hexamod:SwordOfDarkness"],"picked":"hexamod:FourthSeal","floor":3},{"not_picked":["hexamod:Hexaguard","hexamod:HeatMetal"],"picked":"hexamod:StepThrough","floor":4},{"not_picked":["hexamod:GhostOfSpirePresent","hexamod:GhostShield","hexamod:FlamesFromBeyond"],"picked":"SKIP","floor":5},{"not_picked":["hexamod:SpectersWail","hexamod:HauntingEcho","hexamod:Hexaguard"],"picked":"SKIP","floor":6}],"player_experience":1092426,"relics_obtained":[{"floor":7,"key":"Art of War"}],"event_choices":[],"is_beta":false,"boss_relics":[],"items_purged_floors":[],"is_endless":false,"potions_floor_spawned":[3],"killed_by":"Gremlin Nob","ascension_level":4}}