{"host":"khoyd8a1tvki7k1f","time":1611596152,"event":{"mods":["AchievementEnabler","BaseMod","Colored Powertips","Curses Come First","Downfall","Googly Eyes","Hermit","Highlight Path","Minty Spire (QoL Compilation)","Quick Restart","Relic Sorter","Robot Space Explorer","Shop Mod","StSLib","Synergy Search","The Bug Knight","The Cursed","The Disciple","The Hierophant","The Marked","The Necromancer","The Poker Player","The Runesmith","slay the spire mod where everything is the same but ironclad has a cowboy hat"],"gold_per_floor":[113,123,134,134,124,124,141,153,153,165,178,178,193,201,201,271,271,283,287,287,306,231,231,243,243,295,295,295,219,200,189,189,251,251,269,285,299,299,299,281,259,259],"floor_reached":41,"language":"ENG","playtime":2053,"items_purged":[],"score":534,"play_id":"65bb5401-0640-4fbe-a689-2a5ca9edd91d","local_time":"20210125113552","is_ascension_mode":false,"campfire_choices":[{"floor":12.0,"key":"REST"},{"floor":15.0,"key":"REST"},{"data":"hierophant:ChurchCoffers","floor":23,"key":"SMITH"},{"data":"hierophant:Repentance","floor":25,"key":"SMITH"},{"data":"hierophant:AuricForm","floor":27,"key":"SMITH"},{"data":"hierophant:PristineSoul","floor":32,"key":"SMITH"}],"circlet_count":0,"master_deck":["hierophant:Strike_Hierophant","hierophant:Strike_Hierophant","hierophant:Punish+1","hierophant:Defend_Hierophant","hierophant:Defend_Hierophant","hierophant:Defend_Hierophant","hierophant:Defend_Hierophant","hierophant:ChurchCoffers+1","hierophant:HammerAndAnvil+1","hierophant:TollTheBells","hierophant:Community","hierophant:Anathema","hierophant:AuricForm+1","hierophant:Repentance+1","hierophant:Racketeering","hierophant:Rebuild","hierophant:TollTheBells+1","hierophant:PristineSoul+1","hierophant:Patience","hierophant:PristineSoul","hierophant:PristineSoul","hierophant:Anathema","hierophant:Community+1"],"relics":["hierophant:PropheticMaskRelic","NeowsBlessing","Lizard Tail","Toy Ornithopter","Bag of Preparation","Snecko Eye","Sundial","Bag of Marbles","Runesmith:Nanobots","Philosopher\u0027s Stone","Happy Flower"],"acts_visited":["Exordium","TheCity","TheBeyond"],"potions_floor_usage":[41],"damage_taken":[{"damage":0.0,"enemies":"Cultist","floor":1.0,"turns":1.0},{"damage":0.0,"enemies":"Small Slimes","floor":2.0,"turns":1.0},{"damage":0.0,"enemies":"2 Louse","floor":3.0,"turns":1.0},{"damage":2.0,"enemies":"Exordium Wildlife","floor":5.0,"turns":3.0},{"damage":35.0,"enemies":"Large Slime","floor":7.0,"turns":8.0},{"damage":13.0,"enemies":"3 Sentries","floor":8.0,"turns":6.0},{"damage":7.0,"enemies":"2 Fungi Beasts","floor":10.0,"turns":2.0},{"damage":10.0,"enemies":"Looter","floor":11.0,"turns":4.0},{"damage":13.0,"enemies":"Red Slaver","floor":13.0,"turns":4.0},{"damage":32.0,"enemies":"Gremlin Nob","floor":14.0,"turns":4.0},{"damage":30.0,"enemies":"Hexaghost","floor":16.0,"turns":4.0},{"damage":0.0,"enemies":"3 Byrds","floor":18.0,"turns":2.0},{"damage":2.0,"enemies":"Shell Parasite","floor":19.0,"turns":2.0},{"damage":7,"enemies":"Chosen and Byrds","floor":21,"turns":7},{"damage":7,"enemies":"Book of Stabbing","floor":24,"turns":3},{"damage":0,"enemies":"Snecko","floor":30,"turns":3},{"damage":0,"enemies":"3 Cultists","floor":31,"turns":3},{"damage":0,"enemies":"Automaton","floor":33,"turns":4},{"damage":11,"enemies":"3 Darklings","floor":35,"turns":2},{"damage":0,"enemies":"3 Shapes","floor":36,"turns":6},{"damage":0,"enemies":"3 Darklings","floor":37,"turns":2},{"damage":0,"enemies":"Writhing Mass","floor":38,"turns":5},{"damage":33,"enemies":"Giant Head","floor":40,"turns":6}],"seed_played":"-722750570855461383","potions_obtained":[{"floor":2.0,"key":"Weak Potion"},{"floor":3.0,"key":"sneckomod:MuddlingPotion"},{"floor":8.0,"key":"hexamod:SoulburnPotion"},{"floor":10.0,"key":"DistilledChaos"},{"floor":11.0,"key":"Dexterity Potion"},{"floor":16.0,"key":"FearPotion"},{"floor":21,"key":"Explosive Potion"},{"floor":38,"key":"hexamod:SoulburnPotion"}],"is_trial":false,"path_per_floor":["M","M","M","?","M","?","M","E","T","M","M","R","M","E","R","B",null,"M","M","?","M","?","R","E","R","T","R","?","$","M","M","R","B",null,"M","M","M","M","?","E","M"],"character_chosen":"HIEROPHANT","items_purchased":["hierophant:Patience"],"campfire_rested":2,"item_purchase_floors":[29],"current_hp_per_floor":[75,75,75,75,73,58,23,10,10,3,37,59,46,14,36,11,75,75,73,73,66,66,66,59,59,59,59,59,59,59,59,59,59,75,64,64,64,64,64,31,0,0],"gold":259,"neow_bonus":"THREE_ENEMY_KILL","is_daily":false,"chose_seed":false,"campfire_upgraded":4,"win_rate":0.0,"timestamp":1611596152,"path_taken":["M","M","?","?","M","?","M","E","T","M","M","R","M","E","R","BOSS","M","M","?","M","?","R","E","R","T","R","?","$","M","M","R","BOSS","M","M","M","M","?","E","M"],"items_purchased_type":["Card"],"build_version":"2020-12-22","purchased_purges":0,"victory":false,"max_hp_per_floor":[75,75,75,75,75,75,75,75,75,75,75,75,75,75,75,75,75,75,75,75,75,75,75,75,75,75,75,75,75,75,75,75,75,75,75,75,75,75,71,71,71,71],"card_choices":[{"not_picked":["hierophant:Remorse","hierophant:MirrorShield"],"picked":"hierophant:HammerAndAnvil","floor":1.0},{"not_picked":["hierophant:Rebuild","hierophant:Shelter"],"picked":"hierophant:TollTheBells","floor":2.0},{"not_picked":["hierophant:AuricShield","hierophant:ArchangelShield"],"picked":"hierophant:Community","floor":3.0},{"not_picked":["hierophant:Prophecy","hierophant:AuricBeam"],"picked":"hierophant:Anathema","floor":5.0},{"not_picked":["hierophant:HammerAndAnvil","hierophant:RustyCrate"],"picked":"hierophant:AuricForm","floor":7.0},{"not_picked":["hierophant:Encroach","hierophant:Remorse","hierophant:Doubloon"],"picked":"SKIP","floor":8.0},{"not_picked":["hierophant:ThreeLashes","hierophant:AuricShield"],"picked":"hierophant:Repentance","floor":10.0},{"not_picked":["hierophant:ConvertCurrency","hierophant:Community"],"picked":"hierophant:Racketeering","floor":11.0},{"not_picked":["hierophant:Purify","hierophant:RepressedViolence"],"picked":"hierophant:Rebuild","floor":13.0},{"not_picked":["hierophant:LocustPlague","hierophant:Upheaval","hierophant:FlamingChariot"],"picked":"SKIP","floor":14.0},{"not_picked":["hierophant:HolyVerse","hierophant:FaithHealing"],"picked":"hierophant:TollTheBells+1","floor":18.0},{"not_picked":["hierophant:SealAway","hierophant:RepressedViolence","hierophant:BulkyChest"],"picked":"SKIP","floor":19.0},{"not_picked":["hierophant:RustyCrate","hierophant:Encroach+1","hierophant:Flagellation"],"picked":"SKIP","floor":21},{"not_picked":["hierophant:Rebuild","hierophant:FieryStrike+1","hierophant:HammerAndAnvil"],"picked":"SKIP","floor":24},{"not_picked":["hierophant:Empathy","hierophant:ThreeLashes"],"picked":"hierophant:PristineSoul","floor":30},{"not_picked":["hierophant:Exaltation","hierophant:Cornucopia"],"picked":"hierophant:PristineSoul","floor":31},{"not_picked":["hierophant:WrathOfGod","hierophant:AuricForm"],"picked":"hierophant:Anathema","floor":33},{"not_picked":["hierophant:Sermon","hierophant:Doubloon"],"picked":"hierophant:Community+1","floor":35},{"not_picked":["hierophant:Flagellation","hierophant:Martyrdom+1","hierophant:Charity"],"picked":"SKIP","floor":36},{"not_picked":["hierophant:Mercenaries+1","hierophant:Encroach","hierophant:AuricBeam+1"],"picked":"SKIP","floor":37},{"not_picked":["hierophant:Doubloon+1","hierophant:Encroach","hierophant:HolyVerse"],"picked":"SKIP","floor":38},{"not_picked":["hierophant:MorningPrayer+1","hierophant:Flagellation","hierophant:Rebuild+1"],"picked":"SKIP","floor":40}],"player_experience":340782,"relics_obtained":[{"floor":8.0,"key":"Lizard Tail"},{"floor":9.0,"key":"Toy Ornithopter"},{"floor":14.0,"key":"Bag of Preparation"},{"floor":24,"key":"Sundial"},{"floor":26,"key":"Bag of Marbles"},{"floor":40,"key":"Happy Flower"}],"event_choices":[{"damage_healed":0.0,"max_hp_gain":0.0,"max_hp_loss":0.0,"gold_gain":0.0,"event_name":"The Cleric","player_choice":"Leave","floor":4.0,"gold_loss":0.0,"damage_taken":0.0},{"damage_healed":0.0,"max_hp_gain":0.0,"max_hp_loss":0.0,"gold_gain":0.0,"event_name":"Shining Light","player_choice":"Entered Light","floor":6.0,"gold_loss":0.0,"damage_taken":15.0,"cards_upgraded":["hierophant:HammerAndAnvil","hierophant:Punish"]},{"damage_healed":0,"gold_gain":0,"cards_transformed":["hierophant:Strike_Hierophant","hierophant:Strike_Hierophant"],"player_choice":"Became Test Subject","damage_taken":0,"max_hp_gain":0,"max_hp_loss":0,"event_name":"Drug Dealer","floor":20,"gold_loss":0,"cards_obtained":["hierophant:PristineSoul","hierophant:Alms"]},{"cards_removed":["hierophant:Alms"],"damage_healed":0,"gold_gain":0,"player_choice":"Gave Gold","damage_taken":0,"max_hp_gain":0,"max_hp_loss":0,"event_name":"Beggar","floor":22,"gold_loss":75},{"damage_healed":0,"gold_gain":0,"player_choice":"Opened","damage_taken":0,"relics_obtained":["Runesmith:Nanobots"],"max_hp_gain":0,"max_hp_loss":0,"event_name":"The Mausoleum","floor":28,"gold_loss":0},{"damage_healed":0,"gold_gain":0,"player_choice":"Max HP","damage_taken":0,"max_hp_gain":0,"max_hp_loss":4,"event_name":"Winding Halls","floor":39,"gold_loss":0}],"is_beta":false,"boss_relics":[{"not_picked":["Astrolabe","Empty Cage"],"picked":"Snecko Eye"},{"not_picked":["Fusion Hammer","Runesmith:UraniumAnvil"],"picked":"Philosopher\u0027s Stone"}],"items_purged_floors":[],"is_endless":false,"potions_floor_spawned":[2,3,8,10,11,14,16,18,21,24,33,36,38,40],"killed_by":"Spire Growth","ascension_level":0}}