{"host":"9k1ekd5e3lrdz5qp","time":1611618622,"event":{"mods":["Act Like it!","Bard","BaseMod","Beaked The Cultist","Better Altar","Better Skull","Better Third Choice","BetterRewards","Conspire","Downfall","Elementarium","Hubris","Infinite Spire","Minty Spire (QoL Compilation)","Replay The Spire","StSLib"],"gold_per_floor":[118,118,72,72,66,66,91,106,133,146,160,184,207,242,242,242,242],"floor_reached":16,"language":"ENG","playtime":1053,"items_purged":["hubris:Sloth"],"score":205,"play_id":"919ff779-587b-4fec-b901-b01e4cebd449","local_time":"20210125165022","is_ascension_mode":true,"campfire_choices":[{"data":"Uppercut","floor":6.0,"key":"SMITH"},{"floor":15,"key":"REST"}],"circlet_count":0,"master_deck":["Strike_R","Strike_R","Strike_R","Strike_R","Defend_R","Defend_R","Defend_R","Defend_R","Bash","Evolve","Uppercut+1","Disarm","ReplayTheSpireMod:Stacked","Disarm"],"relics":["Burning Blood","Golden Idol","betterThird:SlimedRelic","ReplayTheSpireMod:CursedCoin","Replay:Mystery Machine","Juzu Bracelet","Ornamental Fan"],"acts_visited":["Exordium"],"potions_floor_usage":[10,14],"damage_taken":[{"damage":5.0,"enemies":"Small Slimes","floor":1.0,"turns":5.0},{"damage":6.0,"enemies":"2 Louse","floor":7.0,"turns":3.0},{"damage":8.0,"enemies":"conspire:RoseBush","floor":8.0,"turns":3.0},{"damage":7,"enemies":"conspire:2 RoseBushes","floor":10,"turns":8},{"damage":3,"enemies":"Exordium Wildlife","floor":11,"turns":6},{"damage":13,"enemies":"3 Louse","floor":13,"turns":7},{"damage":25,"enemies":"3 Sentries","floor":14,"turns":8},{"damage":62,"enemies":"Fading Forest","floor":16,"turns":9}],"seed_played":"8198329996492273132","potions_obtained":[{"floor":1.0,"key":"ElixirPotion"},{"floor":8.0,"key":"SpeedPotion"},{"floor":13,"key":"AttackPotion"}],"is_trial":false,"path_per_floor":["M","?","?","?","$","R","M","M","T","M","M","T","M","E","R","B"],"character_chosen":"IRONCLAD","items_purchased":["Evolve","ReplayTheSpireMod:CursedCoin","Uppercut"],"campfire_rested":1,"item_purchase_floors":[0,5,5],"current_hp_per_floor":[73,53,42,35,35,35,35,33,33,32,35,35,28,9,33,0,0],"gold":242,"neow_bonus":"","is_daily":false,"chose_seed":false,"campfire_upgraded":1,"win_rate":0.0,"timestamp":1611618622,"path_taken":["M","?","?","?","$","R","M","?","T","M","M","?","M","E","R","BOSS"],"items_purchased_type":["Card","Relic","Card"],"build_version":"2020-12-22","purchased_purges":1,"victory":false,"max_hp_per_floor":[80,80,80,80,80,80,80,80,80,80,80,80,80,80,80,80,80],"card_choices":[{"not_picked":["Heavy Blade","Havoc","Twin Strike"],"picked":"SKIP","floor":1.0},{"not_picked":["ReplayTheSpireMod:Corrosion Curse","Demon Form","Armaments"],"picked":"SKIP","floor":7.0},{"not_picked":["Thunderclap","Seeing Red","hubris:SharpeningStone"],"picked":"SKIP","floor":8.0},{"not_picked":["Sever Soul","Sword Boomerang","Wild Strike"],"picked":"SKIP","floor":10},{"not_picked":["True Grit","Cleave"],"picked":"Disarm","floor":11},{"not_picked":["Clash","Armaments"],"picked":"ReplayTheSpireMod:Stacked","floor":13},{"not_picked":["conspire:ExplosiveBarrier","Limit Break"],"picked":"Disarm","floor":14}],"player_experience":1278025,"relics_obtained":[{"floor":9.0,"key":"Replay:Mystery Machine"},{"floor":12,"key":"Juzu Bracelet"},{"floor":14,"key":"Ornamental Fan"}],"event_choices":[{"damage_healed":0.0,"max_hp_gain":0.0,"max_hp_loss":0.0,"gold_gain":0.0,"event_name":"Golden Idol","player_choice":"Take Damage","floor":2.0,"gold_loss":0.0,"damage_taken":20.0,"relics_obtained":["Golden Idol"]},{"damage_healed":0.0,"max_hp_gain":0.0,"max_hp_loss":0.0,"gold_gain":0.0,"event_name":"betterThird:BetterGoop","player_choice":"Slimed","floor":3.0,"gold_loss":46.0,"damage_taken":11.0},{"cards_removed":["Strike_R"],"damage_healed":0.0,"max_hp_gain":0.0,"max_hp_loss":0.0,"gold_gain":0.0,"event_name":"Golden Wing","player_choice":"Card Removal","floor":4.0,"gold_loss":0.0,"damage_taken":7.0}],"is_beta":false,"boss_relics":[],"items_purged_floors":[5],"is_endless":false,"potions_floor_spawned":[1,8,13],"killed_by":"Fading Forest","ascension_level":7}}