{"host":"6r341r9cz00j2qc1","time":1611541546,"event":{"mods":["BaseMod","Better Third Choice","GungeonMod","Hermit","Lobotomy","LobotomyExtend","Minty Spire (QoL Compilation)","Replay The Spire","Shop Mod","StSLib"],"gold_per_floor":[276,276,296,319,319,355,355,355,355,355,388,407,407,407,407,538,538,557,582,603,626,640,640,640,640,640,640,640,676,17,38,38,56,56,187,187,205,218,281,281,357,377,401,451,497,497,497,497,6,33,33,45],"floor_reached":53,"language":"ENG","playtime":3958,"items_purged":["Sickly","Normality"],"score":958,"play_id":"aeda2c63-c4c3-4656-a92a-8a724b90c976","local_time":"20210125032546","is_ascension_mode":false,"campfire_choices":[{"floor":7.0,"key":"REST"},{"data":"hermit:Manifest","floor":10.0,"key":"SMITH"},{"floor":13.0,"key":"REST"},{"data":"hermit:Misfire","floor":15.0,"key":"SMITH"},{"floor":23,"key":"REST"},{"floor":27,"key":"REST"},{"data":"hermit:Reprieve","floor":32,"key":"SMITH"},{"floor":34,"key":"DIG"},{"data":"hermit:Grudge","floor":47,"key":"SMITH"},{"data":"hermit:FatalDesire","floor":51,"key":"SMITH"}],"circlet_count":0,"master_deck":["LongBird","LongBird","Funeral","DespairKnight","Woodsman","QueenOfHatred","hermit:Strike_Hermit","hermit:Strike_Hermit+1","hermit:Strike_Hermit","hermit:Defend_Hermit","hermit:Defend_Hermit","hermit:Defend_Hermit","hermit:Defend_Hermit","hermit:Snapshot","hermit:Covet","hermit:HoleUp","Pain","PunishingBird","hermit:Manifest+1","Injury","hermit:Gambit","hermit:Manifest+1","hermit:Misfire+1","hermit:LowProfile","hermit:Gambit","Scorched","hermit:HighCaliber+1","Bloodbath","hermit:Coalescence+1","Rudolta","hermit:Reprieve+1","Doubt","hermit:Grudge+1","Voices","hermit:HoleUp","BlackArmy","hermit:Glare","Madness","hermit:GoldenBullet+1","hermit:PistolWhip+1","hermit:Maintenance","hermit:Manifest","hermit:ShadowCloak","hermit:LoneWolf+1","OSAHOGD","hermit:Misfire+1","Wellcheers","hermit:FatalDesire+1","CommonCold","Regret","hermit:LowProfile+1","hermit:CursedWeapon+1","Parasite","hermit:HighCaliber+1","hermit:WideOpen+1","hermit:Grudge","Overencumbered","Replay:Hysterical Blindness","ReplayTheSpireMod:IOU","Sickly","ReplayTheSpireMod:Splinters"],"relics":["hermit:Momento","CogitoBucket","LetterFromLob","WarpedTongs","Bag of Marbles","Golden Idol","Tiny Chest","DemoMod:PartiallyEatenCheese","Bronze Scales","InTheNameOfLoveAndHate_r","Logging_r","Cursed Key","SwordSharpenedByTears_r","BackwardClock","Replay:Rubber Ducky","DemoMod:WhiteGuonStone","Toy Ornithopter","MerchantsRug","BargainBundle","DemoMod:VorpalBullet","SolemnVow_r","SkinProphecy","DemoMod:JetPack","Orichalcum","The Courier","Lizard Tail","Justitia_r","Replay:Kaleidoscope","Nunchaku","Replay:Accelerometer","Ring of Greed","Replay:Bandana","Replay:Bottled Steam","Onion Ring","Whetstone","Replay:Wax Seal","Lantern","DemoMod:AgedBell"],"acts_visited":["Exordium","TheCity","TheBeyond"],"potions_floor_usage":[35,42,52,52],"damage_taken":[{"damage":0.0,"enemies":"Small Slimes","floor":1.0,"turns":3.0},{"damage":0.0,"enemies":"Cultist","floor":3.0,"turns":3.0},{"damage":18.0,"enemies":"Lagavulin","floor":6.0,"turns":4.0},{"damage":17.0,"enemies":"Gremlin Nob","floor":11.0,"turns":4.0},{"damage":24.0,"enemies":"Jaw Worm","floor":12.0,"turns":5.0},{"damage":15.0,"enemies":"Fading Forest","floor":16.0,"turns":11.0},{"damage":69,"enemies":"Shell Parasite","floor":18,"turns":9},{"damage":0,"enemies":"Chosen","floor":19,"turns":2},{"damage":21,"enemies":"Sentry and Sphere","floor":20,"turns":4},{"damage":25,"enemies":"Snecko","floor":22,"turns":4},{"damage":0,"enemies":"Slavers","floor":29,"turns":1},{"damage":2,"enemies":"Cultist and Chosen","floor":31,"turns":3},{"damage":24,"enemies":"Chosen and Byrds","floor":33,"turns":3},{"damage":28,"enemies":"Automaton","floor":35,"turns":8},{"damage":21,"enemies":"3 Darklings","floor":37,"turns":7},{"damage":8,"enemies":"Orb Walker","floor":38,"turns":3},{"damage":14,"enemies":"Mind Bloom Boss Battle","floor":39,"turns":5},{"damage":20,"enemies":"Spire Growth","floor":42,"turns":5},{"damage":12,"enemies":"Transient","floor":43,"turns":5},{"damage":8,"enemies":"Sphere and 2 Shapes","floor":50,"turns":3},{"damage":84,"enemies":"FixerMidnight","floor":52,"turns":7},{"damage":70,"enemies":"Malkuth","floor":53,"turns":7},{"damage":78,"enemies":"Netzach","floor":53,"turns":6}],"seed_played":"242917626686126787","potions_obtained":[{"floor":11.0,"key":"SpeedPotion"},{"floor":12.0,"key":"Strength Potion"},{"floor":20,"key":"FearPotion"},{"floor":22,"key":"LifebloodPotion"},{"floor":35,"key":"PowerPotion"},{"floor":39,"key":"FairyPotion"},{"floor":42,"key":"AttackPotion"}],"is_trial":false,"path_per_floor":["M","?","M","T","?","E","R","?","T","R","E","M","R","?","R","B",null,"M","M","M","T","M","R","?","PTL","PTL","R","T","E","$","M","R","M","R","B",null,"M","M","?","T","?","M","M","?","T","T","R","?","$","M","R","B",null],"character_chosen":"HERMIT","items_purchased":["MerchantsRug","BargainBundle","Madness","hermit:GoldenBullet+1","hermit:PistolWhip","hermit:Maintenance","hermit:Manifest","hermit:ShadowCloak","DemoMod:VorpalBullet","Onion Ring","Whetstone","Replay:Wax Seal","Lantern","DemoMod:AgedBell"],"campfire_rested":4,"item_purchase_floors":[30,30,30,30,30,30,30,30,30,49,49,49,49,49],"current_hp_per_floor":[75,75,75,75,75,59,75,75,75,75,62,54,75,75,75,70,75,28,34,27,27,31,53,53,53,53,75,75,75,75,75,75,68,68,69,79,81,76,76,76,76,83,91,91,91,91,91,91,91,93,93,51],"gold":79,"neow_bonus":"","is_daily":false,"chose_seed":false,"campfire_upgraded":5,"win_rate":0.0,"timestamp":1611541546,"path_taken":["M","?","?","?","?","E","R","?","T","R","E","M","R","?","R","BOSS","M","M","?","?","M","R","?","PTL","PTL","R","T","E","$","M","R","?","R","BOSS","M","M","?","?","?","?","M","?","T","?","R","?","$","M","R","BOSS"],"items_purchased_type":["Relic","Relic","Card","Card","Card","Card","Card","Card","Relic","Relic","Relic","Relic","Card","Relic"],"build_version":"2020-12-22","purchased_purges":2,"victory":true,"max_hp_per_floor":[75,75,75,75,75,75,75,75,75,75,75,75,75,75,75,75,75,75,75,75,75,75,75,75,75,75,75,75,75,75,75,75,77,77,79,79,81,83,85,85,85,89,91,91,91,91,91,91,91,93,93,95],"card_choices":[{"not_picked":["BeautyBeast","CherryBlossoms"],"picked":"QueenOfHatred","floor":1.0},{"not_picked":["hermit:LowProfile","hermit:Showdown"],"picked":"hermit:HoleUp","floor":1.0},{"not_picked":["FairyFestival","MHz"],"picked":"PunishingBird","floor":3.0},{"not_picked":["hermit:Dive","hermit:DeadMansHand"],"picked":"hermit:Manifest","floor":3.0},{"not_picked":["Bloodbath","HappyTeddy"],"picked":"LongBird","floor":6.0},{"not_picked":["hermit:Feint","hermit:SprayPray"],"picked":"hermit:Gambit","floor":6.0},{"not_picked":["HeroicMonk","FieryBird"],"picked":"Woodsman","floor":11.0},{"not_picked":["hermit:Gestalt","hermit:FlashPowder"],"picked":"hermit:Misfire","floor":11.0},{"not_picked":["WallGazer","BeautyBeast","Funeral"],"picked":"Singing Bowl","floor":12.0},{"not_picked":["hermit:Quickdraw","hermit:Combo"],"picked":"hermit:LowProfile","floor":12.0},{"not_picked":["MHz","QueenBee"],"picked":"DespairKnight","floor":16.0},{"not_picked":["hermit:Purgatory","hermit:EternalForm"],"picked":"hermit:Gambit","floor":16.0},{"not_picked":["UniverseFragment","Funeral"],"picked":"Scorched","floor":18},{"not_picked":["hermit:Headshot","hermit:ShadowCloak"],"picked":"hermit:HighCaliber+1","floor":18},{"not_picked":["Porccubus","LaLuna"],"picked":"Bloodbath","floor":19},{"not_picked":["hermit:BigShot","hermit:BodyArmor"],"picked":"hermit:Coalescence+1","floor":19},{"not_picked":["MeltingLove","WallGazer","Porccubus"],"picked":"Singing Bowl","floor":20},{"not_picked":["Murderer","OldLady"],"picked":"Rudolta","floor":20},{"not_picked":["hermit:Ricochet+1","hermit:PistolWhip"],"picked":"hermit:Reprieve","floor":20},{"not_picked":["SingingMachine","QueenBee","SpiderBud"],"picked":"Singing Bowl","floor":22},{"not_picked":["GreedKing","WhiteNight"],"picked":"Funeral","floor":22},{"not_picked":["hermit:Ricochet","hermit:Vantage"],"picked":"hermit:Grudge","floor":22},{"not_picked":["Murderer","WhitesApple","FieryBird"],"picked":"Singing Bowl","floor":29},{"not_picked":["SingingMachine","Yin"],"picked":"BlackArmy","floor":29},{"not_picked":["hermit:Magnum","hermit:OverwhelmingPower"],"picked":"hermit:Glare","floor":29},{"not_picked":["LittleHelper","WallGazer","CrumblingArmor"],"picked":"Singing Bowl","floor":31},{"not_picked":["hermit:SprayPray","hermit:TakeAim"],"picked":"hermit:LoneWolf+1","floor":31},{"not_picked":["QueenBee","Variant","HappyTeddy"],"picked":"Singing Bowl","floor":33},{"not_picked":["Alriune","BigBadWolf"],"picked":"OSAHOGD","floor":33},{"not_picked":["hermit:Gestalt+1","hermit:Virtue"],"picked":"hermit:Misfire+1","floor":33},{"not_picked":["LittleHelper","MeltingLove"],"picked":"Wellcheers","floor":35},{"not_picked":["hermit:FinalCanter","hermit:Roughhouse"],"picked":"hermit:FatalDesire","floor":35},{"not_picked":["Clumsy","Writhe"],"picked":"CommonCold","floor":36},{"not_picked":["Doubt","Parasite"],"picked":"CommonCold","floor":36},{"not_picked":["Amnesia","ReplayTheSpireMod:Splinters"],"picked":"Regret","floor":36},{"not_picked":["BlackSwan","BodiesMountain","WallGazer"],"picked":"Singing Bowl","floor":37},{"not_picked":["hermit:Deadeye+1","hermit:Snipe+1"],"picked":"hermit:LowProfile+1","floor":37},{"not_picked":["BlackSwan","NakedNest","Yin"],"picked":"Singing Bowl","floor":38},{"not_picked":["hermit:ItchyTrigger+1","hermit:TrackingShot+1","hermit:HighCaliber"],"picked":"SKIP","floor":38},{"not_picked":["Mercenary","NakedNest","DreamingCurrent"],"picked":"Singing Bowl","floor":39},{"not_picked":["hermit:Ricochet+1","hermit:TrackingShot"],"picked":"hermit:CursedWeapon+1","floor":39},{"not_picked":["hermit:PistolWhip+1","hermit:GhostlyPresence"],"picked":"hermit:HighCaliber+1","floor":41},{"not_picked":["hermit:SprayPray","hermit:Headshot+1"],"picked":"hermit:WideOpen+1","floor":41},{"not_picked":["BigBadWolf","FieryBird","SilentOrchestra"],"picked":"Singing Bowl","floor":42},{"not_picked":["hermit:OverwhelmingPower","hermit:ItchyTrigger"],"picked":"hermit:Grudge","floor":42},{"not_picked":["WallGazer","GalaxyChild","Freischutz"],"picked":"Singing Bowl","floor":43},{"not_picked":["hermit:Dive","hermit:Headshot+1","hermit:Ricochet"],"picked":"SKIP","floor":43},{"not_picked":["SnowQueen","Porccubus","DreamingCurrent"],"picked":"Singing Bowl","floor":50},{"not_picked":["hermit:Enervate+1","hermit:Snipe+1","hermit:Dive"],"picked":"SKIP","floor":50}],"player_experience":458741,"relics_obtained":[{"floor":1.0,"key":"LetterFromLob"},{"floor":4.0,"key":"Bag of Marbles"},{"floor":6.0,"key":"Tiny Chest"},{"floor":9.0,"key":"DemoMod:PartiallyEatenCheese"},{"floor":11.0,"key":"Bronze Scales"},{"floor":21,"key":"Replay:Rubber Ducky"},{"floor":28,"key":"DemoMod:WhiteGuonStone"},{"floor":29,"key":"Toy Ornithopter"},{"floor":34,"key":"DemoMod:JetPack"},{"floor":39,"key":"Replay:Kaleidoscope"},{"floor":40,"key":"Nunchaku"},{"floor":41,"key":"Replay:Accelerometer"},{"floor":44,"key":"Ring of Greed"},{"floor":44,"key":"Replay:Bandana"},{"floor":44,"key":"Smiling Mask"},{"floor":45,"key":"Replay:Baseball"},{"floor":46,"key":"Replay:Bottled Steam"}],"event_choices":[{"damage_healed":0.0,"max_hp_gain":0.0,"max_hp_loss":0.0,"gold_gain":0.0,"event_name":"Accursed Blacksmith","player_choice":"Rummage","floor":2.0,"gold_loss":0.0,"damage_taken":0.0,"relics_obtained":["WarpedTongs"],"cards_obtained":["Pain"]},{"damage_healed":0.0,"max_hp_gain":0.0,"max_hp_loss":0.0,"gold_gain":0.0,"event_name":"Golden Idol","player_choice":"Take Wound","floor":5.0,"gold_loss":0.0,"damage_taken":0.0,"relics_obtained":["Golden Idol"],"cards_obtained":["Injury"]},{"damage_healed":0.0,"max_hp_gain":0.0,"max_hp_loss":0.0,"gold_gain":0.0,"cards_transformed":["hermit:Strike_Hermit"],"event_name":"Living Wall","player_choice":"Change","floor":8.0,"gold_loss":0.0,"damage_taken":0.0,"cards_obtained":["hermit:Manifest"]},{"damage_healed":0.0,"max_hp_gain":0.0,"max_hp_loss":0.0,"gold_gain":0.0,"event_name":"Upgrade Shrine","player_choice":"Upgraded","floor":14.0,"gold_loss":0.0,"damage_taken":0.0,"cards_upgraded":["hermit:Manifest"]},{"damage_healed":0,"gold_gain":0,"player_choice":"2 cards matched","damage_taken":0,"max_hp_gain":0,"max_hp_loss":0,"event_name":"Match and Keep!","floor":24,"gold_loss":0,"cards_obtained":["Voices","hermit:HoleUp"]},{"damage_healed":0,"gold_gain":0,"player_choice":"Fight","damage_taken":0,"max_hp_gain":0,"max_hp_loss":0,"event_name":"MindBloom","floor":39,"gold_loss":0},{"damage_healed":0,"gold_gain":0,"player_choice":"Bought 0 Potions","damage_taken":0,"max_hp_gain":0,"max_hp_loss":0,"event_name":"The Woman in Blue","floor":48,"gold_loss":0}],"is_beta":false,"boss_relics":[{"not_picked":["Black Star","hermit:BartenderGlass"],"picked":"Cursed Key"},{"not_picked":["Philosopher\u0027s Stone","Snecko Eye"],"picked":"Replay:Ancient Bell"},{"not_picked":["DemoMod:Metronome","ReplayFunnel"],"picked":"Orichalcum"},{"not_picked":["Quantum Egg","Shuriken"],"picked":"The Courier"},{"not_picked":["Pondfish Scales","TungstenRod"],"picked":"Lizard Tail"}],"items_purged_floors":[30,49],"is_endless":false,"potions_floor_spawned":[11,12,20,22,31,35,37,39,42,50],"ascension_level":0}}