{"host":"mp3zbolja7t2zuvr","time":1611569467,"event":{"mods":["AchievementEnabler","BaseMod","Curses Come First","Minty Spire (QoL Compilation)","Permanent Neow","Relic Stats","StSLib","Synergy Search","The Problem Sleuth","Uncapped"],"gold_per_floor":[115,126,140,72,147,147,179,179,179,210,210,224,242,252,252,355,355,373,390,403,418,429,429,429,429,429],"floor_reached":24,"language":"ENG","playtime":2068,"items_purged":[],"score":212,"play_id":"1fb9df08-84ed-4523-b1ab-3a94e7a96bae","local_time":"20210125051107","is_ascension_mode":false,"campfire_choices":[{"data":"theSleuth:Parry","floor":6,"key":"SMITH"},{"data":"theSleuth:Diplomacy","floor":8,"key":"SMITH"},{"data":"theSleuth:Ogle","floor":11,"key":"SMITH"},{"data":"theSleuth:HeroBust","floor":15,"key":"SMITH"},{"data":"theSleuth:CandyCorn","floor":23,"key":"SMITH"}],"circlet_count":0,"master_deck":["theSleuth:Strike","theSleuth:Strike","theSleuth:Strike","theSleuth:Strike","theSleuth:Defend","theSleuth:Defend","theSleuth:Defend","theSleuth:KeyHandgun","theSleuth:TakeInventory","theSleuth:Diplomacy+1","theSleuth:PezUzi","theSleuth:CharismaBlast","theSleuth:TruffleShuffle","theSleuth:Ogle+1","theSleuth:Parry+1","theSleuth:FlaskOfWhiskey","theSleuth:HeroBust+1","theSleuth:CharismaBlast+1","theSleuth:TootsieRollFrankenstein","theSleuth:FairShake+1","theSleuth:Pepperminthryl+1","theSleuth:CandyCorn+1"],"relics":["theSleuth:Typewriter","Mummified Hand","Molten Egg 2","Smiling Mask","Sozu"],"acts_visited":["Exordium","TheCity"],"potions_floor_usage":[16],"damage_taken":[{"damage":0,"enemies":"Small Slimes","floor":1,"turns":3},{"damage":0,"enemies":"Cultist","floor":2,"turns":4},{"damage":0,"enemies":"2 Louse","floor":3,"turns":4},{"damage":19,"enemies":"Lagavulin","floor":7,"turns":8},{"damage":5,"enemies":"3 Sentries","floor":10,"turns":11},{"damage":7,"enemies":"2 Fungi Beasts","floor":12,"turns":3},{"damage":0,"enemies":"Looter","floor":13,"turns":3},{"damage":0,"enemies":"Exordium Wildlife","floor":14,"turns":5},{"damage":12,"enemies":"The Guardian","floor":16,"turns":13},{"damage":5,"enemies":"Chosen","floor":18,"turns":4},{"damage":13,"enemies":"2 Thieves","floor":19,"turns":4},{"damage":9,"enemies":"Centurion and Healer","floor":20,"turns":9},{"damage":4,"enemies":"Snake Plant","floor":21,"turns":5},{"damage":7,"enemies":"Cultist and Chosen","floor":22,"turns":6},{"damage":29,"enemies":"Slavers","floor":24,"turns":3}],"seed_played":"8289505187433808090","potions_obtained":[{"floor":7,"key":"SmokeBomb"},{"floor":10,"key":"CultistPotion"},{"floor":12,"key":"SteroidPotion"},{"floor":13,"key":"Energy Potion"}],"is_trial":false,"path_per_floor":["M","M","M","$","?","R","E","R","T","E","R","M","M","M","R","B",null,"M","M","M","M","M","R","E"],"character_chosen":"THE_sleuth","items_purchased":["theSleuth:Parry"],"campfire_rested":0,"item_purchase_floors":[4],"current_hp_per_floor":[73,73,73,73,62,62,43,43,43,38,38,31,31,31,31,19,73,68,55,46,42,35,35,6,6,6],"gold":429,"neow_bonus":"THREE_CARDS","is_daily":false,"chose_seed":false,"campfire_upgraded":5,"win_rate":0.0,"timestamp":1611569467,"path_taken":["M","M","M","$","?","R","E","R","T","E","R","M","M","M","R","BOSS","M","M","M","M","M","R","E"],"items_purchased_type":["Card"],"build_version":"2020-12-22","purchased_purges":0,"victory":false,"max_hp_per_floor":[73,73,73,73,73,73,73,73,73,73,73,73,73,73,73,73,73,73,73,73,73,73,73,73,73,73],"relic_stats":{"Sozu":2,"counters":[15,85],"Mummified Hand":[14],"Smiling Mask":0,"obtain_stats":[{"Sozu":17,"Mummified Hand":7,"Molten Egg 2":9,"theSleuth:Typewriter":0,"Smiling Mask":10},{"Sozu":9,"Mummified Hand":4,"Molten Egg 2":4,"theSleuth:Typewriter":0,"Smiling Mask":5},{"Sozu":54,"Mummified Hand":19,"Molten Egg 2":19,"theSleuth:Typewriter":0,"Smiling Mask":30}]},"card_choices":[{"not_picked":["theSleuth:VictoryPose","theSleuth:WilsonBust"],"picked":"theSleuth:PezUzi","floor":0},{"not_picked":["theSleuth:Ogle","theSleuth:CandyCorn"],"picked":"theSleuth:CharismaBlast","floor":1},{"not_picked":["theSleuth:PezUzi","theSleuth:Pepperminthryl"],"picked":"theSleuth:TruffleShuffle","floor":2},{"not_picked":["theSleuth:UnDeEscalate","theSleuth:BenStillerBust"],"picked":"theSleuth:Ogle","floor":3},{"not_picked":["theSleuth:Unscale","theSleuth:FudgeDeck"],"picked":"theSleuth:FlaskOfWhiskey","floor":7},{"not_picked":["theSleuth:FlaskOfWhiskey","theSleuth:Frijolaegis"],"picked":"theSleuth:HeroBust","floor":10},{"not_picked":["theSleuth:BellyOTheWhale+1","theSleuth:Ogle+1","theSleuth:WilsonBust"],"picked":"SKIP","floor":12},{"not_picked":["theSleuth:FoolPlate","theSleuth:ThrowHat"],"picked":"theSleuth:CharismaBlast+1","floor":13},{"not_picked":["theSleuth:Taze+1","theSleuth:FlaskOfWhiskey","theSleuth:Ignore"],"picked":"SKIP","floor":14},{"not_picked":["theSleuth:HitTheMattresses+1","theSleuth:Diabeatdown+1"],"picked":"theSleuth:TootsieRollFrankenstein","floor":16},{"not_picked":["theSleuth:Tootshotgun+1","theSleuth:Deprogram+1"],"picked":"theSleuth:FairShake+1","floor":18},{"not_picked":["theSleuth:Treaty","theSleuth:ThinkAhead"],"picked":"theSleuth:Pepperminthryl+1","floor":19},{"not_picked":["theSleuth:FlaskOfWhiskey","theSleuth:Joust+1","theSleuth:Ignore"],"picked":"SKIP","floor":20},{"not_picked":["theSleuth:PezUzi+1","theSleuth:CharismaBlast+1","theSleuth:ThinkAhead"],"picked":"SKIP","floor":21},{"not_picked":["theSleuth:Taze+1","theSleuth:HeartStab+1"],"picked":"theSleuth:CandyCorn","floor":22}],"player_experience":121483,"relics_obtained":[{"floor":7,"key":"Mummified Hand"},{"floor":9,"key":"Molten Egg 2"},{"floor":10,"key":"Smiling Mask"}],"event_choices":[{"damage_healed":0,"gold_gain":75,"player_choice":"Gather Gold","damage_taken":11,"max_hp_gain":0,"max_hp_loss":0,"event_name":"World of Goop","floor":5,"gold_loss":0}],"is_beta":false,"boss_relics":[{"not_picked":["Runic Pyramid","Pandora\u0027s Box"],"picked":"Sozu"}],"items_purged_floors":[],"is_endless":false,"potions_floor_spawned":[7,10,12,13,18,19],"killed_by":"Slavers","ascension_level":0}}