{"host":"vyjryxuuuxkt43k4","time":1611566889,"event":{"mods":["AchievementEnabler","BaseMod","Colored Map","DeckTracker","Keyboard Shortcuts","Minty Spire (QoL Compilation)","Permanent Neow","Quick Restart","Rare Cards Sparkle","StSLib","SuperFastMode","everything is the same but u backflip on backflip"],"gold_per_floor":[361,21,35,35,51,51,67,95,144,175,250,275,21,43,43,118,118,138,156,156,174,174,174,191,191,215,234,259,259,259],"floor_reached":29,"language":"KOR","playtime":2738,"items_purged":[],"score":576,"play_id":"bf4925ef-ef9a-485a-bb62-475b7135be7c","local_time":"20210125182809","is_ascension_mode":true,"campfire_choices":[{"data":"Twin Strike","floor":6.0,"key":"SMITH"},{"floor":15.0,"key":"REST"},{"data":"Perfected Strike","floor":23.0,"key":"SMITH"},{"floor":25.0,"key":"REST"}],"circlet_count":0,"master_deck":["AscendersBane","Strike_R","Strike_R","Strike_R","Strike_R","Strike_R","Defend_R","Defend_R","Defend_R","Defend_R+1","Bash","Uppercut+1","Twin Strike+1","Feel No Pain","Wild Strike","Ghostly Armor","Disarm","Fiend Fire","Trip","Twin Strike","Evolve","Feed","Pommel Strike","Perfected Strike+1","Pommel Strike","Thunderclap","Intimidate+1","Decay","Double Tap"],"relics":["Burning Blood","StrikeDummy","Question Card","Art of War","Dream Catcher","Champion Belt","Odd Mushroom","Cursed Key","Matryoshka"],"acts_visited":["Exordium","TheCity"],"potions_floor_usage":[29],"damage_taken":[{"damage":14.0,"enemies":"Jaw Worm","floor":1.0,"turns":5.0},{"damage":3.0,"enemies":"Small Slimes","floor":3.0,"turns":2.0},{"damage":5.0,"enemies":"2 Louse","floor":5.0,"turns":3.0},{"damage":15.0,"enemies":"Lots of Slimes","floor":7.0,"turns":4.0},{"damage":6.0,"enemies":"Lagavulin","floor":8.0,"turns":4.0},{"damage":27.0,"enemies":"3 Sentries","floor":10.0,"turns":8.0},{"damage":0.0,"enemies":"Gremlin Nob","floor":12.0,"turns":3.0},{"damage":16.0,"enemies":"The Mushroom Lair","floor":14.0,"turns":4.0},{"damage":23.0,"enemies":"Hexaghost","floor":16.0,"turns":10.0},{"damage":17.0,"enemies":"3 Byrds","floor":18.0,"turns":6.0},{"damage":13.0,"enemies":"Chosen","floor":19.0,"turns":4.0},{"damage":0.0,"enemies":"3 Cultists","floor":21.0,"turns":4.0},{"damage":21.0,"enemies":"Snecko","floor":24.0,"turns":4.0},{"damage":14.0,"enemies":"Chosen and Byrds","floor":27.0,"turns":4.0},{"damage":39.0,"enemies":"Slavers","floor":28.0,"turns":6.0},{"damage":21,"enemies":"Shelled Parasite and Fungi","floor":29,"turns":1}],"seed_played":"-4677810771905236493","potions_obtained":[{"floor":1.0,"key":"SpeedPotion"},{"floor":3.0,"key":"EssenceOfSteel"},{"floor":5.0,"key":"BloodPotion"},{"floor":12.0,"key":"SneckoOil"},{"floor":19.0,"key":"Energy Potion"},{"floor":24.0,"key":"Block Potion"},{"floor":28.0,"key":"Energy Potion"}],"is_trial":false,"path_per_floor":["M","$","M","?","M","R","M","E","T","E","?","E","$","?","R","B",null,"M","M","?","M","?","R","M","R","T","M","E","M"],"character_chosen":"IRONCLAD","items_purchased":["StrikeDummy","Twin Strike","Regen Potion","Fiend Fire","Trip"],"campfire_rested":2,"item_purchase_floors":[2,2,13,13,13],"current_hp_per_floor":[42,42,45,22,38,38,29,29,29,8,8,14,14,16,38,21,62,51,44,44,50,50,50,35,57,57,49,16,0,0],"gold":259,"neow_bonus":"TWO_FIFTY_GOLD","is_daily":false,"chose_seed":false,"campfire_upgraded":2,"win_rate":0.0,"timestamp":1611566889,"path_taken":["M","$","M","?","M","R","M","E","T","E","?","E","$","?","R","BOSS","M","M","?","M","?","R","M","R","T","M","E","?"],"items_purchased_type":["Relic","Card","Potion","Card","Card"],"build_version":"2020-12-22","purchased_purges":0,"victory":false,"max_hp_per_floor":[75,75,75,75,75,75,75,75,75,75,75,75,75,75,75,75,75,75,75,75,75,75,75,75,75,75,75,75,75,75],"card_choices":[{"not_picked":["Dropkick","Twin Strike"],"picked":"Uppercut","floor":1.0},{"not_picked":["Body Slam","Thunderclap","Sword Boomerang"],"picked":"SKIP","floor":3.0},{"not_picked":["Body Slam","Thunderclap","Sword Boomerang"],"picked":"SKIP","floor":3.0},{"not_picked":["Armaments","Cleave"],"picked":"Feel No Pain","floor":5.0},{"not_picked":["Dual Wield","Warcry"],"picked":"Wild Strike","floor":7.0},{"not_picked":["Iron Wave","Havoc"],"picked":"Bludgeon","floor":8.0},{"not_picked":["Clash","Armaments","Shockwave"],"picked":"Ghostly Armor","floor":10.0},{"not_picked":["Sentinel","Carnage","Whirlwind"],"picked":"Disarm","floor":12.0},{"not_picked":["Armaments","Pummel","Havoc"],"picked":"Twin Strike","floor":14.0},{"not_picked":["Clothesline","Reckless Charge","Heavy Blade"],"picked":"Evolve","floor":15.0},{"not_picked":["Bludgeon","Fiend Fire","Barricade"],"picked":"Feed","floor":16.0},{"not_picked":["Heavy Blade","Armaments","Havoc"],"picked":"Pommel Strike","floor":18.0},{"not_picked":["Twin Strike+1","True Grit","Carnage"],"picked":"Perfected Strike","floor":19.0},{"not_picked":["Thunderclap","Flex+1","Warcry"],"picked":"Pommel Strike","floor":21.0},{"not_picked":["Sever Soul","True Grit","Disarm+1"],"picked":"Thunderclap","floor":24.0},{"not_picked":["Wild Strike","Reckless Charge","Heavy Blade"],"picked":"Intimidate+1","floor":25.0},{"not_picked":["Carnage","Intimidate","Wild Strike+1"],"picked":"Double Tap","floor":27.0},{"not_picked":["Flex","Evolve","Burning Pact","Sword Boomerang+1"],"picked":"SKIP","floor":28.0}],"player_experience":326811,"relics_obtained":[{"floor":8.0,"key":"Question Card"},{"floor":9.0,"key":"Art of War"},{"floor":10.0,"key":"Dream Catcher"},{"floor":12.0,"key":"Champion Belt"},{"floor":14.0,"key":"Odd Mushroom"},{"floor":28.0,"key":"Matryoshka"}],"event_choices":[{"damage_healed":0.0,"max_hp_gain":0.0,"max_hp_loss":0.0,"gold_gain":0.0,"event_name":"Shining Light","player_choice":"Entered Light","floor":4.0,"gold_loss":0.0,"damage_taken":23.0,"cards_upgraded":["Defend_R","Uppercut"]},{"damage_healed":0.0,"max_hp_gain":0.0,"max_hp_loss":0.0,"gold_gain":75.0,"event_name":"Golden Wing","player_choice":"Gained Gold","floor":11.0,"gold_loss":0.0,"damage_taken":0.0},{"damage_healed":0.0,"max_hp_gain":0.0,"max_hp_loss":0.0,"gold_gain":0.0,"event_name":"Mushrooms","player_choice":"Fought Mushrooms","floor":14.0,"gold_loss":0.0,"damage_taken":0.0},{"damage_healed":0.0,"max_hp_gain":0.0,"max_hp_loss":0.0,"gold_gain":0.0,"event_name":"Vampires","player_choice":"Ignored","floor":20.0,"gold_loss":0.0,"damage_taken":0.0},{"cards_removed":["Bludgeon"],"damage_healed":0.0,"max_hp_gain":0.0,"max_hp_loss":0.0,"gold_gain":0.0,"event_name":"Purifier","player_choice":"Purged","floor":22.0,"gold_loss":0.0,"damage_taken":0.0}],"is_beta":false,"boss_relics":[{"not_picked":["Black Blood","Philosopher\u0027s Stone"],"picked":"Cursed Key"}],"items_purged_floors":[],"is_endless":false,"potions_floor_spawned":[1,3,5,12,19,24,28],"killed_by":"Shelled Parasite and Fungi","ascension_level":20}}