{"host":"gobyjzz6xbwq9f9i","time":1611548541,"event":{"mods":["AchievementEnabler","BaseMod","Bestiary","Colored Map","Minty Spire (QoL Compilation)"],"gold_per_floor":[367,387,33,33,50,77,77,106,106,121,121,139,154,180,180,285,285,300,313,313,327,72,104,114,134,158,191,211,227,237,266,266,365,365,380,396,68,88,102,137,147,182,182,201,232,232,0,50,50,50],"floor_reached":51,"language":"ENG","playtime":2759,"items_purged":["Strike_R","Strike_R","Strike_R"],"score":1538,"play_id":"256d88a0-8520-4f7f-97df-1b92f92977da","local_time":"20210124202221","is_ascension_mode":true,"campfire_choices":[{"data":"Wild Strike","floor":7.0,"key":"SMITH"},{"data":"Flame Barrier","floor":15.0,"key":"SMITH"},{"data":"Body Slam","floor":32,"key":"SMITH"},{"data":"Body Slam","floor":46,"key":"SMITH"},{"data":"Shrug It Off","floor":49,"key":"SMITH"}],"circlet_count":0,"master_deck":["AscendersBane","Strike_R","Strike_R","Defend_R","Defend_R","Defend_R","Defend_R","Bash","Wild Strike+1","Pummel","Flame Barrier+1","Wild Strike+1","Pummel","Impervious","Feel No Pain+1","Evolve+1","Barricade+1","Metallicize+1","Shrug It Off+1","Shrug It Off+1","Body Slam+1","Armaments+1","Bloodletting","Body Slam+1","Offering","Metallicize+1","Shrug It Off+1","Shrug It Off+1","Double Tap+1","Headbutt+1","True Grit+1","Battle Trance+1"],"relics":["Burning Blood","PreservedInsect","Nunchaku","Pocketwatch","Frozen Egg 2","Mercury Hourglass","Sozu","Happy Flower","Bag of Preparation","Akabeko","Smiling Mask","Prayer Wheel","Coffee Dripper","Membership Card","Toxic Egg 2","Dream Catcher","Thread and Needle","Vajra","Letter Opener","Red Mask","StoneCalendar"],"acts_visited":["Exordium","TheCity","TheBeyond"],"potions_floor_usage":[23],"damage_taken":[{"damage":7.0,"enemies":"Jaw Worm","floor":1.0,"turns":5.0},{"damage":10.0,"enemies":"Small Slimes","floor":2.0,"turns":4.0},{"damage":1.0,"enemies":"2 Louse","floor":5.0,"turns":2.0},{"damage":8.0,"enemies":"Gremlin Nob","floor":6.0,"turns":3.0},{"damage":30.0,"enemies":"Lagavulin","floor":8.0,"turns":6.0},{"damage":6.0,"enemies":"Exordium Thugs","floor":10.0,"turns":3.0},{"damage":10.0,"enemies":"Lots of Slimes","floor":12.0,"turns":3.0},{"damage":2.0,"enemies":"3 Louse","floor":13.0,"turns":4.0},{"damage":0.0,"enemies":"Gremlin Nob","floor":14.0,"turns":2.0},{"damage":36.0,"enemies":"Hexaghost","floor":16.0,"turns":9.0},{"damage":0.0,"enemies":"3 Byrds","floor":18.0,"turns":3.0},{"damage":2.0,"enemies":"2 Thieves","floor":19.0,"turns":4.0},{"damage":0.0,"enemies":"Centurion and Healer","floor":21.0,"turns":6.0},{"damage":35,"enemies":"Book of Stabbing","floor":23,"turns":5},{"damage":11,"enemies":"3 Cultists","floor":24,"turns":6},{"damage":0,"enemies":"Snake Plant","floor":25,"turns":4},{"damage":0,"enemies":"Gremlin Leader","floor":27,"turns":7},{"damage":0,"enemies":"Sentry and Sphere","floor":28,"turns":5},{"damage":0,"enemies":"Centurion and Healer","floor":29,"turns":6},{"damage":9,"enemies":"Snecko","floor":30,"turns":5},{"damage":3,"enemies":"Book of Stabbing","floor":31,"turns":3},{"damage":19,"enemies":"Champ","floor":33,"turns":10},{"damage":0,"enemies":"3 Shapes","floor":35,"turns":3},{"damage":0,"enemies":"Orb Walker","floor":36,"turns":2},{"damage":15,"enemies":"Jaw Worm Horde","floor":38,"turns":4},{"damage":0,"enemies":"3 Darklings","floor":39,"turns":6},{"damage":6,"enemies":"Nemesis","floor":40,"turns":3},{"damage":7,"enemies":"Sphere and 2 Shapes","floor":41,"turns":6},{"damage":6,"enemies":"Giant Head","floor":42,"turns":8},{"damage":0,"enemies":"Jaw Worm Horde","floor":44,"turns":4},{"damage":15,"enemies":"Reptomancer","floor":45,"turns":3},{"damage":0,"enemies":"Mind Bloom Boss Battle","floor":48,"turns":6},{"damage":9,"enemies":"Time Eater","floor":50,"turns":9}],"seed_played":"3835168757362993253","potions_obtained":[{"floor":1.0,"key":"Fire Potion"},{"floor":12.0,"key":"BloodPotion"},{"floor":13.0,"key":"Explosive Potion"},{"floor":14.0,"key":"FearPotion"}],"is_trial":false,"path_per_floor":["M","M","$","?","M","E","R","E","T","M","?","M","M","E","R","B",null,"M","M","?","M","$","E","M","M","T","E","M","M","M","E","R","B",null,"M","M","$","M","M","E","M","E","T","M","E","R","?","?","R","B",null],"character_chosen":"IRONCLAD","items_purchased":["PreservedInsect","Flame Barrier","SteroidPotion","SteroidPotion","Happy Flower","Membership Card","Toxic Egg 2"],"campfire_rested":0,"item_purchase_floors":[3,3,3,3,22,37,37],"current_hp_per_floor":[71,67,67,72,77,75,75,51,51,51,51,47,51,57,57,27,65,71,75,75,77,77,48,43,49,49,55,61,67,64,67,67,54,71,77,77,77,68,74,74,73,73,73,77,68,68,68,74,74,71],"gold":50,"neow_bonus":"TWO_FIFTY_GOLD","is_daily":false,"chose_seed":false,"campfire_upgraded":5,"win_rate":0.0,"timestamp":1611548541,"path_taken":["M","M","$","?","M","E","R","E","T","M","?","M","M","E","R","BOSS","M","M","?","M","?","E","M","?","T","E","M","?","M","E","R","BOSS","M","?","$","M","M","E","M","E","T","M","E","R","?","?","R","BOSS"],"items_purchased_type":["Relic","Card","Potion","Potion","Relic","Relic","Relic"],"build_version":"2020-12-22","purchased_purges":3,"victory":true,"max_hp_per_floor":[72,72,72,77,77,77,77,77,77,77,77,77,77,77,77,77,77,77,77,77,77,77,77,77,77,77,77,77,77,77,77,77,77,77,77,77,77,77,77,77,77,77,77,77,77,77,77,77,77,77],"card_choices":[{"not_picked":["Uppercut","Burning Pact"],"picked":"Wild Strike","floor":1.0},{"not_picked":["Searing Blow","Armaments"],"picked":"Pummel","floor":2.0},{"not_picked":["Blood for Blood","Havoc"],"picked":"Wild Strike","floor":5.0},{"not_picked":["Evolve","Warcry"],"picked":"Pummel","floor":6.0},{"not_picked":["Rage","Headbutt"],"picked":"Impervious","floor":8.0},{"not_picked":["Armaments","True Grit","Wild Strike"],"picked":"SKIP","floor":10.0},{"not_picked":["Armaments","Uppercut"],"picked":"Feel No Pain+1","floor":12.0},{"not_picked":["Blood for Blood","Armaments","Bloodletting"],"picked":"SKIP","floor":13.0},{"not_picked":["Reckless Charge","Flex"],"picked":"Evolve+1","floor":14.0},{"not_picked":["Juggernaut+1","Offering"],"picked":"Barricade+1","floor":16.0},{"not_picked":["Rampage","Combust+1"],"picked":"Metallicize+1","floor":18.0},{"not_picked":["Havoc","Seeing Red"],"picked":"Shrug It Off","floor":19.0},{"not_picked":["Power Through","Sword Boomerang"],"picked":"Shrug It Off+1","floor":21.0},{"not_picked":["Feed","Rage"],"picked":"Body Slam","floor":23},{"not_picked":["Rampage","Clash","Evolve+1"],"picked":"SKIP","floor":24},{"not_picked":["Sword Boomerang","Armaments","Uppercut"],"picked":"SKIP","floor":25},{"not_picked":["Wild Strike","Twin Strike+1"],"picked":"Armaments+1","floor":27},{"not_picked":["Clash","Sword Boomerang"],"picked":"Bloodletting","floor":28},{"not_picked":["Spot Weakness","Iron Wave","Brutality+1"],"picked":"SKIP","floor":29},{"not_picked":["Armaments","Hemokinesis","Cleave+1"],"picked":"SKIP","floor":30},{"not_picked":["Clash","Cleave+1"],"picked":"Body Slam","floor":31},{"not_picked":["Barricade+1","Demon Form+1"],"picked":"Offering","floor":33},{"not_picked":["Clash+1","Pummel"],"picked":"Metallicize+1","floor":35},{"not_picked":["Clothesline+1","Havoc+1"],"picked":"Shrug It Off+1","floor":35},{"not_picked":["Anger","Twin Strike","Pommel Strike"],"picked":"SKIP","floor":36},{"not_picked":["Clothesline+1","Sword Boomerang","Feel No Pain+1"],"picked":"SKIP","floor":36},{"not_picked":["Twin Strike","Flex+1"],"picked":"Shrug It Off+1","floor":38},{"not_picked":["Dual Wield+1","Headbutt+1"],"picked":"Double Tap+1","floor":38},{"not_picked":["Iron Wave","Dual Wield+1","Armaments+1"],"picked":"SKIP","floor":39},{"not_picked":["Combust+1","Flex+1","Sever Soul+1"],"picked":"SKIP","floor":39},{"not_picked":["Clothesline","Armaments+1","Evolve+1"],"picked":"SKIP","floor":40},{"not_picked":["Thunderclap","Combust+1","Cleave"],"picked":"SKIP","floor":41},{"not_picked":["Flex+1","Anger","Rage+1"],"picked":"SKIP","floor":41},{"not_picked":["Evolve+1","Thunderclap"],"picked":"Headbutt+1","floor":42},{"not_picked":["Wild Strike+1","Dual Wield+1"],"picked":"True Grit+1","floor":44},{"not_picked":["Cleave","Havoc+1","Wild Strike"],"picked":"SKIP","floor":44},{"not_picked":["Anger+1","Inflame+1","Body Slam"],"picked":"SKIP","floor":45},{"not_picked":["Intimidate+1","True Grit+1"],"picked":"Battle Trance+1","floor":48}],"player_experience":1158677,"relics_obtained":[{"floor":6.0,"key":"Nunchaku"},{"floor":8.0,"key":"Pocketwatch"},{"floor":9.0,"key":"Frozen Egg 2"},{"floor":14.0,"key":"Mercury Hourglass"},{"floor":23,"key":"Bag of Preparation"},{"floor":26,"key":"Akabeko"},{"floor":27,"key":"Smiling Mask"},{"floor":31,"key":"Prayer Wheel"},{"floor":40,"key":"Dream Catcher"},{"floor":42,"key":"Thread and Needle"},{"floor":43,"key":"Vajra"},{"floor":45,"key":"Letter Opener"},{"floor":48,"key":"StoneCalendar"}],"event_choices":[{"damage_healed":0.0,"max_hp_gain":5.0,"max_hp_loss":0.0,"gold_gain":0.0,"event_name":"Big Fish","player_choice":"Donut","floor":4.0,"gold_loss":0.0,"damage_taken":0.0},{"damage_healed":0.0,"max_hp_gain":0.0,"max_hp_loss":0.0,"gold_gain":0.0,"event_name":"Living Wall","player_choice":"Grow","floor":11.0,"gold_loss":0.0,"damage_taken":0.0,"cards_upgraded":["Wild Strike"]},{"damage_healed":0.0,"max_hp_gain":0.0,"max_hp_loss":0.0,"gold_gain":0.0,"event_name":"Match and Keep!","player_choice":"0 cards matched","floor":20.0,"gold_loss":0.0,"damage_taken":0.0,"cards_obtained":[]},{"damage_healed":0,"gold_gain":0,"player_choice":"Paid","damage_taken":0,"relics_obtained":["Red Mask"],"max_hp_gain":0,"max_hp_loss":0,"event_name":"Tomb of Lord Red Mask","floor":47,"gold_loss":232},{"damage_healed":0,"gold_gain":0,"player_choice":"Fight","damage_taken":0,"max_hp_gain":0,"max_hp_loss":0,"event_name":"MindBloom","floor":48,"gold_loss":0}],"is_beta":false,"boss_relics":[{"not_picked":["Empty Cage","Calling Bell"],"picked":"Sozu"},{"not_picked":["Philosopher\u0027s Stone","Cursed Key"],"picked":"Coffee Dripper"}],"items_purged_floors":[3,22,37],"is_endless":false,"potions_floor_spawned":[1,12,13,14,18,19,23,29,30,31,33,36,38,40,45,48],"ascension_level":10}}