{"host":"3y2rtlgteqp2nuo3","time":1611580786,"event":{"mods":["2.2 Compatiblity","AchievementEnabler","BaseMod","Colored Map","DeckTracker","Highlight Path","Keyboard Shortcuts","Minty Spire (QoL Compilation)","Permanent Neow","Quick Restart","StSLib","SuperFastMode","everything is the same but u backflip on backflip"],"gold_per_floor":[117,136,155,110,110,110,141,156,156,156,0,0,10,22,22,117,167,184,109,120,151,164,164,164,164],"floor_reached":24,"language":"KOR","playtime":532,"items_purged":[],"score":208,"play_id":"7554b29a-9089-4488-a2ad-2ab500da76cf","local_time":"20210125221946","is_ascension_mode":true,"campfire_choices":[{"data":"Eruption","floor":6.0,"key":"SMITH"},{"data":"InnerPeace","floor":10.0,"key":"SMITH"},{"data":"Vigilance","floor":12.0,"key":"SMITH"},{"data":"Wallop","floor":15.0,"key":"SMITH"},{"data":"Vault","floor":23,"key":"SMITH"}],"circlet_count":0,"master_deck":["Strike_P","Strike_P","Defend_P+1","Defend_P","Defend_P","Defend_P","Eruption+1","Vigilance+1","InnerPeace+1","Wallop+1","Vault+1"],"relics":["PureWater","Pen Nib","Ornamental Fan","Membership Card","Tiny House","Red Mask"],"acts_visited":["Exordium","TheCity"],"potions_floor_usage":[22],"damage_taken":[{"damage":0.0,"enemies":"Jaw Worm","floor":1.0,"turns":4.0},{"damage":0.0,"enemies":"Cultist","floor":2.0,"turns":2.0},{"damage":3.0,"enemies":"2 Louse","floor":3.0,"turns":2.0},{"damage":0.0,"enemies":"Looter","floor":4.0,"turns":5.0},{"damage":23.0,"enemies":"Lagavulin","floor":7.0,"turns":6.0},{"damage":9.0,"enemies":"Exordium Wildlife","floor":8.0,"turns":4.0},{"damage":0.0,"enemies":"Blue Slaver","floor":13.0,"turns":3.0},{"damage":0.0,"enemies":"Looter","floor":14.0,"turns":2.0},{"damage":11.0,"enemies":"Slime Boss","floor":16.0,"turns":6.0},{"damage":5,"enemies":"Shell Parasite","floor":18,"turns":4},{"damage":0,"enemies":"Chosen","floor":20,"turns":4},{"damage":1,"enemies":"Masked Bandits","floor":21,"turns":6},{"damage":2,"enemies":"Shelled Parasite and Fungi","floor":22,"turns":5},{"damage":18,"enemies":"Gremlin Leader","floor":24,"turns":8}],"seed_played":"-8957682265209988205","potions_obtained":[{"floor":1.0,"key":"StancePotion"},{"floor":3.0,"key":"Block Potion"},{"floor":14.0,"key":"Energy Potion"},{"floor":17.0,"key":"SkillPotion"}],"is_trial":false,"path_per_floor":["M","M","M","M","?","R","E","M","T","R","$","R","M","M","R","B",null,"M","?","M","?","M","R","E"],"character_chosen":"WATCHER","items_purchased":["Membership Card"],"campfire_rested":0,"item_purchase_floors":[11],"current_hp_per_floor":[72,72,69,69,69,69,46,37,37,37,37,37,37,37,37,26,77,72,72,72,71,69,69,51,51],"gold":164,"neow_bonus":"THREE_CARDS","is_daily":false,"chose_seed":false,"campfire_upgraded":5,"win_rate":0.0,"timestamp":1611580786,"path_taken":["M","M","M","M","?","R","E","?","T","R","$","R","M","M","R","BOSS","M","?","M","?","M","R","E"],"items_purchased_type":["Relic"],"build_version":"2020-12-22","purchased_purges":0,"victory":false,"max_hp_per_floor":[72,72,72,72,72,72,72,72,72,72,72,72,72,72,72,72,77,77,77,77,77,77,77,77,77],"card_choices":[{"not_picked":["FlurryOfBlows","JustLucky"],"picked":"InnerPeace","floor":0.0},{"not_picked":["Fasting2","Meditate"],"picked":"Wallop","floor":1.0},{"not_picked":["InnerPeace","Halt","Consecrate"],"picked":"SKIP","floor":2.0},{"not_picked":["Crescendo","Worship","CutThroughFate"],"picked":"SKIP","floor":3.0},{"not_picked":["Halt","WindmillStrike","SashWhip"],"picked":"SKIP","floor":4.0},{"not_picked":["EmptyFist","CutThroughFate","Ragnarok"],"picked":"SKIP","floor":7.0},{"not_picked":["SignatureMove","ForeignInfluence","InnerPeace"],"picked":"SKIP","floor":8.0},{"not_picked":["FlurryOfBlows","CutThroughFate","InnerPeace"],"picked":"SKIP","floor":13.0},{"not_picked":["EmptyFist","EmptyBody","WheelKick"],"picked":"SKIP","floor":14.0},{"not_picked":["Wish","DevaForm"],"picked":"Vault","floor":16.0},{"not_picked":["EmptyFist+1","BowlingBash+1","Nirvana"],"picked":"SKIP","floor":18},{"not_picked":["Swivel","PathToVictory","ThirdEye"],"picked":"SKIP","floor":20},{"not_picked":["Evaluate+1","FlyingSleeves","Study"],"picked":"SKIP","floor":22}],"player_experience":720765,"relics_obtained":[{"floor":7.0,"key":"Pen Nib"},{"floor":9.0,"key":"Ornamental Fan"},{"floor":21,"key":"Red Mask"}],"event_choices":[{"cards_removed":["Strike_P"],"damage_healed":0.0,"max_hp_gain":0.0,"max_hp_loss":0.0,"gold_gain":0.0,"event_name":"Purifier","player_choice":"Purged","floor":5.0,"gold_loss":0.0,"damage_taken":0.0},{"cards_removed":["Strike_P"],"damage_healed":0,"gold_gain":0,"player_choice":"Gave Gold","damage_taken":0,"max_hp_gain":0,"max_hp_loss":0,"event_name":"Beggar","floor":19,"gold_loss":75},{"damage_healed":0,"gold_gain":0,"player_choice":"Fought Bandits","damage_taken":0,"max_hp_gain":0,"max_hp_loss":0,"event_name":"Masked Bandits","floor":21,"gold_loss":0}],"is_beta":false,"boss_relics":[{"not_picked":["Coffee Dripper","Busted Crown"],"picked":"Tiny House"}],"items_purged_floors":[],"is_endless":false,"potions_floor_spawned":[1,3,14,18,20,21],"killed_by":"Gremlin Leader","ascension_level":1}}