{"host":"rnys9sj607vajavv","time":1611541631,"event":{"mods":["BaseMod","Colored Map","Downfall","Minty Spire (QoL Compilation)","StSLib"],"gold_per_floor":[99,117,130,130,150,181,181,181,181,201,232,250,250,267,280,280,280,280],"floor_reached":16,"language":"ENG","playtime":1290,"items_purged":[],"score":120,"play_id":"974ccb79-ea9f-4038-bc3e-dbdd1a6cb547","local_time":"20210124182711","is_ascension_mode":true,"campfire_choices":[{"data":"Secret Weapon","floor":1,"key":"SMITH"},{"data":"bronze:Separator","floor":8,"key":"SMITH"},{"floor":13,"key":"REST"}],"circlet_count":0,"master_deck":["bronze:Strike","bronze:Strike","bronze:Strike","bronze:Strike","bronze:Defend","bronze:Defend","bronze:Defend","bronze:Defend","bronze:Replicate","bronze:Goto","Secret Weapon+1","bronze:CutThrough","bronze:Separator+1","bronze:Iterate","bronze:Separator"],"relics":["bronze:BronzeCore","Shuriken","Frozen Egg 2","Happy Flower"],"acts_visited":["Exordium"],"potions_floor_usage":[],"damage_taken":[{"damage":2,"enemies":"Jaw Worm","floor":2,"turns":4},{"damage":7,"enemies":"2 Louse","floor":3,"turns":3},{"damage":1,"enemies":"Cultist","floor":5,"turns":3},{"damage":3,"enemies":"Gremlin Nob","floor":6,"turns":3},{"damage":11,"enemies":"Lots of Slimes","floor":10,"turns":5},{"damage":21,"enemies":"Lagavulin","floor":11,"turns":4},{"damage":0,"enemies":"Red Slaver","floor":12,"turns":1},{"damage":0,"enemies":"Large Slime","floor":14,"turns":2},{"damage":13,"enemies":"Lots of Slimes","floor":15,"turns":4},{"damage":34,"enemies":"IC_STATUS_ARCHETYPE","floor":16,"turns":4}],"seed_played":"5451094880465463854","potions_obtained":[{"floor":2,"key":"Guardian:BlockOnCardUsePotion"},{"floor":9,"key":"hexamod:SoulburnPotion"},{"floor":9,"key":"Weak Potion"}],"is_trial":false,"path_per_floor":["R","M","M","?","M","E","T","R","?","M","E","M","R","M","M","B"],"character_chosen":"THE_AUTOMATON","items_purchased":[],"campfire_rested":1,"item_purchase_floors":[],"current_hp_per_floor":[63,61,54,54,53,50,50,50,50,39,18,18,36,36,23,0,0,0],"gold":280,"neow_bonus":"RANDOM_COLORLESS_2","is_daily":false,"chose_seed":false,"campfire_upgraded":2,"win_rate":0.0,"timestamp":1611541631,"path_taken":["R","M","M","?","M","E","T","R","?","M","E","?","R","M","M","BOSS"],"items_purchased_type":[],"build_version":"2020-12-22","purchased_purges":0,"victory":false,"max_hp_per_floor":[63,63,63,63,63,63,63,63,63,63,63,63,63,63,63,63,63,63],"card_choices":[{"not_picked":["Thinking Ahead","Panache"],"picked":"Secret Weapon","floor":0},{"not_picked":["bronze:Frontload","bronze:ChildClass"],"picked":"bronze:CutThrough","floor":2},{"not_picked":["bronze:BuggyMess","bronze:BitShift","bronze:Deprecate"],"picked":"SKIP","floor":3},{"not_picked":["bronze:Iterate","bronze:NullPointer"],"picked":"bronze:Separator","floor":5},{"not_picked":["bronze:Mutator","bronze:Fortify","bronze:DigitalCarnage"],"picked":"SKIP","floor":6},{"not_picked":["bronze:BuggyMess","bronze:ChildClass","bronze:Repulsor+1"],"picked":"SKIP","floor":10},{"not_picked":["bronze:Fortify","bronze:Separator","bronze:BuggyMess"],"picked":"SKIP","floor":11},{"not_picked":["bronze:Boost","bronze:BitShift"],"picked":"bronze:Iterate","floor":12},{"not_picked":["bronze:DarkDash","bronze:ChosenStrike"],"picked":"bronze:Separator","floor":14},{"not_picked":["bronze:Frontload","bronze:BugBarrage","bronze:Deprecate"],"picked":"SKIP","floor":15}],"player_experience":684666,"relics_obtained":[{"floor":6,"key":"Shuriken"},{"floor":7,"key":"Frozen Egg 2"},{"floor":11,"key":"Happy Flower"}],"event_choices":[{"damage_healed":0,"gold_gain":0,"player_choice":"Got Potions","damage_taken":0,"max_hp_gain":0,"max_hp_loss":0,"event_name":"Lab","floor":9,"gold_loss":0}],"is_beta":false,"boss_relics":[],"items_purged_floors":[],"is_endless":false,"potions_floor_spawned":[2,10,14,15],"killed_by":"IC_STATUS_ARCHETYPE","ascension_level":1}}