{"host":"wmg3fl10arlg3jig","time":1611537548,"event":{"mods":["BaseMod","Better Match","Better Note","BetterRewards","Colored Powertips","MarisaÅiñ∂âJÅ@ñÇóùçπÅj","Mimic Mod","Minty Spire (QoL Compilation)","Permanent Neow","Quick Restart","Shop Mod","StSLib","Td1madao Mod","The Animator","The Jungle"],"gold_per_floor":[218,230,155,169,188,213,226,255,287,306,363,363,263,438,438,536,536,551,551,551,366,382,382,382],"floor_reached":23,"language":"ENG","playtime":576,"items_purged":["Defend_MRS","Defend_MRS"],"score":191,"play_id":"9df2be03-3001-43b5-b4d3-cd193a796c0b","local_time":"20210124191908","is_ascension_mode":false,"campfire_choices":[{"floor":12.0,"key":"REST"},{"data":"MysteriousBeam","floor":15.0,"key":"SMITH"}],"circlet_count":0,"master_deck":["Strike_MRS","Strike_MRS","Strike_MRS","Strike_MRS","Defend_MRS","Defend_MRS","MasterSpark","UpSweep","MysteriousBeam+1","NonDirectionalLaser","Doubt","StarDustReverie"],"relics":["MiniHakkero","Regal Pillow","Pen Nib","Juzu Bracelet","Cursed Key","theJungle:Creamberry"],"acts_visited":["Exordium","theJungle:Jungle"],"potions_floor_usage":[],"damage_taken":[{"damage":6.0,"enemies":"Cultist","floor":1.0,"turns":3.0},{"damage":0.0,"enemies":"2 Louse","floor":2.0,"turns":2.0},{"damage":0.0,"enemies":"Small Slimes","floor":4.0,"turns":3.0},{"damage":7.0,"enemies":"Blue Slaver","floor":5.0,"turns":2.0},{"damage":14.0,"enemies":"Exordium Thugs","floor":7.0,"turns":3.0},{"damage":16.0,"enemies":"Gremlin Nob","floor":8.0,"turns":3.0},{"damage":5.0,"enemies":"Looter","floor":9.0,"turns":5.0},{"damage":5.0,"enemies":"Looter","floor":10.0,"turns":2.0},{"damage":20.0,"enemies":"Gremlin Nob","floor":11.0,"turns":4.0},{"damage":15.0,"enemies":"Slime Boss","floor":16.0,"turns":7.0},{"damage":16.0,"enemies":"theJungle:GiantWrat","floor":18.0,"turns":3.0},{"damage":8,"enemies":"theJungle:MUSHROOMGANG","floor":22,"turns":3},{"damage":0,"enemies":"theJungle:MamaSnecko","floor":23,"turns":2}],"seed_played":"7510865441664306695","potions_obtained":[{"floor":4.0,"key":"DuplicationPotion"},{"floor":5.0,"key":"SteroidPotion"},{"floor":7.0,"key":"Ancient Potion"},{"floor":16.0,"key":"FearPotion"},{"floor":18.0,"key":"FearPotion"}],"is_trial":false,"path_per_floor":["M","M","$","M","M","T","M","E","MIM","M","?","R","$","?","R","B",null,"M","?","?","?","M","E"],"character_chosen":"MARISA","items_purchased":[],"campfire_rested":1,"item_purchase_floors":[],"current_hp_per_floor":[69,69,69,69,62,62,48,32,27,22,2,39,39,39,39,24,75,59,59,59,59,51,51,51],"gold":382,"neow_bonus":"HUNDRED_GOLD","is_daily":false,"chose_seed":false,"campfire_upgraded":1,"win_rate":0.0,"timestamp":1611537548,"path_taken":["M","M","$","M","M","?","M","E","MIM","M","?","R","$","?","R","BOSS","M","?","?","?","M","E"],"items_purchased_type":[],"build_version":"2020-12-22","purchased_purges":2,"victory":false,"max_hp_per_floor":[75,75,75,75,75,75,75,75,75,75,75,75,75,75,75,75,75,75,75,75,75,75,75,75],"card_choices":[{"not_picked":["GravityBeat","GalacticHalo"],"picked":"MysteriousBeam","floor":1.0},{"not_picked":["SporeBomb","MagicAbsorber"],"picked":"NonDirectionalLaser","floor":2.0},{"not_picked":["FairyDestructionRay","DoubleSpark","IllusionStar"],"picked":"SKIP","floor":4.0},{"not_picked":["GrandCross","GalacticHalo","FairyDestructionRay"],"picked":"SKIP","floor":5.0},{"not_picked":["SporeBomb","MillisecondPulsars","Acceleration"],"picked":"SKIP","floor":7.0},{"not_picked":["MeteoricShower","Acceleration","OneTimeOff"],"picked":"SKIP","floor":8.0},{"not_picked":["DC","UnstableBomb","IllusionStar"],"picked":"SKIP","floor":10.0},{"not_picked":["AbsoluteMagnitude","CollectingQuirk"],"picked":"StarDustReverie","floor":16.0},{"not_picked":["PulseMagic","IllusionStar","MilkyWay"],"picked":"SKIP","floor":18.0},{"not_picked":["PulseMagic+1","MilkyWay","DC"],"picked":"SKIP","floor":22}],"player_experience":267435,"relics_obtained":[{"floor":8.0,"key":"Regal Pillow"},{"floor":9.0,"key":"Pen Nib"},{"floor":11.0,"key":"Juzu Bracelet"}],"event_choices":[{"damage_healed":0.0,"max_hp_gain":0.0,"max_hp_loss":0.0,"gold_gain":0.0,"event_name":"Dead Adventurer","player_choice":"Searched \u00271\u0027 times","floor":11.0,"gold_loss":0.0,"damage_taken":0.0},{"damage_healed":0.0,"max_hp_gain":0.0,"max_hp_loss":0.0,"gold_gain":175.0,"event_name":"Liars Game","player_choice":"AGREE","floor":14.0,"gold_loss":0.0,"damage_taken":0.0,"cards_obtained":["Doubt"]},{"cards_removed":["Doubt"],"damage_healed":0.0,"max_hp_gain":0.0,"max_hp_loss":0.0,"gold_gain":0.0,"event_name":"betterNote:BetterNote","player_choice":"Give","floor":19.0,"gold_loss":0.0,"damage_taken":0.0,"cards_obtained":["Strike_R"]}],"is_beta":false,"boss_relics":[{"not_picked":["ExperimentalFamiliar","SlaversCollar"],"picked":"Cursed Key"}],"items_purged_floors":[3,13],"is_endless":false,"potions_floor_spawned":[4,5,7,16,18,22],"killed_by":"theJungle:MamaSnecko","ascension_level":0}}