{"host":"hwrdjx5eod2cxh09","time":1611563506,"event":{"mods":["AchievementEnabler","BaseMod","Bestiary","Minty Spire (QoL Compilation)","Relic Stats"],"gold_per_floor":[15,34,34,34,50,77,77,87,132,132,143,185,206,224,224,331,376,392,392,403,403,328,328,228,251,277,277,292,167,180,192,192,287,287,304,320,170,170,170],"floor_reached":38,"language":"ENG","playtime":1915,"items_purged":["Perfected Strike","Perfected Strike","Sever Soul","True Grit+1"],"score":390,"play_id":"662bd188-32ca-44dc-a624-f4317dc47f5c","local_time":"20210125173146","is_ascension_mode":false,"campfire_choices":[{"data":"Hemokinesis","floor":7,"key":"SMITH"},{"data":"True Grit","floor":10,"key":"SMITH"},{"data":"Rage","floor":15,"key":"SMITH"},{"data":"Bash","floor":23,"key":"SMITH"},{"data":"Dropkick","floor":27,"key":"SMITH"},{"data":"Evolve","floor":32,"key":"SMITH"}],"circlet_count":0,"master_deck":["Bash+1","Hemokinesis+1","Dropkick+1","Rage+1","Thunderclap+1","Offering","Evolve+1"],"relics":["Burning Blood","Meat on the Bone","Orichalcum","CeramicFish","Pandora\u0027s Box","Whetstone","Empty Cage"],"acts_visited":["Exordium","TheCity","TheBeyond"],"potions_floor_usage":[16],"damage_taken":[{"damage":8,"enemies":"Jaw Worm","floor":1,"turns":3},{"damage":2,"enemies":"Cultist","floor":2,"turns":3},{"damage":2,"enemies":"2 Louse","floor":5,"turns":2},{"damage":44,"enemies":"3 Sentries","floor":6,"turns":9},{"damage":3,"enemies":"2 Fungi Beasts","floor":8,"turns":2},{"damage":11,"enemies":"Gremlin Gang","floor":11,"turns":5},{"damage":12,"enemies":"Gremlin Nob","floor":12,"turns":3},{"damage":7,"enemies":"Lots of Slimes","floor":13,"turns":6},{"damage":11,"enemies":"Large Slime","floor":14,"turns":10},{"damage":26,"enemies":"Hexaghost","floor":16,"turns":9},{"damage":18,"enemies":"3 Byrds","floor":18,"turns":6},{"damage":21,"enemies":"2 Thieves","floor":20,"turns":3},{"damage":13,"enemies":"Centurion and Healer","floor":25,"turns":5},{"damage":23,"enemies":"Snake Plant","floor":28,"turns":3},{"damage":11,"enemies":"Shelled Parasite and Fungi","floor":30,"turns":3},{"damage":16,"enemies":"Centurion and Healer","floor":31,"turns":4},{"damage":17,"enemies":"Champ","floor":33,"turns":7},{"damage":29,"enemies":"Orb Walker","floor":35,"turns":4},{"damage":13,"enemies":"3 Shapes","floor":36,"turns":2},{"damage":6,"enemies":"Writhing Mass","floor":38,"turns":1}],"seed_played":"-3884407393313058047","potions_obtained":[{"floor":6,"key":"Swift Potion"},{"floor":8,"key":"FairyPotion"},{"floor":11,"key":"EssenceOfSteel"},{"floor":13,"key":"DuplicationPotion"},{"floor":18,"key":"SneckoOil"},{"floor":25,"key":"Strength Potion"}],"is_trial":false,"path_per_floor":["M","M","?","?","M","E","R","M","T","R","M","E","M","M","R","B",null,"M","?","M","?","$","R","$","M","T","R","M","$","M","M","R","B",null,"M","M","$","M"],"character_chosen":"IRONCLAD","items_purchased":[],"campfire_rested":0,"item_purchase_floors":[],"current_hp_per_floor":[78,80,80,80,80,42,42,57,57,57,52,58,57,52,52,44,80,68,68,53,53,53,53,53,58,58,58,53,53,48,50,50,51,80,57,50,50,44,44],"gold":170,"neow_bonus":"REMOVE_TWO","is_daily":false,"chose_seed":false,"campfire_upgraded":6,"win_rate":0.0,"timestamp":1611563506,"path_taken":["M","M","?","?","M","E","R","?","T","R","M","E","M","?","R","BOSS","M","?","M","?","$","R","$","?","T","R","M","$","?","M","R","BOSS","M","?","$","M"],"items_purchased_type":[],"build_version":"2020-12-22","purchased_purges":4,"victory":false,"max_hp_per_floor":[80,80,80,80,80,80,80,80,80,80,80,80,80,80,80,80,80,80,80,80,80,80,80,80,80,80,80,80,80,80,80,80,80,80,80,80,80,80,80],"relic_stats":{"counters":[20,90],"CeramicFish":81,"Pandora\u0027s Box":["Perfected Strike","Sever Soul","Perfected Strike","Clothesline","Evolve"],"Whetstone":["Clothesline","Thunderclap"],"Orichalcum":[24],"obtain_stats":[{"CeramicFish":12,"Pandora\u0027s Box":17,"Whetstone":26,"Orichalcum":9,"Empty Cage":34,"Burning Blood":0,"Meat on the Bone":6},{"CeramicFish":7,"Pandora\u0027s Box":10,"Whetstone":13,"Orichalcum":5,"Empty Cage":17,"Burning Blood":0,"Meat on the Bone":4},{"CeramicFish":27,"Pandora\u0027s Box":52,"Whetstone":66,"Orichalcum":19,"Empty Cage":83,"Burning Blood":0,"Meat on the Bone":17}],"Burning Blood":108,"Meat on the Bone":84},"card_choices":[{"not_picked":["Anger","Headbutt"],"picked":"Hemokinesis","floor":1},{"not_picked":["Wild Strike","True Grit"],"picked":"Dropkick","floor":2},{"not_picked":["Rampage","Armaments","Havoc"],"picked":"SKIP","floor":5},{"not_picked":["Flex","Iron Wave","Wild Strike"],"picked":"SKIP","floor":6},{"not_picked":["Combust","Dark Embrace"],"picked":"True Grit","floor":8},{"not_picked":["Sword Boomerang","Anger","Havoc"],"picked":"SKIP","floor":11},{"not_picked":["Wild Strike","Iron Wave"],"picked":"Rage","floor":12},{"not_picked":["Iron Wave","Flex"],"picked":"Thunderclap","floor":13},{"not_picked":["True Grit","Fire Breathing","Pommel Strike"],"picked":"SKIP","floor":14},{"not_picked":["Fiend Fire","Immolate"],"picked":"Offering","floor":16},{"not_picked":["Thunderclap","Evolve","Carnage"],"picked":"SKIP","floor":18},{"not_picked":["Body Slam+1","Pommel Strike","Perfected Strike+1"],"picked":"SKIP","floor":20},{"not_picked":["Pommel Strike+1","True Grit"],"picked":"Dual Wield+1","floor":25},{"not_picked":["Ghostly Armor","Sword Boomerang","Disarm"],"picked":"SKIP","floor":28},{"not_picked":["Cleave","Sword Boomerang","Iron Wave+1"],"picked":"SKIP","floor":30},{"not_picked":["Shrug It Off+1","Warcry","Cleave"],"picked":"SKIP","floor":31},{"not_picked":["Shrug It Off+1","True Grit","Flex+1"],"picked":"SKIP","floor":35},{"not_picked":["Cleave","Reckless Charge+1","Burning Pact"],"picked":"SKIP","floor":36}],"player_experience":287163,"relics_obtained":[{"floor":6,"key":"Meat on the Bone"},{"floor":9,"key":"Orichalcum"},{"floor":12,"key":"CeramicFish"},{"floor":26,"key":"Whetstone"}],"event_choices":[{"cards_removed":["Strike_R"],"damage_healed":0,"gold_gain":0,"player_choice":"Forget","damage_taken":0,"max_hp_gain":0,"max_hp_loss":0,"event_name":"Living Wall","floor":3,"gold_loss":0},{"cards_removed":["Strike_R"],"damage_healed":0,"gold_gain":0,"player_choice":"Offered Basic","damage_taken":0,"max_hp_gain":0,"max_hp_loss":0,"event_name":"Bonfire Elementals","floor":4,"gold_loss":0},{"damage_healed":0,"gold_gain":0,"player_choice":"Ignored","damage_taken":0,"max_hp_gain":0,"max_hp_loss":0,"event_name":"Vampires","floor":19,"gold_loss":0},{"damage_healed":0,"gold_gain":0,"player_choice":"Ignored","damage_taken":0,"max_hp_gain":0,"max_hp_loss":0,"event_name":"NoteForYourself","floor":21,"gold_loss":0}],"is_beta":false,"boss_relics":[{"not_picked":["Mark of Pain","Tiny House"],"picked":"Pandora\u0027s Box"},{"not_picked":["Fusion Hammer","Runic Dome"],"picked":"Empty Cage"}],"items_purged_floors":[22,24,29,37],"is_endless":false,"potions_floor_spawned":[6,8,11,13,18,20,25,31,36],"killed_by":"Writhing Mass","ascension_level":0}}