{"host":"fvux6yoihym3ucic","time":1611586769,"event":{"mods":["BaseMod","Curses Come First","Downfall","Energized Spire","Hermit","Infinite Spire","Mimic Mod","Minty Spire (QoL Compilation)","Rare Cards Sparkle","Replay The Spire","Spire Arcade","StSLib","The Cursed"],"gold_per_floor":[110,210,244,194,194,208,237,237,271,40,74,74,74,84,84,179,179,193,193,193,208,307,307,337,337,386,386,386],"floor_reached":27,"language":"ENG","playtime":822,"items_purged":["infinitespire:Pacifist"],"score":335,"play_id":"a09b92d0-851d-43ba-8cdc-a20bc53503a7","local_time":"20210125095929","is_ascension_mode":false,"campfire_choices":[{"data":"Demon Form","floor":8,"key":"SMITH"},{"floor":12,"key":"RECALL"},{"data":"Fiend Fire","floor":15,"key":"SMITH"},{"data":"Limit Break","floor":23,"key":"SMITH"},{"floor":25,"key":"REST"}],"circlet_count":0,"master_deck":["Defend_R","Defend_R","Defend_R","Defend_R","Bash","Looming Evil","Fiend Fire+1","ReplayTheSpireMod:Doomed","Perfected Strike","Demon Form+1","downfall:Bewildered","Limit Break+1","Pummel","Slimebound:Tackle+1","Slimebound:Tackle+1","Slimebound:Tackle+1","Voices","Writhe"],"relics":["Burning Blood","NeowsBlessing","downfall:ExtraCursedKey","ReplayTheSpireMod:Lightbulb","ReplayTheSpireMod:TigerMarble","Happy Flower","Quantum Egg","Ring of Chaos","Strawberry","infinitespire:Lucky Rock"],"acts_visited":["Exordium","TheCity"],"potions_floor_usage":[7,11,16,24],"damage_taken":[{"damage":0,"enemies":"2 Louse","floor":1,"turns":1},{"damage":0,"enemies":"Jaw Worm","floor":3,"turns":2},{"damage":0,"enemies":"Jaw Worm","floor":6,"turns":1},{"damage":26,"enemies":"Lagavulin","floor":7,"turns":6},{"damage":4,"enemies":"Small Slimes","floor":9,"turns":3},{"damage":16,"enemies":"Gremlin Nob","floor":11,"turns":4},{"damage":12,"enemies":"Small Slimes","floor":14,"turns":3},{"damage":45,"enemies":"The Guardian","floor":16,"turns":7},{"damage":0,"enemies":"Spheric Guardian","floor":18,"turns":2},{"damage":28,"enemies":"Shell Parasite","floor":21,"turns":3},{"damage":49,"enemies":"Replay:Snechameleon","floor":24,"turns":5},{"damage":9,"enemies":"Centurion and Healer","floor":27,"turns":2}],"seed_played":"-8707604032766241657","potions_obtained":[{"floor":6,"key":"SteroidPotion"},{"floor":7,"key":"PowerPotion"},{"floor":14,"key":"Swift Potion"},{"floor":16,"key":"Weak Potion"},{"floor":18,"key":"DuplicationPotion"}],"is_trial":false,"path_per_floor":["M","?","MIM","?","?","M","E","R","MIM","$","E","R","$","M","R","B",null,"M","?","?","M","?","R","E","R","T","M"],"character_chosen":"IRONCLAD","items_purchased":["Happy Flower"],"campfire_rested":1,"item_purchase_floors":[10],"current_hp_per_floor":[80,80,80,80,85,85,65,65,67,67,57,57,57,51,51,12,85,85,85,85,63,63,63,27,54,54,45,45],"gold":386,"neow_bonus":"THREE_ENEMY_KILL","is_daily":false,"chose_seed":false,"campfire_upgraded":3,"win_rate":0.0,"timestamp":1611586769,"path_taken":["M","?","?","?","?","M","E","R","MIM","$","E","R","$","?","R","BOSS","M","?","?","?","?","R","E","R","T","M"],"items_purchased_type":["Relic"],"build_version":"2020-12-22","purchased_purges":1,"victory":false,"max_hp_per_floor":[80,80,80,80,85,85,85,85,85,85,85,85,85,85,85,85,85,85,85,85,85,85,85,92,92,92,92,92],"card_choices":[{"not_picked":["Thunderclap","Blood for Blood","ReplayTheSpireMod:Strike From Hell"],"picked":"SKIP","floor":1},{"not_picked":["Replay:Undeath\u0027s Touch","Flex"],"picked":"Perfected Strike","floor":6},{"not_picked":["Intimidate","Pommel Strike"],"picked":"Demon Form","floor":7},{"not_picked":["Anger","Armaments","Feel No Pain"],"picked":"SKIP","floor":11},{"not_picked":["Replay:Undeath\u0027s Touch","Thunderclap","Armaments"],"picked":"SKIP","floor":14},{"not_picked":["Immolate","Juggernaut"],"picked":"Limit Break","floor":16},{"not_picked":["Sentinel+1","Blood for Blood"],"picked":"Pummel","floor":18},{"not_picked":["Whirlwind+1","Dual Wield+1","ReplayTheSpireMod:Limb From Limb"],"picked":"SKIP","floor":21},{"not_picked":["ReplayTheSpireMod:Strike From Hell","Body Slam","Immolate"],"picked":"SKIP","floor":24}],"player_experience":23481,"relics_obtained":[{"floor":7,"key":"ReplayTheSpireMod:Lightbulb"},{"floor":9,"key":"ReplayTheSpireMod:TigerMarble"},{"floor":11,"key":"Quantum Egg"},{"floor":24,"key":"Strawberry"},{"floor":26,"key":"infinitespire:Lucky Rock"}],"event_choices":[{"cards_removed":["Spreading Infection"],"damage_healed":0,"gold_gain":0,"player_choice":"Card Removal","damage_taken":0,"max_hp_gain":0,"max_hp_loss":0,"event_name":"The Cleric","floor":4,"gold_loss":50},{"damage_healed":0,"gold_gain":0,"player_choice":"Donut","damage_taken":0,"max_hp_gain":5,"max_hp_loss":0,"event_name":"Big Fish","floor":5,"gold_loss":0},{"cards_removed":["downfall:Bewildered"],"damage_healed":0,"gold_gain":0,"player_choice":"Purged","damage_taken":0,"max_hp_gain":0,"max_hp_loss":0,"event_name":"Purifier","floor":20,"gold_loss":0},{"damage_healed":0,"gold_gain":99,"player_choice":"Stole From Cult","damage_taken":0,"max_hp_gain":0,"max_hp_loss":0,"event_name":"Nest","floor":22,"gold_loss":0}],"is_beta":false,"boss_relics":[{"not_picked":["Runic Cube","energizedSpire:NeverEndingSparkler"],"picked":"Ring of Chaos"}],"items_purged_floors":[10],"is_endless":false,"potions_floor_spawned":[6,7,14,16,18],"killed_by":"Centurion and Healer","ascension_level":0}}