{"host":"flash","time":1611582418,"event":{"mods":["ATMod(°¢èªMod)","Act Like it!","BaseMod","Jorbs\u0027s Wanderer Trilogy","Luminous","Minty Spire (QoL Compilation)","Shop Mod","StSLib","Td1madao Mod"],"gold_per_floor":[17,17,17,17,33,33,65,65,65,78,78,93,118,138,138,211,211,227,227,243,263,273,273,290,290,290,306,88,119,119,119,119,197,197,210,224,224,224,237,269,280,280,350,375,386,397,427,427,427,427],"floor_reached":51,"language":"ZHS","playtime":2406,"items_purged":["Strike_P"],"score":1595,"play_id":"0c5ddf99-f6bb-44aa-9061-e2ca6cce8412","local_time":"20210125214658","is_ascension_mode":true,"campfire_choices":[{"data":"AT_FamilyPortrait","floor":6.0,"key":"SMITH"},{"data":"Blasphemy","floor":8.0,"key":"SMITH"},{"data":"AT_DivineConfetti","floor":11.0,"key":"SMITH"},{"data":"Eruption","floor":15.0,"key":"SMITH"},{"floor":23.0,"key":"REST"},{"floor":25.0,"key":"RECALL"},{"floor":30.0,"key":"REST"},{"floor":32.0,"key":"REST"},{"floor":42.0,"key":"REST"},{"floor":49,"key":"REST"}],"circlet_count":0,"master_deck":["AscendersBane","Strike_P+1","Strike_P+1","Defend_P","Defend_P","Defend_P+1","Defend_P","Eruption+1","Vigilance+1","AT_FamilyPortrait+1","Halt+1","Blasphemy+1","AT_DivineConfetti+1","Conclude","FlurryOfBlows+1","LessonLearned+1","Swivel+1","Protect+1","Adaptation+1","AT_IrregularMenstruation","EmptyMind","AT_IrregularMenstruation+1"],"relics":["PureWater","AT_ATBox","AT_RabadonDeathcap","Shuriken","Incense Burner","AT_Manta","Fusion Hammer","FaceOfCleric","AT_GuinsooRageblade","ClockworkSouvenir","AT_TimeSand","Black Star","AT_ArchangelStaff","Happy Flower","Molten Egg 2","CeramicFish","Frozen Egg 2","Letter Opener","InkBottle"],"acts_visited":["Exordium","TheCity","TheBeyond"],"potions_floor_usage":[50,50],"damage_taken":[{"damage":2.0,"enemies":"Jaw Worm","floor":1.0,"turns":5.0},{"damage":0.0,"enemies":"Cultist","floor":5.0,"turns":4.0},{"damage":8.0,"enemies":"3 Sentries","floor":7.0,"turns":2.0},{"damage":0.0,"enemies":"2 Louse","floor":10.0,"turns":3.0},{"damage":16.0,"enemies":"Exordium Wildlife","floor":12.0,"turns":7.0},{"damage":1.0,"enemies":"Gremlin Nob","floor":13.0,"turns":3.0},{"damage":0.0,"enemies":"Blue Slaver","floor":14.0,"turns":1.0},{"damage":0.0,"enemies":"Slime Boss","floor":16.0,"turns":2.0},{"damage":0.0,"enemies":"Chosen","floor":18.0,"turns":3.0},{"damage":0.0,"enemies":"Shell Parasite","floor":20.0,"turns":3.0},{"damage":0.0,"enemies":"Centurion and Healer","floor":21.0,"turns":6.0},{"damage":0.0,"enemies":"Snecko","floor":22.0,"turns":4.0},{"damage":0.0,"enemies":"Snake Plant","floor":24.0,"turns":5.0},{"damage":0.0,"enemies":"Chosen and Byrds","floor":27.0,"turns":4.0},{"damage":0.0,"enemies":"Book of Stabbing","floor":29.0,"turns":4.0},{"damage":44.0,"enemies":"Collector","floor":33.0,"turns":8.0},{"damage":19.0,"enemies":"3 Darklings","floor":35.0,"turns":3.0},{"damage":13.0,"enemies":"Orb Walker","floor":36.0,"turns":5.0},{"damage":0.0,"enemies":"Spire Growth","floor":39.0,"turns":3.0},{"damage":0.0,"enemies":"Reptomancer","floor":40.0,"turns":4.0},{"damage":22.0,"enemies":"Transient","floor":41.0,"turns":5.0},{"damage":0.0,"enemies":"Giant Head","floor":44.0,"turns":6.0},{"damage":0,"enemies":"Writhing Mass","floor":45,"turns":3},{"damage":0,"enemies":"Spire Growth","floor":46,"turns":5},{"damage":0,"enemies":"Reptomancer","floor":47,"turns":5},{"damage":46,"enemies":"Awakened One","floor":50,"turns":5}],"seed_played":"1400186078226140077","potions_obtained":[{"floor":5.0,"key":"GamblersBrew"},{"floor":7.0,"key":"SkillPotion"},{"floor":20.0,"key":"DistilledChaos"},{"floor":29.0,"key":"Swift Potion"},{"floor":35.0,"key":"EntropicBrew"},{"floor":38.0,"key":"Regen Potion"},{"floor":38.0,"key":"AttackPotion"},{"floor":41.0,"key":"Ancient Potion"},{"floor":45,"key":"Fire Potion"},{"floor":47,"key":"SkillPotion"}],"is_trial":false,"path_per_floor":["M","?","$","?","M","R","E","R","T","M","R","M","E","M","R","B",null,"M","?","M","M","M","R","M","R","T","M","$","E","R","?","R","B",null,"M","M","?","?","M","E","M","R","T","E","M","M","E","?","R","B",null],"character_chosen":"WATCHER","items_purchased":["ClockworkSouvenir"],"campfire_rested":5,"item_purchase_floors":[28],"current_hp_per_floor":[59,59,59,59,67,67,59,59,59,59,59,43,42,42,42,42,62,62,62,63,64,65,71,72,72,72,73,73,74,74,60,79,36,69,51,39,39,39,49,50,29,54,54,55,56,57,58,58,84,39],"gold":427,"neow_bonus":"ONE_RARE_RELIC","is_daily":false,"chose_seed":false,"campfire_upgraded":4,"win_rate":0.0,"timestamp":1611582418,"path_taken":["M","?","?","?","M","R","E","R","T","M","R","M","E","M","R","BOSS","M","?","M","?","M","R","M","R","T","M","$","E","R","?","R","BOSS","M","M","?","?","?","E","M","R","T","E","M","M","E","?","R","BOSS"],"items_purchased_type":["Relic"],"build_version":"2020-12-18","purchased_purges":1,"victory":true,"max_hp_per_floor":[68,68,68,68,68,68,68,68,68,68,68,68,68,68,68,68,68,68,68,69,70,71,71,72,72,72,73,73,74,74,79,79,80,80,81,82,82,82,83,84,85,85,85,86,87,88,89,89,89,90],"card_choices":[{"not_picked":["SashWhip","FlyingSleeves","BowlingBash"],"picked":"SKIP","floor":1.0},{"not_picked":["ThirdEye","Evaluate"],"picked":"Halt","floor":5.0},{"not_picked":["Study","SashWhip"],"picked":"Blasphemy","floor":7.0},{"not_picked":["Evaluate","Study"],"picked":"AT_DivineConfetti","floor":10.0},{"not_picked":["EmptyBody","EmptyFist"],"picked":"Conclude","floor":12.0},{"not_picked":["CarveReality","WaveOfTheHand","CutThroughFate"],"picked":"SKIP","floor":13.0},{"not_picked":["Nirvana","WaveOfTheHand"],"picked":"FlurryOfBlows","floor":14.0},{"not_picked":["Alpha","Wish"],"picked":"LessonLearned","floor":16.0},{"not_picked":["PathToVictory","Halt"],"picked":"Swivel","floor":18.0},{"not_picked":["Meditate","ThirdEye+1","Halt"],"picked":"SKIP","floor":20.0},{"not_picked":["Perseverance","Collect"],"picked":"Protect+1","floor":21.0},{"not_picked":["Evaluate","Indignation+1","FlurryOfBlows"],"picked":"SKIP","floor":22.0},{"not_picked":["Evaluate","WindmillStrike"],"picked":"Adaptation","floor":24.0},{"not_picked":["BowlingBash","WaveOfTheHand","FlyingSleeves"],"picked":"SKIP","floor":27.0},{"not_picked":["Study","Evaluate","AT_OneInchPunch"],"picked":"SKIP","floor":29.0},{"not_picked":["AT_ChampionKick","Establishment"],"picked":"AT_IrregularMenstruation","floor":33.0},{"not_picked":["BowlingBash+1","FearNoEvil","WreathOfFlame"],"picked":"SKIP","floor":35.0},{"not_picked":["JustLucky+1","Adaptation"],"picked":"EmptyMind","floor":36.0},{"not_picked":["CutThroughFate+1","EmptyBody","WheelKick+1"],"picked":"SKIP","floor":39.0},{"not_picked":["EmptyBody","AT_SoftenMuscles","FlyingSleeves"],"picked":"SKIP","floor":40.0},{"not_picked":["Adaptation+1","SashWhip"],"picked":"AT_IrregularMenstruation","floor":41.0},{"not_picked":["Meditate+1","PathToVictory","FlyingSleeves+1"],"picked":"SKIP","floor":44.0},{"not_picked":["Prostrate","Crescendo","EmptyFist+1"],"picked":"SKIP","floor":45},{"not_picked":["Consecrate+1","WheelKick+1","EmptyFist+1"],"picked":"SKIP","floor":46},{"not_picked":["Alpha","Halt+1","SandsOfTime+1"],"picked":"SKIP","floor":47}],"player_experience":659223,"relics_obtained":[{"floor":7.0,"key":"Shuriken"},{"floor":9.0,"key":"Incense Burner"},{"floor":13.0,"key":"AT_Manta"},{"floor":26.0,"key":"AT_GuinsooRageblade"},{"floor":29.0,"key":"AT_TimeSand"},{"floor":40.0,"key":"AT_ArchangelStaff"},{"floor":40.0,"key":"Happy Flower"},{"floor":43.0,"key":"Molten Egg 2"},{"floor":44.0,"key":"CeramicFish"},{"floor":44.0,"key":"Frozen Egg 2"},{"floor":47,"key":"Letter Opener"},{"floor":47,"key":"InkBottle"}],"event_choices":[{"cards_removed":["Strike_P"],"damage_healed":0.0,"max_hp_gain":0.0,"max_hp_loss":0.0,"gold_gain":0.0,"event_name":"Bonfire Elementals","player_choice":"Offered Basic","floor":2.0,"gold_loss":0.0,"damage_taken":0.0},{"damage_healed":0.0,"max_hp_gain":0.0,"max_hp_loss":0.0,"gold_gain":0.0,"event_name":"WeMeetAgain","player_choice":"Ignored","floor":4.0,"gold_loss":0.0,"damage_taken":0.0},{"damage_healed":0.0,"max_hp_gain":0.0,"max_hp_loss":0.0,"gold_gain":0.0,"event_name":"FaceTrader","player_choice":"Trade","floor":19.0,"gold_loss":0.0,"damage_taken":0.0,"relics_obtained":["FaceOfCleric"]},{"damage_healed":0.0,"max_hp_gain":5.0,"max_hp_loss":0.0,"gold_gain":0.0,"event_name":"Forgotten Altar","player_choice":"Shed Blood","floor":31.0,"gold_loss":0.0,"damage_taken":19.0},{"damage_healed":0.0,"max_hp_gain":0.0,"max_hp_loss":0.0,"gold_gain":0.0,"event_name":"Tomb of Lord Red Mask","player_choice":"Ignored","floor":37.0,"gold_loss":0.0,"damage_taken":0.0},{"damage_healed":0.0,"max_hp_gain":0.0,"max_hp_loss":0.0,"gold_gain":0.0,"event_name":"Lab","player_choice":"Got Potions","floor":38.0,"gold_loss":0.0,"damage_taken":0.0},{"damage_healed":0,"gold_gain":0,"player_choice":"Bought 0 Potions","damage_taken":0,"max_hp_gain":0,"max_hp_loss":0,"event_name":"The Woman in Blue","floor":48,"gold_loss":0}],"is_beta":true,"boss_relics":[{"not_picked":["SacredBark","Sozu"],"picked":"Fusion Hammer"},{"not_picked":["Velvet Choker","Snecko Eye"],"picked":"Black Star"}],"items_purged_floors":[28],"is_endless":false,"potions_floor_spawned":[5,7,10,20,29,33,35,41,45,47],"ascension_level":14}}