{"host":"h5acbxt0wmjo1kpm","time":1611561628,"event":{"mods":["2.2 Compatiblity","Act Like it!","AlwaysNeverKeys","Aspiration","Bard","Bartender","BaseMod","Better Third Choice","Colored Map","Elementarium","Gensokyo","GifTheSpireLib","Hallownest","Marisa????????","Menagerie","Minty Spire (QoL Compilation)","Permanent Neow","Potionbrewer","Quick Restart","Relic Filter","Reliquary","Replay The Spire","Robot Space Explorer","RumiaBox-????????","Shade Mod","Spicy Shops","StSLib","Strawberry Spire","The Blackbeard","The Dragon Tamer","The Gatherer","The Hayseed","The Problem Sleuth","The Servant 0.9.4","Wandering Minibosses","Wide Potions"],"gold_per_floor":[117,117,117,128,210,210,244,87,87,87,135,162,162,174,174,25,25,25,25,25],"floor_reached":18,"language":"ENG","playtime":643,"items_purged":["blackbeard:BlackbeardStrike"],"score":188,"play_id":"6add944d-e5dc-4ac0-b71f-da28e72eb787","local_time":"20210125000028","is_ascension_mode":true,"campfire_choices":[{"data":"blackbeard:BeatUp","floor":6,"key":"SMITH"},{"data":"blackbeard:BeatUp","floor":13,"key":"SMITH"},{"data":"blackbeard:CaptainsCabin","floor":15,"key":"SMITH"},{"data":"blackbeard:Provisioning","floor":17,"key":"SMITH"}],"circlet_count":0,"master_deck":["AscendersBane","blackbeard:BlackbeardStrike","blackbeard:BlackbeardStrike","blackbeard:BlackbeardStrike","blackbeard:IntimidatingStrike","blackbeard:BlackbeardDefend","blackbeard:BlackbeardDefend","blackbeard:BlackbeardDefend","blackbeard:BlackbeardDefend","blackbeard:Cutlass","bard:Strike","Defend_R","strawberrySpire:Neurons","blackbeard:BrownPants","Midas Touch+1","blackbeard:Rum","blackbeard:BeatUp+1","blackbeard:Shrapnel","blackbeard:WiseDefense","blackbeard:DoubleBottom","blackbeard:CloakAndCannonball","blackbeard:WiseDefense","blackbeard:BeatUp+1","blackbeard:RearmingStrike","blackbeard:WeaponProficiency","blackbeard:Provisioning+1","blackbeard:CaptainsCabin+1"],"relics":["blackbeard:LoadTheCannons","Replay:Towering Pillar of Hats","BargainBundle","SSSystem","reliquary:HotPoker","OrangePellets"],"acts_visited":["Hallownest:Greenpath"],"potions_floor_usage":[7,18],"damage_taken":[{"damage":8,"enemies":"Hallownest:monsterHuskGuard","floor":1,"turns":5},{"damage":0,"enemies":"Hallownest:2_Baldur","floor":4,"turns":7},{"damage":2,"enemies":"Hallownest:eliteCrystalGuardian","floor":7,"turns":6},{"damage":5,"enemies":"Hallownest:eliteVengeflyKing","floor":12,"turns":6},{"damage":7,"enemies":"2_ Uuma","floor":14,"turns":3},{"damage":34,"enemies":"Hallownest:BossHornet","floor":18,"turns":3}],"seed_played":"-6947893297527370971","potions_obtained":[{"floor":4,"key":"Adrenaline Potion"},{"floor":7,"key":"potionbrewer:ToxicPotion"}],"is_trial":false,"path_per_floor":["M","?","?","M","?","R","E","$","PTL","PTL","T","E","R","M","R","$","R","B"],"character_chosen":"BLACKBEARD_CLASS","items_purchased":["BargainBundle","blackbeard:CloakAndCannonball","blackbeard:WiseDefense","blackbeard:BeatUp","blackbeard:RearmingStrike","blackbeard:WeaponProficiency","OrangePellets"],"campfire_rested":0,"item_purchase_floors":[8,8,8,8,8,8,16],"current_hp_per_floor":[56,56,56,56,33,33,31,31,31,31,31,26,26,19,19,19,19,0,0,0],"gold":25,"neow_bonus":"RANDOM_COLORLESS_2","is_daily":false,"chose_seed":false,"campfire_upgraded":4,"win_rate":0.0,"timestamp":1611561628,"path_taken":["M","?","?","M","?","R","E","?","PTL","PTL","T","E","R","?","R","?","R","BOSS"],"items_purchased_type":["Relic","Card","Card","Card","Card","Card","Relic"],"build_version":"2020-12-22","purchased_purges":1,"victory":false,"max_hp_per_floor":[71,71,71,71,71,71,71,71,71,71,71,71,71,71,71,71,71,71,71,71],"card_choices":[{"not_picked":["Secret Technique","Panache"],"picked":"strawberrySpire:Neurons","floor":0},{"not_picked":["blackbeard:Sharpening","blackbeard:DangerousBlow"],"picked":"blackbeard:BrownPants","floor":1},{"not_picked":["Mind Blast","Bandage Up"],"picked":"Midas Touch","floor":2},{"not_picked":["blackbeard:Scrap","blackbeard:Shrapnel"],"picked":"blackbeard:Rum","floor":2},{"not_picked":["blackbeard:SwordDance","blackbeard:RemoveScurvy"],"picked":"blackbeard:BeatUp","floor":4},{"not_picked":["blackbeard:GhostInTheRum","blackbeard:Dagger"],"picked":"blackbeard:Shrapnel","floor":5},{"not_picked":["blackbeard:CloakAndCannonball","blackbeard:FishingNets"],"picked":"blackbeard:WiseDefense","floor":5},{"not_picked":["blackbeard:TheDrunkenSailor","blackbeard:FieryDefense"],"picked":"blackbeard:DoubleBottom","floor":7},{"not_picked":["blackbeard:PowderKeg","blackbeard:BuriedTreasure"],"picked":"blackbeard:Provisioning","floor":12},{"not_picked":["blackbeard:BlindAttacks","blackbeard:Upgrade"],"picked":"blackbeard:CaptainsCabin","floor":14}],"player_experience":2230794,"relics_obtained":[{"floor":7,"key":"Replay:Towering Pillar of Hats"},{"floor":11,"key":"SSSystem"},{"floor":12,"key":"reliquary:HotPoker"}],"event_choices":[],"is_beta":false,"boss_relics":[],"items_purged_floors":[8],"is_endless":false,"potions_floor_spawned":[4,7],"killed_by":"Hallownest:BossHornet","ascension_level":15}}