{"host":"fnk117zi8wf5078t","time":1611591361,"event":{"mods":["AchievementEnabler","BaseMod","Colored Map","Minty Spire (QoL Compilation)","Rare Cards Sparkle","SuperFastMode","everything is the same but u backflip on backflip"],"gold_per_floor":[117,136,136,47,47,73,73,73,73,86,86,86,38,54,54,149,149,163,176,3,18,0,0,0,19,19,19,34,34,34,34,34,34,34],"floor_reached":33,"language":"KOR","playtime":716,"items_purged":[],"score":440,"play_id":"2dc67bf4-5dfb-4766-ac50-2f5b9825ebc9","local_time":"20210126011601","is_ascension_mode":true,"campfire_choices":[{"data":"Beam Cell","floor":8.0,"key":"SMITH"},{"data":"Defend_B","floor":11.0,"key":"PURGE"},{"data":"Regret","floor":15.0,"key":"PURGE"},{"floor":23,"key":"REST"},{"floor":27,"key":"REST"},{"floor":29,"key":"REST"},{"floor":32,"key":"REST"}],"circlet_count":0,"master_deck":["AscendersBane","Strike_B","Defend_B+1","Defend_B","Defend_B","Zap","Dualcast+1","Beam Cell+1","Gash","Finesse","Rip and Tear","Gash","Meteor Strike","CurseOfTheBell","Steam Power","Turbo","Gash","Gash+1","Fusion+1"],"relics":["Cracked Core","NeowsBlessing","WingedGreaves","Orichalcum","Peace Pipe","Incense Burner","Calling Bell","War Paint","Shuriken","Emotion Chip","Membership Card","Blue Candle"],"acts_visited":["Exordium","TheCity"],"potions_floor_usage":[21,25],"damage_taken":[{"damage":0.0,"enemies":"Jaw Worm","floor":1.0,"turns":1.0},{"damage":0.0,"enemies":"2 Louse","floor":2.0,"turns":1.0},{"damage":0.0,"enemies":"Lagavulin","floor":6.0,"turns":1.0},{"damage":3.0,"enemies":"Small Slimes","floor":10.0,"turns":3.0},{"damage":0.0,"enemies":"Looter","floor":14.0,"turns":2.0},{"damage":49.0,"enemies":"Slime Boss","floor":16.0,"turns":10.0},{"damage":25.0,"enemies":"3 Byrds","floor":18.0,"turns":5.0},{"damage":17.0,"enemies":"Spheric Guardian","floor":19.0,"turns":4.0},{"damage":8,"enemies":"Shelled Parasite and Fungi","floor":21,"turns":6},{"damage":14,"enemies":"Snake Plant","floor":25,"turns":3},{"damage":30,"enemies":"Centurion and Healer","floor":28,"turns":6},{"damage":62,"enemies":"Collector","floor":33,"turns":3}],"seed_played":"-4668074522076612343","potions_obtained":[{"floor":1.0,"key":"AttackPotion"},{"floor":6.0,"key":"SkillPotion"},{"floor":19.0,"key":"SkillPotion"},{"floor":21,"key":"ColorlessPotion"}],"is_trial":false,"path_per_floor":["M","M","?","$","?","E","?","R","T","M","R","?","$","M","R","B",null,"M","M","$","M","?","R","?","M","T","R","M","R","$","$","R","B"],"character_chosen":"DEFECT","items_purchased":["Finesse","Gash","Membership Card","Gash"],"campfire_rested":4,"item_purchase_floors":[4,13,20,20],"current_hp_per_floor":[68,68,68,68,61,61,61,61,61,58,58,58,58,58,58,9,59,34,17,17,9,9,31,31,17,17,39,9,31,31,31,53,0,0],"gold":34,"neow_bonus":"THREE_ENEMY_KILL","is_daily":false,"chose_seed":false,"campfire_upgraded":1,"win_rate":0.0,"timestamp":1611591361,"path_taken":["M","M","?","$","?","E","?","R","T","M","R","?","$","M","R","BOSS","M","M","$","M","?","R","?","M","T","R","M","R","?","$","R","BOSS"],"items_purchased_type":["Card","Card","Relic","Card"],"build_version":"2020-12-22","purchased_purges":0,"victory":false,"max_hp_per_floor":[75,75,75,75,75,75,75,75,75,75,75,75,75,75,75,75,75,75,75,75,75,75,75,75,75,75,75,75,75,75,75,75,75,75],"card_choices":[{"not_picked":["Double Energy","Coolheaded"],"picked":"Beam Cell","floor":1.0},{"not_picked":["Hello World","White Noise"],"picked":"Gash","floor":2.0},{"not_picked":["Aggregate","Leap"],"picked":"Rip and Tear","floor":6.0},{"not_picked":["Cold Snap","Streamline","Capacitor"],"picked":"SKIP","floor":10.0},{"not_picked":["Cold Snap","Streamline","Capacitor"],"picked":"SKIP","floor":10.0},{"not_picked":["Blizzard","Hologram","Static Discharge"],"picked":"SKIP","floor":14.0},{"not_picked":["Core Surge","Biased Cognition"],"picked":"Meteor Strike","floor":16.0},{"not_picked":["Barrage","Sweeping Beam+1"],"picked":"Steam Power","floor":18.0},{"not_picked":["Conserve Battery+1","Hologram+1"],"picked":"Turbo","floor":19.0},{"not_picked":["Compile Driver","Sweeping Beam","Tempest"],"picked":"SKIP","floor":21},{"not_picked":["Coolheaded","Turbo"],"picked":"Gash+1","floor":25},{"not_picked":["Coolheaded","Ball Lightning+1"],"picked":"Fusion+1","floor":28}],"player_experience":421567,"relics_obtained":[{"floor":6.0,"key":"WingedGreaves"},{"floor":9.0,"key":"Peace Pipe"},{"floor":17.0,"key":"War Paint"},{"floor":17.0,"key":"Shuriken"},{"floor":17.0,"key":"Emotion Chip"},{"floor":26,"key":"Blue Candle"}],"event_choices":[{"cards_removed":["Strike_B"],"damage_healed":0.0,"max_hp_gain":0.0,"max_hp_loss":0.0,"gold_gain":0.0,"event_name":"Living Wall","player_choice":"Forget","floor":3.0,"gold_loss":0.0,"damage_taken":0.0},{"cards_removed":["Strike_B"],"damage_healed":0.0,"max_hp_gain":0.0,"max_hp_loss":0.0,"gold_gain":0.0,"event_name":"Golden Wing","player_choice":"Card Removal","floor":5.0,"gold_loss":0.0,"damage_taken":7.0},{"damage_healed":0.0,"max_hp_gain":0.0,"max_hp_loss":0.0,"gold_gain":0.0,"event_name":"Dead Adventurer","player_choice":"Searched \u00271\u0027 times","floor":7.0,"gold_loss":0.0,"damage_taken":0.0,"relics_obtained":["Orichalcum"]},{"damage_healed":0.0,"max_hp_gain":0.0,"max_hp_loss":0.0,"gold_gain":0.0,"event_name":"Big Fish","player_choice":"Box","floor":12.0,"gold_loss":0.0,"damage_taken":0.0,"relics_obtained":["Incense Burner"],"cards_obtained":["Regret"]},{"damage_healed":0,"gold_gain":0,"player_choice":"Paid Fearfully","damage_taken":0,"max_hp_gain":0,"max_hp_loss":0,"event_name":"Masked Bandits","floor":22,"gold_loss":18},{"cards_removed":["Strike_B"],"damage_healed":0,"gold_gain":0,"player_choice":"Elegance","damage_taken":0,"max_hp_gain":0,"max_hp_loss":0,"event_name":"Back to Basics","floor":24,"gold_loss":0}],"is_beta":false,"boss_relics":[{"not_picked":["SlaversCollar","Inserter"],"picked":"Calling Bell"}],"items_purged_floors":[],"is_endless":false,"potions_floor_spawned":[1,6,19,21],"killed_by":"Collector","ascension_level":11}}