{"host":"aukiz5jlacd3g5yc","time":1611557223,"event":{"mods":["2.2 Compatiblity","BaseMod","Bestiary","Colored Map","Colored Powertips","Downfall","GifTheSpireLib","Minty Spire (QoL Compilation)","Permanent Neow","Quick Restart","Random Character Button","Rare Cards Sparkle","Relic Sorter","Relic Stats","StSLib","everything is the same but u backflip on backflip","slay the spire mod where everything is the same but ironclad has a cowboy hat"],"gold_per_floor":[99,112,129,129,129,149,199,199,214,314,76,107,107,138,153,153,153,153],"floor_reached":16,"language":"ENG","playtime":814,"items_purged":[],"score":135,"play_id":"aed35e5e-038f-4daa-b21b-b34a57b8c3de","local_time":"20210125004703","is_ascension_mode":false,"campfire_choices":[{"data":"bronze:Goto","floor":1,"key":"SMITH"},{"data":"bronze:Separator","floor":8,"key":"SMITH"},{"data":"bronze:CloningBeam","floor":13,"key":"SMITH"}],"circlet_count":0,"master_deck":["bronze:Strike","bronze:Strike","bronze:Strike","bronze:Strike","bronze:Defend","bronze:Defend","bronze:Defend","bronze:Defend","bronze:Replicate","bronze:Goto+1","Deep Breath","bronze:Turbo","bronze:Separator+1","bronze:CloningBeam+1","bronze:OilSpill","Secret Technique","bronze:Frontload","bronze:Break"],"relics":["bronze:BronzeCore","bronze:BottledCode","FaceOfCleric","Orichalcum","Lizard Tail"],"acts_visited":["Exordium"],"potions_floor_usage":[14,16],"damage_taken":[{"damage":4,"enemies":"2 Louse","floor":2,"turns":3},{"damage":10,"enemies":"Jaw Worm","floor":3,"turns":5},{"damage":0,"enemies":"Cultist","floor":6,"turns":4},{"damage":5,"enemies":"Large Slime","floor":9,"turns":5},{"damage":5,"enemies":"downfall:FleeingMerchant","floor":11,"turns":4},{"damage":39,"enemies":"3 Sentries","floor":12,"turns":8},{"damage":0,"enemies":"Lagavulin","floor":14,"turns":2},{"damage":3,"enemies":"Red Slaver","floor":15,"turns":3},{"damage":71,"enemies":"WA_ARCHETYPE_RETAIN","floor":16,"turns":7}],"seed_played":"3070186257796036690","potions_obtained":[{"floor":2,"key":"AttackPotion"},{"floor":6,"key":"Regen Potion"},{"floor":12,"key":"Slimebound:ThreeZeroPotion"},{"floor":15,"key":"BlessingOfTheForge"}],"is_trial":false,"path_per_floor":["R","M","M","?","?","M","T","R","M","?","$","E","R","E","M","B"],"character_chosen":"THE_AUTOMATON","items_purchased":["bronze:OilSpill","Secret Technique"],"campfire_rested":0,"item_purchase_floors":[11,11],"current_hp_per_floor":[70,66,56,56,56,57,57,57,53,53,49,11,11,12,10,0,0,0],"gold":153,"neow_bonus":"RANDOM_COLORLESS","is_daily":false,"chose_seed":false,"campfire_upgraded":3,"win_rate":0.0,"timestamp":1611557223,"path_taken":["R","M","M","?","?","?","T","R","M","?","$","E","R","E","M","BOSS"],"items_purchased_type":["Card","Card"],"build_version":"2020-12-22","purchased_purges":0,"victory":false,"max_hp_per_floor":[70,70,70,60,60,61,61,61,62,62,63,64,64,65,66,66,66,66],"relic_stats":{"Lizard Tail":33,"FaceOfCleric":6,"counters":[9,41],"Orichalcum":[24],"obtain_stats":[{"bronze:BottledCode":4,"Lizard Tail":14,"bronze:BronzeCore":0,"FaceOfCleric":5,"Orichalcum":12},{"bronze:BottledCode":2,"Lizard Tail":7,"bronze:BronzeCore":0,"FaceOfCleric":2,"Orichalcum":6},{"bronze:BottledCode":8,"Lizard Tail":31,"bronze:BronzeCore":0,"FaceOfCleric":8,"Orichalcum":29}]},"card_choices":[{"not_picked":["Finesse","Bandage Up"],"picked":"Deep Breath","floor":0},{"not_picked":["bronze:MaxOutput","bronze:BitShift"],"picked":"bronze:Turbo","floor":2},{"not_picked":["bronze:Overheat","bronze:WildBeam","bronze:FineTuning"],"picked":"SKIP","floor":3},{"not_picked":["bronze:BuggyMess","bronze:Safeguard"],"picked":"bronze:Separator","floor":6},{"not_picked":["bronze:HyperBeam","bronze:DelayedSlice"],"picked":"bronze:CloningBeam","floor":9},{"not_picked":["bronze:BugBarrage","bronze:DelayedGuard","bronze:Overheat"],"picked":"SKIP","floor":11},{"not_picked":["bronze:BuggyMess","bronze:HardenedForm"],"picked":"bronze:Frontload","floor":12},{"not_picked":["bronze:Invalidate","bronze:DelayedGuard","bronze:Shield"],"picked":"SKIP","floor":14},{"not_picked":["bronze:CutThrough","bronze:DelayedGuard"],"picked":"bronze:Break","floor":15}],"player_experience":356294,"relics_obtained":[{"floor":12,"key":"Orichalcum"},{"floor":14,"key":"Lizard Tail"}],"event_choices":[{"damage_healed":0,"gold_gain":0,"player_choice":"Trade","damage_taken":0,"relics_obtained":["FaceOfCleric"],"max_hp_gain":0,"max_hp_loss":0,"event_name":"FaceTrader","floor":5,"gold_loss":0},{"damage_healed":0,"gold_gain":100,"player_choice":"Gold","damage_taken":0,"max_hp_gain":0,"max_hp_loss":0,"event_name":"Wheel of Change","floor":10,"gold_loss":0}],"is_beta":false,"boss_relics":[],"items_purged_floors":[],"is_endless":false,"potions_floor_spawned":[2,6,12,15],"killed_by":"WA_ARCHETYPE_RETAIN","ascension_level":0}}