{"host":"armnliea5o2aqs4b","time":1611544324,"event":{"mods":["BaseMod","Hermit","Hubris","Infinite Spire","Minty Spire (QoL Compilation)","Quick Restart","StSLib","The Construct","The Disciple","The Forsaken"],"gold_per_floor":[109,128,128,49,49,49,83,101,126,51,69,69,69,69,69,174,224,236,236,236,236,161,161,186,202,202,202,57,68,21,35,35,135,135,152,0,0,13,13,13,27,62,111,123,135,145,145,159,159,159,159],"floor_reached":50,"language":"ENG","playtime":1202,"items_purged":["Strike_R","Havoc"],"score":750,"play_id":"86b8a1d1-3add-41e9-8f18-a64f7b509e2e","local_time":"20210125141204","is_ascension_mode":true,"campfire_choices":[{"data":"Cleave","floor":6.0,"key":"SMITH"},{"data":"Heavy Blade","floor":13.0,"key":"SMITH"},{"data":"Inflame","floor":15.0,"key":"SMITH"},{"data":"Inflame","floor":23.0,"key":"SMITH"},{"data":"Inflame","floor":27.0,"key":"SMITH"},{"data":"Feed","floor":32.0,"key":"SMITH"},{"data":"Spot Weakness","floor":40.0,"key":"SMITH"},{"data":"Anger","floor":47.0,"key":"SMITH"},{"data":"Brutality","floor":49.0,"key":"SMITH"}],"circlet_count":0,"master_deck":["Bash","Cleave+1","Inflame+1","Heavy Blade+1","Inflame+1","Feed+1","Anger+1","Brutality+1","hubris:CleavingFinish","Inflame+1","Feed+1","Thunderclap+1","Shrug It Off+1","Double Tap+1","Spot Weakness+1","Inflame+1"],"relics":["Burning Blood","NeowsBlessing","Lantern","Happy Flower","Regal Pillow","hubris:Icosahedron","Brimstone","Tiny House","MutagenicStrength","Gremlin Horn","Pandora\u0027s Box","hubris:BottledHeart","Vajra","Bottled Flame","Whetstone","Red Mask","construct:FoamFinger","War Paint"],"acts_visited":["Exordium","TheCity","TheBeyond"],"potions_floor_usage":[50,50],"damage_taken":[{"damage":0.0,"enemies":"Small Slimes","floor":1.0,"turns":1.0},{"damage":0.0,"enemies":"2 Louse","floor":2.0,"turns":1.0},{"damage":0.0,"enemies":"Gremlin Nob","floor":7.0,"turns":1.0},{"damage":0.0,"enemies":"Cultist","floor":8.0,"turns":2.0},{"damage":7.0,"enemies":"Blue Slaver","floor":11.0,"turns":2.0},{"damage":0.0,"enemies":"Slime Boss","floor":16.0,"turns":5.0},{"damage":3.0,"enemies":"2 Thieves","floor":18.0,"turns":2.0},{"damage":0.0,"enemies":"Gremlin Leader","floor":24.0,"turns":1.0},{"damage":0.0,"enemies":"3 Byrds","floor":25.0,"turns":2.0},{"damage":0.0,"enemies":"Centurion and Healer","floor":29.0,"turns":1.0},{"damage":0.0,"enemies":"Snecko","floor":31.0,"turns":1.0},{"damage":0.0,"enemies":"Collector","floor":33.0,"turns":3.0},{"damage":0.0,"enemies":"3 Darklings","floor":35.0,"turns":2.0},{"damage":0.0,"enemies":"Orb Walker","floor":38.0,"turns":1.0},{"damage":0.0,"enemies":"Transient","floor":41.0,"turns":5.0},{"damage":0.0,"enemies":"Giant Head","floor":42.0,"turns":4.0},{"damage":0.0,"enemies":"Spire Growth","floor":44.0,"turns":2.0},{"damage":0.0,"enemies":"Maw","floor":45.0,"turns":3.0},{"damage":0.0,"enemies":"Jaw Worm Horde","floor":46.0,"turns":1.0},{"damage":0.0,"enemies":"3 Darklings","floor":48.0,"turns":2.0},{"damage":28,"enemies":"Awakened One","floor":50,"turns":4}],"seed_played":"-6959871054871878175","potions_obtained":[{"floor":1.0,"key":"construct:ShiftPotion"},{"floor":8.0,"key":"DistilledChaos"},{"floor":17.0,"key":"infinitespire:BlackPotion"},{"floor":24.0,"key":"SneckoOil"},{"floor":31.0,"key":"Block Potion"},{"floor":33.0,"key":"FearPotion"}],"is_trial":false,"path_per_floor":["M","M","?","$","?","R","E","M","T","$","M","?","R","$","R","B",null,"M","?","AVR","?","?","R","E","M","T","R","$","M","$","M","R","B",null,"M","?","$","M","?","R","M","E","T","M","M","M","R","M","R","B"],"character_chosen":"IRONCLAD","items_purchased":["Inflame","Brimstone","Whetstone","Shrug It Off"],"campfire_rested":0,"item_purchase_floors":[4,14,28,30],"current_hp_per_floor":[80,80,64,64,64,64,70,76,76,76,75,75,75,65,65,71,85,88,88,88,1,1,1,1,1,1,1,1,1,1,1,1,1,1,1,1,1,1,1,1,1,1,1,1,1,1,1,1,1,0,0],"gold":159,"neow_bonus":"THREE_ENEMY_KILL","is_daily":false,"chose_seed":false,"campfire_upgraded":9,"win_rate":0.0,"timestamp":1611544324,"path_taken":["M","M","?","$","?","R","E","M","T","$","M","?","R","?","R","BOSS","M","?","AVR","?","?","R","E","M","T","R","?","M","$","M","R","BOSS","M","?","$","M","?","R","?","E","T","M","M","M","R","M","R","BOSS"],"items_purchased_type":["Card","Relic","Relic","Card"],"build_version":"2020-12-22","purchased_purges":2,"victory":false,"max_hp_per_floor":[80,80,80,80,80,80,80,80,80,80,80,80,80,80,80,80,85,88,88,88,1,1,1,1,1,1,1,1,1,1,1,1,1,1,1,1,1,1,1,1,1,1,1,1,1,1,1,1,1,1,1],"card_choices":[{"not_picked":["Shrug It Off","Clash"],"picked":"Cleave","floor":1.0},{"not_picked":["Reckless Charge","Clothesline","hubris:CleavingFinish"],"picked":"SKIP","floor":2.0},{"not_picked":["hubris:CleavingFinish","Second Wind"],"picked":"Heavy Blade","floor":7.0},{"not_picked":["Armaments","Havoc"],"picked":"Inflame","floor":8.0},{"not_picked":["Sword Boomerang","Perfected Strike","Warcry"],"picked":"SKIP","floor":11.0},{"not_picked":["Bludgeon","Barricade"],"picked":"Feed","floor":16.0},{"not_picked":["Rampage+1","Warcry","Clash"],"picked":"SKIP","floor":18.0},{"not_picked":["Feel No Pain+1","Clothesline","Battle Trance"],"picked":"SKIP","floor":24.0},{"not_picked":["Perfected Strike","Heavy Blade+1","Cleave"],"picked":"SKIP","floor":25.0},{"not_picked":["Uppercut","hubris:CleavingFinish","Pommel Strike"],"picked":"SKIP","floor":29.0},{"not_picked":["Heavy Blade+1","hubris:StunningStrike","Cleave"],"picked":"SKIP","floor":31.0},{"not_picked":["Immolate","Barricade"],"picked":"Double Tap","floor":33.0},{"not_picked":["Second Wind+1","Sever Soul","Entrench+1"],"picked":"SKIP","floor":35.0},{"not_picked":["Sever Soul+1","Wild Strike"],"picked":"Spot Weakness","floor":38.0},{"not_picked":["Headbutt+1","Blood for Blood+1"],"picked":"Inflame+1","floor":41.0},{"not_picked":["Havoc","Body Slam+1","Searing Blow+1"],"picked":"SKIP","floor":42.0},{"not_picked":["Perfected Strike+1","Metallicize","Evolve"],"picked":"SKIP","floor":44.0},{"not_picked":["Anger+1","Heavy Blade+1","Iron Wave+1"],"picked":"SKIP","floor":45.0},{"not_picked":["hubris:SharpeningStone","Thunderclap","Carnage"],"picked":"SKIP","floor":46.0},{"not_picked":["Uppercut+1","Pommel Strike+1","Flex"],"picked":"SKIP","floor":48.0}],"player_experience":196550,"relics_obtained":[{"floor":5.0,"key":"Lantern"},{"floor":7.0,"key":"Happy Flower"},{"floor":9.0,"key":"Regal Pillow"},{"floor":24.0,"key":"Vajra"},{"floor":26.0,"key":"Bottled Flame"},{"floor":42.0,"key":"construct:FoamFinger"},{"floor":43.0,"key":"War Paint"}],"event_choices":[{"damage_healed":0.0,"max_hp_gain":0.0,"max_hp_loss":0.0,"gold_gain":0.0,"event_name":"Shining Light","player_choice":"Entered Light","floor":3.0,"gold_loss":0.0,"damage_taken":16.0,"cards_upgraded":["Strike_R","Defend_R"]},{"damage_healed":0.0,"max_hp_gain":0.0,"max_hp_loss":0.0,"gold_gain":0.0,"event_name":"Drug Dealer","player_choice":"Inject Mutagens","floor":19.0,"gold_loss":0.0,"damage_taken":0.0,"relics_obtained":["MutagenicStrength"]},{"cards_removed":["Fiend Fire"],"damage_healed":0.0,"max_hp_gain":0.0,"max_hp_loss":0.0,"gold_gain":0.0,"event_name":"Beggar","player_choice":"Gave Gold","floor":22.0,"gold_loss":75.0,"damage_taken":0.0},{"damage_healed":0.0,"max_hp_gain":0.0,"max_hp_loss":0.0,"gold_gain":0.0,"event_name":"Tomb of Lord Red Mask","player_choice":"Paid","floor":36.0,"gold_loss":152.0,"damage_taken":0.0,"relics_obtained":["Red Mask"]},{"damage_healed":0.0,"max_hp_gain":0.0,"max_hp_loss":0.0,"gold_gain":0.0,"event_name":"NoteForYourself","player_choice":"Ignored","floor":39.0,"gold_loss":0.0,"damage_taken":0.0}],"is_beta":false,"boss_relics":[{"not_picked":["Busted Crown","Runic Cube"],"picked":"Tiny House"},{"not_picked":["Philosopher\u0027s Stone","Empty Cage","hubris:GrandSneckoEye"]}],"items_purged_floors":[10,20],"is_endless":false,"potions_floor_spawned":[1,8,24,31,33,35,38,45],"killed_by":"Awakened One","ascension_level":1}}