{"host":"o1scrl1hgy598kuq","time":1611565517,"event":{"mods":["BaseMod","Colored Map","Colored Powertips","Minty Spire (QoL Compilation)","Remilia??????","Replay The Spire","Shop Mod","StSLib","The Jungle","The Marked","The Servant 0.9.4"],"gold_per_floor":[113,133,133,99,99,99,133,149,149,149,163,175,15,15,15,112,112,130,55,55,75,94,126,126,159,159,172,190,208,208,219,219,321,321,333,353,64,80,99,99,99],"floor_reached":40,"language":"ENG","playtime":3207,"items_purged":["Strike_RM"],"score":532,"play_id":"e6363793-095f-4cd1-a5cc-82eee88827dc","local_time":"20210125030517","is_ascension_mode":false,"campfire_choices":[{"data":"BloodAndWine","floor":6,"key":"SMITH"},{"data":"Strike_RM","floor":15,"key":"PURGE"},{"data":"RedMoon","floor":24,"key":"SMITH"},{"data":"FitfulNightmare","floor":30,"key":"SMITH"},{"floor":32,"key":"RECALL"}],"circlet_count":0,"master_deck":["Strike_RM","Strike_RM","Defend_RM","Defend_RM","Defend_RM+1","RedMoon+1","ScarletShoot+1","BloodAndWine+1","BombardNight+1","ScarletImprint+1","MillenniumVampire","ScarletImprint+1","HunterOfTheNight","FitfulNightmare+1","TransientEternity+1","MastersStateliness","StarOfDavid+1","ScarletImprint+1","DemonKingCradle+1","FitfulNightmare+1","QueenOfMidnight+1","BloodRain+1","BlasphemousPunishment","Master of Strategy+1","BloodyHallows+1","MastersStateliness+1","Parasite","UnstableMagic+1"],"relics":["ScarletHat","Replay:Multitool","MerchantsRug","Divine Protection","APieceOfRedMist","Dream Catcher","Golden Egg","Quantum Egg","Busted Crown"],"acts_visited":["Exordium","TheCity","TheBeyond"],"potions_floor_usage":[11,33,33,36,39],"damage_taken":[{"damage":0,"enemies":"Cultist","floor":1,"turns":3},{"damage":0,"enemies":"Jaw Worm","floor":2,"turns":4},{"damage":25,"enemies":"Gremlin Nob","floor":7,"turns":7},{"damage":0,"enemies":"2 Louse","floor":8,"turns":1},{"damage":0,"enemies":"Looter","floor":11,"turns":4},{"damage":0,"enemies":"Lots of Slimes","floor":12,"turns":1},{"damage":0,"enemies":"Slime Boss","floor":16,"turns":6},{"damage":4,"enemies":"3 Byrds","floor":18,"turns":6},{"damage":0,"enemies":"Chosen","floor":21,"turns":6},{"damage":0,"enemies":"Centurion and Healer","floor":22,"turns":5},{"damage":0,"enemies":"Book of Stabbing","floor":23,"turns":8},{"damage":0,"enemies":"Replay:Snechameleon","floor":25,"turns":4},{"damage":7,"enemies":"Snake Plant","floor":27,"turns":5},{"damage":0,"enemies":"Snecko","floor":28,"turns":4},{"damage":1,"enemies":"3 Cultists","floor":29,"turns":5},{"damage":9,"enemies":"Snake Plant","floor":31,"turns":2},{"damage":12,"enemies":"Collector","floor":33,"turns":5},{"damage":30,"enemies":"3 Darklings","floor":35,"turns":4},{"damage":28,"enemies":"Orb Walker","floor":36,"turns":4},{"damage":20,"enemies":"Writhing Mass","floor":38,"turns":4},{"damage":29,"enemies":"4 Shapes","floor":39,"turns":4},{"damage":51,"enemies":"Giant Head","floor":40,"turns":3}],"seed_played":"5428071727980648551","potions_obtained":[{"floor":2,"key":"Venom Potion"},{"floor":7,"key":"Strength Potion"},{"floor":11,"key":"ColorlessPotion"},{"floor":16,"key":"Energy Potion"},{"floor":18,"key":"Languid Potion"},{"floor":21,"key":"LifebloodPotion"},{"floor":23,"key":"Dexterity Potion"},{"floor":38,"key":"ColorlessPotion"},{"floor":39,"key":"Adrenaline Potion"}],"is_trial":false,"path_per_floor":["M","M","?","$","?","R","E","M","T","R","M","M","$","T","R","B",null,"M","$","?","M","M","E","R","E","T","M","M","M","R","M","R","B",null,"M","M","$","M","M","E"],"character_chosen":"REMILIA","items_purchased":["ScarletImprint+1","MerchantsRug","FitfulNightmare+1","Master of Strategy","BloodyHallows","MastersStateliness"],"campfire_rested":0,"item_purchase_floors":[4,13,13,37,37,37],"current_hp_per_floor":[82,82,82,82,66,66,43,43,43,67,67,67,67,67,67,71,82,80,80,80,82,82,82,82,82,82,76,82,81,81,75,75,82,82,60,43,43,46,34,0,0],"gold":99,"neow_bonus":"TEN_PERCENT_HP_BONUS","is_daily":false,"chose_seed":false,"campfire_upgraded":3,"win_rate":0.0,"timestamp":1611565517,"path_taken":["M","M","?","?","?","R","E","M","T","R","?","M","$","?","R","BOSS","M","$","?","?","M","E","R","E","T","M","M","M","R","M","R","BOSS","M","M","$","M","?","E"],"items_purchased_type":["Card","Relic","Card","Card","Card","Card"],"build_version":"2020-12-22","purchased_purges":1,"victory":false,"max_hp_per_floor":[82,82,82,82,82,82,82,82,82,82,82,82,82,82,82,82,82,82,82,82,82,82,82,82,82,82,82,82,82,82,82,82,82,82,82,82,82,82,82,82,82],"card_choices":[{"not_picked":["BloodHunter","CharismaGuard"],"picked":"BloodAndWine","floor":1},{"not_picked":["ChainGang","StarOfDavid"],"picked":"BombardNight","floor":2},{"not_picked":["NightLord","NightDance"],"picked":"MillenniumVampire","floor":7},{"not_picked":["EndlessAdversity","CharismaGuard"],"picked":"ScarletImprint","floor":8},{"not_picked":["LeisurelyOfLord","BatForm"],"picked":"HunterOfTheNight","floor":11},{"not_picked":["EndlessAdversity","NightDance","BombardNight"],"picked":"SKIP","floor":12},{"not_picked":["HeartBreak","EquivalentExchange"],"picked":"TransientEternity","floor":16},{"not_picked":["VampireKiss","EndlessAdversity+1"],"picked":"MastersStateliness","floor":18},{"not_picked":["FavorOfDestiny","ScarletImprint","ScarletSymphony"],"picked":"SKIP","floor":21},{"not_picked":["VampireKiss","UltimateOffering+1","ChainGang"],"picked":"SKIP","floor":22},{"not_picked":["MiserableFate","BloodyTrap"],"picked":"StarOfDavid+1","floor":23},{"not_picked":["BombardNight+1","NightDance"],"picked":"ScarletImprint+1","floor":25},{"not_picked":["VampireSweep","DiffusionOfMisfortune"],"picked":"DemonKingCradle","floor":27},{"not_picked":["ScarletDevil","BombardNight+1","VampireKiss"],"picked":"SKIP","floor":28},{"not_picked":["CharismaGuard","AfternoonTea"],"picked":"FitfulNightmare","floor":29},{"not_picked":["StarOfDavid+1","Stigmanizer"],"picked":"QueenOfMidnight","floor":31},{"not_picked":["KillingBlow","QueenOfMidnight"],"picked":"BloodRain","floor":33},{"not_picked":[],"picked":"BlasphemousPunishment","floor":35},{"not_picked":["BloodyMagicSquare"],"picked":"SKIP","floor":36},{"not_picked":["RedRainbow"],"picked":"SKIP","floor":38},{"not_picked":[],"picked":"UnstableMagic+1","floor":39}],"player_experience":213129,"relics_obtained":[{"floor":7,"key":"Replay:Multitool"},{"floor":14,"key":"Divine Protection"},{"floor":23,"key":"Dream Catcher"},{"floor":25,"key":"Golden Egg"},{"floor":26,"key":"Quantum Egg"}],"event_choices":[{"cards_removed":["Defend_RM"],"damage_healed":0,"gold_gain":0,"player_choice":"Purged","damage_taken":0,"max_hp_gain":0,"max_hp_loss":0,"event_name":"Purifier","floor":3,"gold_loss":0},{"damage_healed":0,"gold_gain":0,"player_choice":"Entered Light","damage_taken":16,"max_hp_gain":0,"max_hp_loss":0,"event_name":"Shining Light","floor":5,"gold_loss":0,"cards_upgraded":["BombardNight","Defend_RM"]},{"damage_healed":0,"gold_gain":0,"player_choice":"Upgraded","damage_taken":0,"max_hp_gain":0,"max_hp_loss":0,"event_name":"Upgrade Shrine","floor":20,"gold_loss":0,"cards_upgraded":["TransientEternity"]}],"is_beta":false,"boss_relics":[{"not_picked":["Runic Pyramid","Fusion Hammer"],"picked":"APieceOfRedMist"},{"not_picked":["Kintsugi","ReplayTheSpireMod:DimensionalGlitch"],"picked":"Busted Crown"}],"items_purged_floors":[19],"is_endless":false,"potions_floor_spawned":[2,7,11,16,18,21,23,31,38,39],"killed_by":"Giant Head","ascension_level":0}}