{"host":"hk3n60c9tb8azi3z","time":1611537302,"event":{"mods":["AchievementEnabler","BaseMod","Minty Spire (QoL Compilation)","Permanent Neow","Quick Restart","Relic Sorter","Relic Stats"],"gold_per_floor":[109,184,184,204,204,234,234,234,234],"floor_reached":8,"language":"ENG","playtime":366,"items_purged":[],"score":108,"play_id":"9dfa9eca-b956-4a12-9d7c-7539e5326c69","local_time":"20210125021502","is_ascension_mode":true,"campfire_choices":[{"floor":7,"key":"REST"}],"circlet_count":0,"master_deck":["AscendersBane","Strike_B","Strike_B","Strike_B","Strike_B","Defend_B","Defend_B","Defend_B","Defend_B","Zap","Dualcast","Ball Lightning+1","White Noise","Rainbow","Doom and Gloom"],"relics":["Fusion Hammer","Smiling Mask"],"acts_visited":["Exordium"],"potions_floor_usage":[8],"damage_taken":[{"damage":3,"enemies":"2 Louse","floor":1,"turns":3},{"damage":2,"enemies":"Small Slimes","floor":4,"turns":3},{"damage":38,"enemies":"3 Sentries","floor":6,"turns":7},{"damage":37,"enemies":"Gremlin Nob","floor":8,"turns":3}],"seed_played":"6138593906153141846","potions_obtained":[{"floor":6,"key":"GamblersBrew"}],"is_trial":false,"path_per_floor":["M","?","?","M","?","E","R","E"],"character_chosen":"DEFECT","items_purchased":[],"campfire_rested":1,"item_purchase_floors":[],"current_hp_per_floor":[61,50,50,48,48,10,31,0,0],"gold":234,"neow_bonus":"BOSS_RELIC","is_daily":false,"chose_seed":false,"campfire_upgraded":0,"win_rate":0.0,"timestamp":1611537302,"path_taken":["M","?","?","M","?","E","R","E"],"items_purchased_type":[],"build_version":"2020-12-22","purchased_purges":0,"victory":false,"max_hp_per_floor":[71,71,71,71,71,71,71,71,71],"relic_stats":{"counters":[4,16],"Smiling Mask":0,"obtain_stats":[{"Fusion Hammer":0,"Cracked Core":0,"Smiling Mask":6},{"Fusion Hammer":0,"Cracked Core":0,"Smiling Mask":3},{"Fusion Hammer":0,"Cracked Core":0,"Smiling Mask":13}]},"card_choices":[{"not_picked":["Steam","Sunder"],"picked":"Ball Lightning","floor":1},{"not_picked":["Sunder","Gash"],"picked":"White Noise","floor":4},{"not_picked":["All For One","Tempest"],"picked":"Doom and Gloom","floor":6}],"player_experience":1602186,"relics_obtained":[{"floor":6,"key":"Smiling Mask"}],"event_choices":[{"damage_healed":0,"gold_gain":75,"player_choice":"Gather Gold","damage_taken":11,"max_hp_gain":0,"max_hp_loss":0,"event_name":"World of Goop","floor":2,"gold_loss":0},{"damage_healed":0,"gold_gain":0,"player_choice":"Grow","damage_taken":0,"max_hp_gain":0,"max_hp_loss":0,"event_name":"Living Wall","floor":3,"gold_loss":0,"cards_upgraded":["Ball Lightning"]},{"damage_healed":0,"gold_gain":0,"player_choice":"1 cards matched","damage_taken":0,"max_hp_gain":0,"max_hp_loss":0,"event_name":"Match and Keep!","floor":5,"gold_loss":0,"cards_obtained":["Rainbow"]}],"is_beta":false,"boss_relics":[],"items_purged_floors":[],"is_endless":false,"potions_floor_spawned":[6],"killed_by":"Gremlin Nob","ascension_level":20}}