{"host":"w9njud19qyl0lpz1","time":1611593909,"event":{"mods":["BaseMod","Minty Spire (QoL Compilation)","StSLib"],"gold_per_floor":[114,114,34,48,66,94,94,24,24,24,51,126,152,227,227,322,322,305,305,45,60,60,90,102,2,2,22,71,71,71,84,84,180,180,192,102,40,52,67,97,97,97],"floor_reached":41,"language":"ENG","playtime":4165,"items_purged":["Strike_R","Regret","Strike_R"],"score":482,"play_id":"73d7b361-ed8c-40d0-a7ab-70f05300d2eb","local_time":"20210125115829","is_ascension_mode":false,"campfire_choices":[{"data":"Rupture","floor":7,"key":"SMITH"},{"floor":10,"key":"REST"},{"floor":15,"key":"REST"},{"floor":30,"key":"REST"},{"floor":32,"key":"REST"}],"circlet_count":0,"master_deck":["Strike_R","Defend_R","Defend_R","Defend_R","Bash","Brutality","Rupture+1","Cleave","Armaments","Headbutt","Heavy Blade+1","Ghostly Armor","Anger","Shockwave","Limit Break","Forethought","Pummel","Seeing Red","Whirlwind","Infernal Blade","True Grit","Cleave","Rampage","Exhume","CurseOfTheBell","Body Slam+1","Combust","Twin Strike+1","Reaper"],"relics":["Burning Blood","The Courier","Centennial Puzzle","Nunchaku","Torii","Bottled Flame","SacredBark","Lee\u0027s Waffle","Bag of Preparation","Mummified Hand","Art of War","Calling Bell","Tiny Chest","White Beast Statue","Incense Burner","Omamori"],"acts_visited":["Exordium","TheCity","TheBeyond"],"potions_floor_usage":[6,11,16,18,23,23,23,24,24,38,39,40,41,41],"damage_taken":[{"damage":6,"enemies":"Cultist","floor":1,"turns":4},{"damage":2,"enemies":"2 Louse","floor":4,"turns":3},{"damage":6,"enemies":"Small Slimes","floor":5,"turns":3},{"damage":25,"enemies":"Lagavulin","floor":6,"turns":6},{"damage":29,"enemies":"3 Sentries","floor":11,"turns":7},{"damage":22,"enemies":"Gremlin Nob","floor":13,"turns":4},{"damage":25,"enemies":"The Guardian","floor":16,"turns":8},{"damage":18,"enemies":"2 Thieves","floor":18,"turns":4},{"damage":9,"enemies":"Chosen","floor":21,"turns":6},{"damage":4,"enemies":"Book of Stabbing","floor":23,"turns":4},{"damage":5,"enemies":"Snake Plant","floor":24,"turns":5},{"damage":35,"enemies":"Centurion and Healer","floor":27,"turns":7},{"damage":26,"enemies":"Shelled Parasite and Fungi","floor":31,"turns":6},{"damage":82,"enemies":"Collector","floor":33,"turns":9},{"damage":9,"enemies":"3 Shapes","floor":35,"turns":6},{"damage":8,"enemies":"3 Darklings","floor":38,"turns":3},{"damage":21,"enemies":"4 Shapes","floor":39,"turns":5},{"damage":57,"enemies":"Nemesis","floor":40,"turns":5},{"damage":25,"enemies":"Spire Growth","floor":41,"turns":4}],"seed_played":"-2625247395467304110","potions_obtained":[{"floor":5,"key":"GamblersBrew"},{"floor":13,"key":"ColorlessPotion"},{"floor":16,"key":"SpeedPotion"},{"floor":18,"key":"Block Potion"},{"floor":21,"key":"EntropicBrew"},{"floor":27,"key":"Energy Potion"},{"floor":35,"key":"Weak Potion"},{"floor":38,"key":"CultistPotion"},{"floor":39,"key":"Explosive Potion"},{"floor":40,"key":"PowerPotion"}],"is_trial":false,"path_per_floor":["M","?","$","M","M","E","R","$","T","R","E","?","E","?","R","B",null,"M","?","$","M","$","E","M","$","T","M","T","?","R","M","R","B",null,"M","?","$","M","M","E","M"],"character_chosen":"IRONCLAD","items_purchased":["Cleave","Ghostly Armor","AttackPotion","Lee\u0027s Waffle","Pummel","Combust"],"campfire_rested":4,"item_purchase_floors":[3,8,8,20,20,37],"current_hp_per_floor":[80,80,80,80,80,61,61,61,61,80,57,57,41,30,54,35,80,68,56,87,84,84,86,87,87,87,58,58,58,84,64,87,11,87,84,84,84,82,67,16,0,0],"gold":97,"neow_bonus":"ONE_RANDOM_RARE_CARD","is_daily":false,"chose_seed":false,"campfire_upgraded":1,"win_rate":0.0,"timestamp":1611593909,"path_taken":["M","?","$","M","M","E","R","$","T","R","E","?","E","?","R","BOSS","M","?","$","?","$","E","?","$","T","M","?","?","R","M","R","BOSS","M","?","$","M","M","E","M"],"items_purchased_type":["Card","Card","Potion","Relic","Card","Card"],"build_version":"2020-12-22","purchased_purges":3,"victory":false,"max_hp_per_floor":[80,80,80,80,80,80,80,80,80,80,80,80,80,80,80,80,80,80,80,87,87,87,87,87,87,87,87,87,87,87,87,87,87,87,87,87,87,87,87,87,87,87],"card_choices":[{"not_picked":["Pommel Strike","Armaments"],"picked":"Rupture","floor":1},{"not_picked":["Cleave","Headbutt"],"picked":"Armaments","floor":4},{"not_picked":["Blood for Blood","Twin Strike"],"picked":"Headbutt","floor":5},{"not_picked":["Headbutt","Bludgeon"],"picked":"Heavy Blade","floor":6},{"not_picked":["Clash","Feel No Pain"],"picked":"Anger","floor":11},{"not_picked":["Inflame","Anger"],"picked":"Shockwave","floor":13},{"not_picked":["Barricade","Immolate"],"picked":"Limit Break","floor":16},{"not_picked":["Pommel Strike","Ghostly Armor","Armaments"],"picked":"SKIP","floor":18},{"not_picked":["Iron Wave","Cleave+1","Anger+1"],"picked":"SKIP","floor":21},{"not_picked":["Iron Wave","Sentinel"],"picked":"Seeing Red","floor":23},{"not_picked":["Burning Pact","Flex+1"],"picked":"Whirlwind","floor":24},{"not_picked":["Body Slam","Cleave+1"],"picked":"Infernal Blade","floor":27},{"not_picked":["Dark Embrace","Hemokinesis"],"picked":"Rampage","floor":31},{"not_picked":["Demon Form","Limit Break"],"picked":"Exhume","floor":33},{"not_picked":["Clothesline+1","Iron Wave+1"],"picked":"Body Slam+1","floor":35},{"not_picked":["Flex","Anger"],"picked":"Twin Strike+1","floor":38},{"not_picked":["Cleave","Anger+1"],"picked":"Reaper","floor":39},{"not_picked":["Havoc+1","Reaper","Thunderclap"],"picked":"SKIP","floor":40}],"player_experience":2270315,"relics_obtained":[{"floor":6,"key":"Centennial Puzzle"},{"floor":9,"key":"Nunchaku"},{"floor":11,"key":"Torii"},{"floor":13,"key":"Bottled Flame"},{"floor":23,"key":"Bag of Preparation"},{"floor":26,"key":"Mummified Hand"},{"floor":28,"key":"Art of War"},{"floor":34,"key":"Tiny Chest"},{"floor":34,"key":"White Beast Statue"},{"floor":34,"key":"Incense Burner"},{"floor":40,"key":"Omamori"}],"event_choices":[{"damage_healed":0,"gold_gain":0,"player_choice":"Box","damage_taken":0,"relics_obtained":["The Courier"],"max_hp_gain":0,"max_hp_loss":0,"event_name":"Big Fish","floor":2,"gold_loss":0,"cards_obtained":["Regret"]},{"damage_healed":0,"gold_gain":75,"player_choice":"Gained Gold","damage_taken":0,"max_hp_gain":0,"max_hp_loss":0,"event_name":"Golden Wing","floor":12,"gold_loss":0},{"damage_healed":0,"gold_gain":75,"player_choice":"Gather Gold","damage_taken":11,"max_hp_gain":0,"max_hp_loss":0,"event_name":"World of Goop","floor":14,"gold_loss":0},{"damage_healed":0,"gold_gain":0,"player_choice":"CARD ","damage_taken":12,"max_hp_gain":0,"max_hp_loss":0,"event_name":"Knowing Skull","floor":19,"potions_obtained":[],"gold_loss":0,"cards_obtained":["Forethought"]},{"damage_healed":0,"gold_gain":0,"cards_transformed":["Strike_R","Defend_R"],"player_choice":"Became Test Subject","damage_taken":0,"max_hp_gain":0,"max_hp_loss":0,"event_name":"Drug Dealer","floor":29,"gold_loss":0,"cards_obtained":["True Grit","Cleave"]},{"cards_removed":["Strike_R"],"damage_healed":0,"gold_gain":0,"player_choice":"Upgrade and Remove","damage_taken":0,"max_hp_gain":0,"max_hp_loss":0,"event_name":"Designer","floor":36,"gold_loss":90,"cards_upgraded":["Heavy Blade"]}],"is_beta":false,"boss_relics":[{"not_picked":["SlaversCollar","Ectoplasm"],"picked":"SacredBark"},{"not_picked":["Black Star","Philosopher\u0027s Stone"],"picked":"Calling Bell"}],"items_purged_floors":[3,20,25],"is_endless":false,"potions_floor_spawned":[5,13,16,18,21,27,35,38,39,40],"killed_by":"Spire Growth","ascension_level":0}}