{"host":"8inpc3yxphy2r27y","time":1611540047,"event":{"mods":["100% Spire Juice","ATMod(阿瑾Mod)","Bard","BaseMod","Better Synergies","Challenge The Spire","Conspire","Downfall","Energized Spire","FutureSeer","Gremlin Mod","Hunter 猎人","KinomotoSakuraMod(木之本樱)","Lobotomy","LobotomyExtend","Minty Spire (QoL Compilation)","Quick Restart","Relic Filter Mod","Replay The Spire","RumiaBox-露米娅的神秘盒子","Ryuuou龙王","SIMod","Shop Mod","Spicy Shops","StSLib","TestMod","The Cursed","The Gatherer","The Hierophant","[IsaacMod]以撒尖塔","[JumpMod]舞动尖塔","noobMod","【功能Mod】混沌之环修复补丁","【遗物卡牌】REMEMod","残留之物","篝火指南"],"gold_per_floor":[119,144,170,227,270,413,455,817,817,903,1003,1178,703,73,73,368,368,368,368],"floor_reached":18,"language":"ZHS","playtime":1884,"items_purged":["hierophant:Strike_Hierophant"],"score":430,"play_id":"df4d0bb0-85fe-489f-899c-e5690edb8e4d","local_time":"20210125100047","is_ascension_mode":true,"campfire_choices":[{"floor":15,"key":"RECALL"}],"circlet_count":0,"master_deck":["LongBird","BigBird","hierophant:Strike_Hierophant","hierophant:Strike_Hierophant","hierophant:Strike_Hierophant","hierophant:Punish","hierophant:Defend_Hierophant","hierophant:Defend_Hierophant","hierophant:Defend_Hierophant","hierophant:Defend_Hierophant","hierophant:ChurchCoffers","DoctorFetus","AT_FamilyPortrait","PlaceholderMod:QualitativeChange","hierophant:Doubloon","hierophant:Remorse","UniverseFragment","hierophant:RustyCrate","hierophant:Doubloon","hierophant:Doubloon","hierophant:MorningPrayer","hierophant:FaithHealing","hierophant:FieryStrike","Wellcheers","hierophant:Determination","hierophant:Embezzle","hierophant:Batter","VoidDream","hierophant:TollTheBells","Freischutz","hierophant:RustyCrate","hierophant:Doubloon","hierophant:Doubloon","hierophant:Determination","hierophant:Doubloon","hierophant:RecallFunds","Bloodbath","hierophant:BulkyChest"],"relics":["hierophant:PropheticMaskRelic","HushsDoor","REME_ComplimentaryCards","testmod-TestBox","AT_ATBox","HowToJump","ice","GuppysTail","testmod-AscensionHeart","CogitoBucket","LetterFromLob","Baka2","Lamp_r","AT_TheCollector","Justitia_r","AT_SunfireAegis","ChangeAnything","D6","Justitia_r","GnawedLeaf","BargainBundle","MerchantsRug","Art of War","testmod-AssaultLearning","BranchBurnRelic","testmod-EnergyCheck"],"acts_visited":["Exordium","TheCity"],"potions_floor_usage":[],"damage_taken":[{"damage":0.0,"enemies":"Jaw Worm","floor":1.0,"turns":3.0},{"damage":10.0,"enemies":"Small Slimes","floor":2.0,"turns":3.0},{"damage":0.0,"enemies":"Cultist","floor":3.0,"turns":7.0},{"damage":11.0,"enemies":"conspire:MimicChest","floor":4.0,"turns":4.0},{"damage":11.0,"enemies":"Exordium Wildlife","floor":5.0,"turns":4.0},{"damage":18.0,"enemies":"Lagavulin","floor":6.0,"turns":8.0},{"damage":59.0,"enemies":"Looter","floor":7.0,"turns":11.0},{"damage":13,"enemies":"3 Sentries","floor":8,"turns":4},{"damage":16,"enemies":"3 Louse","floor":10,"turns":2},{"damage":27,"enemies":"Lagavulin","floor":12,"turns":3},{"damage":0,"enemies":"Exordium Thugs","floor":14,"turns":2},{"damage":25,"enemies":"Fading Forest","floor":16,"turns":10},{"damage":90,"enemies":"3 Byrds","floor":18,"turns":9}],"seed_played":"-229730400115070080","potions_obtained":[{"floor":4.0,"key":"GamblersBrew"},{"floor":8,"key":"LifebloodPotion"}],"is_trial":false,"path_per_floor":["M","M","M","?","M","E","M","E","T","M","?","E","$","M","R","B",null,"M"],"character_chosen":"HIEROPHANT","items_purchased":["BargainBundle","MerchantsRug","Weak Potion","SteroidPotion","PowerPotion","testmod-SpacePotion","Art of War","testmod-AssaultLearning"],"campfire_rested":0,"item_purchase_floors":[13,13,13,13,13,13,13,13],"current_hp_per_floor":[75,65,65,65,66,49,61,52,52,36,36,9,9,9,9,87,88,0,0],"gold":368,"neow_bonus":"","is_daily":false,"chose_seed":false,"campfire_upgraded":0,"win_rate":0.0,"timestamp":1611540047,"path_taken":["M","M","M","?","M","E","M","E","T","M","?","E","$","M","R","BOSS","M"],"items_purchased_type":["Relic","Relic","Potion","Potion","Potion","Potion","Relic","Relic"],"build_version":"2020-12-22","purchased_purges":1,"victory":false,"max_hp_per_floor":[75,75,75,75,75,75,83,83,83,83,83,83,83,83,83,88,88,116,116],"card_choices":[{"not_picked":[],"picked":"DoctorFetus","floor":0.0},{"not_picked":["hierophant:ThreeLashes","hierophant:WrathOfGod"],"picked":"hierophant:Remorse","floor":1.0},{"not_picked":["CherryBlossoms","Scorched","WallGazer"],"picked":"Singing Bowl","floor":1.0},{"not_picked":["MHz","DreamingCurrent"],"picked":"UniverseFragment","floor":1.0},{"not_picked":["FairyFestival","BeautyBeast","SingingMachine"],"picked":"Singing Bowl","floor":2.0},{"not_picked":["VoidDream","OldLady"],"picked":"BigBird","floor":2.0},{"not_picked":["Bomb","hierophant:Repentance"],"picked":"hierophant:RustyCrate","floor":2.0},{"not_picked":["hierophant:Mercenaries","hierophant:PassingBell"],"picked":"hierophant:MorningPrayer","floor":3.0},{"not_picked":["WallGazer","Murderer"],"picked":"QueenOfHatred","floor":3.0},{"not_picked":["MeatLantern","ShyLook"],"picked":"LongBird","floor":4.0},{"not_picked":["hierophant:Levitation","hierophant:PassingBell"],"picked":"hierophant:FaithHealing","floor":4.0},{"not_picked":["hierophant:Encroach","hierophant:Sermon"],"picked":"hierophant:FieryStrike","floor":5.0},{"not_picked":["Scarecrow","DreamingCurrent","GreedKing"],"picked":"Singing Bowl","floor":5.0},{"not_picked":["Scorched","MeatLantern"],"picked":"Wellcheers","floor":5.0},{"not_picked":["Variant","MeatLantern","ShyLook"],"picked":"Singing Bowl","floor":6.0},{"not_picked":["Murderer","OSAHOGD"],"picked":"Woodsman","floor":6.0},{"not_picked":["hierophant:Generosity","hierophant:LocustPlague"],"picked":"hierophant:Determination","floor":6.0},{"not_picked":["hierophant:Dazzle","hierophant:SealAway"],"picked":"hierophant:Embezzle","floor":7.0},{"not_picked":["CherryBlossoms","WallGazer","FairyFestival"],"picked":"Singing Bowl","floor":7.0},{"not_picked":["hierophant:Determination","hierophant:WrathOfGod"],"picked":"hierophant:Batter","floor":8},{"not_picked":["BeautyBeast","OldLady","Variant"],"picked":"Singing Bowl","floor":8},{"not_picked":["FairyFestival","WallGazer"],"picked":"VoidDream","floor":8},{"not_picked":["hierophant:Purify","hierophant:SecretStash"],"picked":"hierophant:TollTheBells","floor":10},{"not_picked":["OSAHOGD","CherryBlossoms"],"picked":"Freischutz","floor":10},{"not_picked":["hierophant:Alms","hierophant:Empathy"],"picked":"hierophant:RustyCrate","floor":11},{"not_picked":["Porccubus","Laetitia"],"picked":"QueenOfHatred","floor":12},{"not_picked":["hierophant:Batter","hierophant:DeathKnell"],"picked":"hierophant:Determination","floor":12},{"not_picked":["hierophant:FieryStrike","hierophant:MorningPrayer"],"picked":"hierophant:RecallFunds","floor":14},{"not_picked":["Alriune","WhitesApple","Scorched"],"picked":"Singing Bowl","floor":14},{"not_picked":["FairyFestival","RedShoes"],"picked":"Bloodbath","floor":14},{"not_picked":["hierophant:WrathOfGod","hierophant:Determination"],"picked":"hierophant:BulkyChest","floor":16},{"not_picked":["BeautyBeast","SpiderBud","ShyLook"],"picked":"Singing Bowl","floor":16}],"player_experience":76862,"relics_obtained":[{"floor":1.0,"key":"Baka"},{"floor":1.0,"key":"LetterFromLob"},{"floor":2.0,"key":"Baka2"},{"floor":4.0,"key":"AT_TheCollector"},{"floor":6.0,"key":"AT_SunfireAegis"},{"floor":8,"key":"D6"},{"floor":9,"key":"Dead Branch"},{"floor":10,"key":"Justitia_r"},{"floor":12,"key":"GnawedLeaf"}],"event_choices":[],"is_beta":false,"boss_relics":[{"not_picked":["Fusion Hammer","conspire:SlowCooker"],"picked":"testmod-EnergyCheck"},{"not_picked":[]}],"items_purged_floors":[13],"is_endless":false,"potions_floor_spawned":[4,5,6,7,8,10],"killed_by":"3 Byrds","ascension_level":2}}