{"host":"3j2m8n0ywf988fwb","time":1611566209,"event":{"mods":["2.2 Compatiblity","AchievementEnabler","Act Like it!","Aspiration","Astrologer","BaseMod","Beaked The Cultist","Better Altar","Better Match","Better Note","Better Sensory Stone","Better Skull","Better Third Choice","CCEM","ChefMod","Colored Map","Colored Powertips","Conspire","Dark Map","Energized Spire","Evolution","Fireblade Mod","GifTheSpireLib","Googly Eyes","Halation","Hallownest","Highlight Path","Hubris","Infinite Spire","Jedi Mod","Marisa????????","Marked Mod","Mimic Mod","Minty Spire (QoL Compilation)","Random Character Button","Relic Stats","Reliquary","Replay The Spire","Robot Space Explorer","Shop Mod","Somnambulant","Spire Arcade","StSLib","Stuff the Spire","The Bug Knight","The Hierophant","The Marked","The Runesmith","TheFirefly","Unceasing Turn Reminder","everything is the same but u backflip on backflip"],"gold_per_floor":[109,109,120,45,59,59,59,59,82,96,129,77,77,94,94,198,198,213,213,213,213,231,257,257,282,319,319,319,319,319],"floor_reached":29,"language":"ENG","playtime":1762,"items_purged":["somnambulantmod: SomnambulantStrike"],"score":312,"play_id":"1e444b2b-dd3a-48dd-a0e3-10eb5bd9867f","local_time":"20210125031649","is_ascension_mode":true,"campfire_choices":[{"floor":6,"key":"REST"},{"floor":8,"key":"REST"},{"floor":13,"key":"REST"},{"floor":15,"key":"REST"},{"floor":24,"key":"REST"},{"floor":27,"key":"REST"}],"circlet_count":0,"master_deck":["somnambulantmod: TrepanningBlow","somnambulantmod: TrepanningBlow","somnambulantmod: TrepanningBlow","somnambulantmod: SomnambulantStrike+1","somnambulantmod: Defend_Somnambulant","somnambulantmod: Defend_Somnambulant+1","somnambulantmod: Defend_Somnambulant+1","somnambulantmod: Defend_Somnambulant","somnambulantmod: Defend_Somnambulant+1","somnambulantmod: QuickNap+1","somnambulantmod: PrimingPunch","somnambulantmod: Pinch","somnambulantmod: Repression+1","somnambulantmod: Relive","somnambulantmod: LayeredDefense","somnambulantmod: Reinterpret+1","somnambulantmod: LightSleeper","somnambulantmod: LightSleeper","somnambulantmod: Withdraw","Overencumbered","Neutralize","somnambulantmod: GalaxyBrain+1","ReplayTheSpireMod:Private Reserves","infinitespire:Oblivion+1","somnambulantmod: Blink","Zap+1","somnambulantmod: SleepParalysis","somnambulantmod: Refracture"],"relics":["somnambulantmod: DreamJournal","EVO:Axolotl","hubris:Towel","halation:PromiseList","Turnip","ReplayTheSpireMod:SealedPack","Bloody Idol","Blood Vial","halation:BlackBeret","MealTicket","HornCleat","Molten Egg 2","Replay:Ringing Soul"],"acts_visited":["Exordium","TheCity"],"potions_floor_usage":[16,16,16,26],"damage_taken":[{"damage":4,"enemies":"Jaw Worm","floor":1,"turns":3},{"damage":0,"enemies":"2 Louse","floor":3,"turns":2},{"damage":0,"enemies":"Cultist","floor":5,"turns":3},{"damage":5,"enemies":"Blue Slaver","floor":10,"turns":3},{"damage":1,"enemies":"3 Sentries","floor":11,"turns":12},{"damage":2,"enemies":"2 Fungi Beasts","floor":14,"turns":4},{"damage":13,"enemies":"Fading Forest","floor":16,"turns":11},{"damage":14,"enemies":"Shell Parasite","floor":18,"turns":7},{"damage":3,"enemies":"Chosen","floor":22,"turns":6},{"damage":0,"enemies":"Slavers","floor":23,"turns":4},{"damage":38,"enemies":"Nightmare","floor":25,"turns":8},{"damage":8,"enemies":"Sentry and Sphere","floor":26,"turns":6},{"damage":39,"enemies":"Sentry and Sphere","floor":29,"turns":5}],"seed_played":"-7126300356010632066","potions_obtained":[{"floor":1,"key":"Explosive Potion"},{"floor":3,"key":"Block Potion"},{"floor":14,"key":"LifebloodPotion"},{"floor":18,"key":"SkillPotion"},{"floor":22,"key":"AttackPotion"},{"floor":25,"key":"SteroidPotion"}],"is_trial":false,"path_per_floor":["M","?","M","$","M","R","?","R","T","M","E","$","R","M","R","B",null,"M","?","?","?","M","E","R","NM","MIM","R","?","M"],"character_chosen":"THE_SOMNAMBULANT","items_purchased":["somnambulantmod: LightSleeper"],"campfire_rested":6,"item_purchase_floors":[12],"current_hp_per_floor":[66,66,66,66,66,72,72,74,74,69,68,68,76,74,78,65,78,64,64,5,5,9,16,41,10,9,35,35,0,0],"gold":319,"neow_bonus":"UPGRADE_CARD","is_daily":false,"chose_seed":false,"campfire_upgraded":0,"win_rate":0.0,"timestamp":1611566209,"path_taken":["M","?","M","$","M","R","?","R","T","M","E","$","R","?","R","BOSS","M","?","?","?","M","E","R","NM","MIM","R","?","?"],"items_purchased_type":["Card"],"build_version":"2020-12-22","purchased_purges":1,"victory":false,"max_hp_per_floor":[70,70,70,70,70,72,72,74,74,74,74,74,76,76,78,78,78,78,78,78,78,78,78,80,80,80,82,82,82,82],"relic_stats":{"Blood Vial":10,"counters":[13,74],"Bloody Idol":20,"MealTicket":0,"Turnip":[8],"obtain_stats":[{"halation:BlackBeret":21,"ReplayTheSpireMod:SealedPack":17,"EVO:Axolotl":0,"hubris:Towel":2,"Blood Vial":20,"Replay:Ringing Soul":26,"HornCleat":25,"Bloody Idol":20,"somnambulantmod: DreamJournal":0,"MealTicket":23,"Molten Egg 2":26,"Turnip":11,"halation:PromiseList":9},{"halation:BlackBeret":8,"ReplayTheSpireMod:SealedPack":7,"EVO:Axolotl":0,"hubris:Towel":1,"Blood Vial":8,"Replay:Ringing Soul":12,"HornCleat":11,"Bloody Idol":8,"somnambulantmod: DreamJournal":0,"MealTicket":10,"Molten Egg 2":12,"Turnip":5,"halation:PromiseList":3},{"halation:BlackBeret":45,"ReplayTheSpireMod:SealedPack":38,"EVO:Axolotl":0,"hubris:Towel":3,"Blood Vial":45,"Replay:Ringing Soul":69,"HornCleat":63,"Bloody Idol":45,"somnambulantmod: DreamJournal":0,"MealTicket":55,"Molten Egg 2":69,"Turnip":23,"halation:PromiseList":8}]},"card_choices":[{"not_picked":["somnambulantmod: SickeningSwathe","somnambulantmod: RecurringDream"],"picked":"somnambulantmod: Pinch","floor":1},{"not_picked":["somnambulantmod: BrainFeeder","somnambulantmod: ShimmeringVeil"],"picked":"somnambulantmod: Repression","floor":3},{"not_picked":["somnambulantmod: Nosebleed","somnambulantmod: Harden"],"picked":"somnambulantmod: Relive","floor":5},{"not_picked":["somnambulantmod: OpeningUp","somnambulantmod: Nosebleed"],"picked":"somnambulantmod: LayeredDefense","floor":10},{"not_picked":["somnambulantmod: HorrificThought","somnambulantmod: Unknow"],"picked":"somnambulantmod: Reinterpret","floor":11},{"not_picked":["somnambulantmod: Repression","somnambulantmod: Wake","somnambulantmod: Mindlessness"],"picked":"SKIP","floor":14},{"not_picked":["somnambulantmod: NightHaunts","somnambulantmod: NewDawn"],"picked":"somnambulantmod: Withdraw","floor":16},{"not_picked":["Bash","hierophant:ChurchCoffers"],"picked":"Neutralize","floor":17},{"not_picked":["somnambulantmod: Lucidity","somnambulantmod: Inspiration"],"picked":"somnambulantmod: GalaxyBrain","floor":17},{"not_picked":["Survey Options","Blind"],"picked":"ReplayTheSpireMod:Private Reserves","floor":17},{"not_picked":["infinitespire:SealOfDarkness+","infinitespire:Menacing"],"picked":"infinitespire:Oblivion","floor":17},{"not_picked":["somnambulantmod: MindWave","somnambulantmod: PillowFort"],"picked":"somnambulantmod: Blink","floor":18},{"not_picked":["somnambulantmod: LayeredDefense","somnambulantmod: HeavyLids"],"picked":"somnambulantmod: SleepParalysis","floor":22},{"not_picked":["somnambulantmod: BadIdea","somnambulantmod: MuscleMemory"],"picked":"somnambulantmod: Refracture","floor":23},{"not_picked":["somnambulantmod: Inspiration","somnambulantmod: Stumble+1","somnambulantmod: Hush"],"picked":"SKIP","floor":25}],"player_experience":1096793,"relics_obtained":[{"floor":9,"key":"halation:PromiseList"},{"floor":11,"key":"Turnip"},{"floor":23,"key":"MealTicket"},{"floor":25,"key":"HornCleat"},{"floor":26,"key":"Molten Egg 2"},{"floor":26,"key":"Replay:Ringing Soul"}],"event_choices":[{"cards_removed":["Neutralize"],"damage_healed":0,"gold_gain":0,"player_choice":"Take \u0026 Give","damage_taken":0,"max_hp_gain":0,"max_hp_loss":0,"event_name":"betterNote:BetterNote","floor":19,"gold_loss":0,"cards_obtained":["Zap"]},{"damage_healed":0,"gold_gain":0,"player_choice":" Idol Vial ","damage_taken":59,"relics_obtained":["Bloody Idol","Blood Vial"],"max_hp_gain":64,"max_hp_loss":5,"event_name":"betterAltar:BetterAltar","floor":20,"potions_obtained":[],"relics_lost":[],"gold_loss":0},{"damage_healed":0,"gold_gain":0,"player_choice":"Gave Potion","damage_taken":0,"relics_obtained":["halation:BlackBeret"],"max_hp_gain":0,"max_hp_loss":0,"event_name":"WeMeetAgain","floor":21,"gold_loss":0}],"is_beta":false,"boss_relics":[{"not_picked":["halation:HeavySnake","aspiration:MobileForge"],"picked":"ReplayTheSpireMod:SealedPack"}],"items_purged_floors":[4],"is_endless":false,"potions_floor_spawned":[1,3,14,18,22,25],"killed_by":"Sentry and Sphere","ascension_level":2}}