{"host":"sc0o2qwpf9j16a4i","time":1611560839,"event":{"mods":["AchievementEnabler","BaseMod","BetterRewards","Block Reminder","Colored Map","Colored Powertips","Custom Start","Highlight Path","Minty Spire (QoL Compilation)","Relic Stats"],"gold_per_floor":[112,129,54,72,72,97,97,111,138,155,135,161,13,26,26,123,123,137,152,163,163,163,163,197,217,270,270,270,16,45,61,61,162,162,181,192,192,207,227,253,265,280,280,330,355,367,396,396,396,396],"floor_reached":51,"language":"ENG","playtime":1709,"items_purged":["PanicButton"],"score":1066,"play_id":"4baa8d90-5467-4091-abb5-10bea42c5556","local_time":"20210125094719","daily_mods":["Insanity","Colorless Cards","Night Terrors"],"is_ascension_mode":false,"campfire_choices":[{"data":"Armaments","floor":7,"key":"SMITH"},{"data":"Dark Embrace","floor":15,"key":"SMITH"},{"data":"Apotheosis","floor":23,"key":"SMITH"},{"data":"Battle Trance","floor":32,"key":"SMITH"},{"data":"Apotheosis","floor":49,"key":"SMITH"}],"circlet_count":0,"master_deck":["Perfected Strike","Infernal Blade","Shrug It Off","Cleave","Sentinel","Good Instincts","Uppercut","Purity","Madness","Sword Boomerang","Perfected Strike","Shrug It Off","Flex","Armaments+1","Spot Weakness","Iron Wave","Dark Embrace+1","Combust","Forethought","Perfected Strike","Dropkick","Heavy Blade","Clash","Twin Strike","Clothesline","Anger","Madness","Dramatic Entrance","Pommel Strike","Shrug It Off","Twin Strike","Havoc","Warcry","Anger","Metallicize","Thunderclap","Rage","Clash","Twin Strike","Rage","Swift Strike","Perfected Strike","Warcry","Warcry","Trip","Perfected Strike","Wild Strike","Iron Wave","Sword Boomerang","Twin Strike","Immolate","Pain","Impervious","Twin Strike","Battle Trance+1","Magnetism","Perfected Strike","Apotheosis+1","Madness+1","Inflame","RitualDagger","Rupture+1","Twin Strike","Second Wind","Inflame+1","Pommel Strike","Exhume","Enlightenment+1","Dual Wield+1","Headbutt+1","Havoc+1","Shrug It Off","Whirlwind","Shrug It Off+1","Good Instincts+1","Evolve","Dark Shackles","Apotheosis+1","Chrysalis"],"relics":["Burning Blood","WarpedTongs","MealTicket","Akabeko","Bag of Marbles","ClockworkSouvenir","Philosopher\u0027s Stone","Bag of Preparation","Art of War","Oddly Smooth Stone","MutagenicStrength","InkBottle","Membership Card","Happy Flower","Toy Ornithopter","SlaversCollar","Centennial Puzzle","Bottled Tornado","Dead Branch","Pear","Sundial"],"acts_visited":["Exordium","TheCity","TheBeyond"],"potions_floor_usage":[12,16,31,31,33,50,50],"damage_taken":[{"damage":11,"enemies":"Jaw Worm","floor":1,"turns":2},{"damage":0,"enemies":"2 Louse","floor":2,"turns":2},{"damage":1,"enemies":"Cultist","floor":4,"turns":3},{"damage":16,"enemies":"3 Sentries","floor":6,"turns":4},{"damage":16,"enemies":"Large Slime","floor":8,"turns":2},{"damage":0,"enemies":"3 Louse","floor":10,"turns":1},{"damage":22,"enemies":"Lagavulin","floor":12,"turns":6},{"damage":0,"enemies":"2 Fungi Beasts","floor":14,"turns":1},{"damage":7,"enemies":"Hexaghost","floor":16,"turns":5},{"damage":17,"enemies":"3 Byrds","floor":18,"turns":3},{"damage":0,"enemies":"Chosen","floor":19,"turns":1},{"damage":0,"enemies":"Centurion and Healer","floor":20,"turns":2},{"damage":25,"enemies":"Book of Stabbing","floor":24,"turns":3},{"damage":0,"enemies":"Snecko","floor":25,"turns":1},{"damage":24,"enemies":"Slavers","floor":30,"turns":2},{"damage":0,"enemies":"Shelled Parasite and Fungi","floor":31,"turns":1},{"damage":76,"enemies":"Collector","floor":33,"turns":9},{"damage":0,"enemies":"Orb Walker","floor":35,"turns":1},{"damage":0,"enemies":"3 Shapes","floor":36,"turns":1},{"damage":0,"enemies":"3 Darklings","floor":38,"turns":2},{"damage":14,"enemies":"Spire Growth","floor":39,"turns":4},{"damage":0,"enemies":"Reptomancer","floor":40,"turns":2},{"damage":0,"enemies":"4 Shapes","floor":41,"turns":1},{"damage":11,"enemies":"Maw","floor":42,"turns":2},{"damage":16,"enemies":"2 Orb Walkers","floor":44,"turns":2},{"damage":4,"enemies":"Nemesis","floor":45,"turns":5},{"damage":3,"enemies":"Sphere and 2 Shapes","floor":46,"turns":1},{"damage":0,"enemies":"Giant Head","floor":47,"turns":3},{"damage":53,"enemies":"Awakened One","floor":50,"turns":9}],"seed_played":"-4797476702013057962","potions_obtained":[{"floor":2,"key":"FearPotion"},{"floor":8,"key":"LiquidBronze"},{"floor":11,"key":"AttackPotion"},{"floor":12,"key":"Dexterity Potion"},{"floor":24,"key":"LiquidMemories"},{"floor":30,"key":"BloodPotion"},{"floor":31,"key":"Fruit Juice"},{"floor":33,"key":"SneckoOil"},{"floor":35,"key":"Dexterity Potion"},{"floor":38,"key":"Strength Potion"}],"is_trial":true,"path_per_floor":["M","M","$","M","?","E","R","M","T","M","?","E","$","M","R","B",null,"M","M","M","?","?","R","E","M","T","?","T","$","E","M","R","B",null,"M","M","?","M","M","E","M","M","T","?","E","M","E","?","R","B",null],"character_chosen":"IRONCLAD","items_purchased":["ClockworkSouvenir","Membership Card","Happy Flower","Second Wind"],"campfire_rested":0,"item_purchase_floors":[13,29,29,29],"current_hp_per_floor":[75,80,80,80,80,70,70,60,60,66,66,50,65,71,71,70,80,69,75,80,80,74,74,55,61,61,61,61,76,58,85,85,20,85,85,85,85,85,77,83,85,80,80,70,82,85,91,81,81,44],"gold":396,"neow_bonus":"","is_daily":false,"chose_seed":false,"campfire_upgraded":5,"win_rate":0.0,"timestamp":1611560839,"path_taken":["M","?","$","M","?","E","R","M","T","?","?","E","?","M","R","BOSS","M","M","M","?","?","R","E","M","T","?","?","$","E","?","R","BOSS","M","M","?","M","M","E","M","M","T","?","E","M","E","?","R","BOSS"],"items_purchased_type":["Relic","Relic","Relic","Card"],"build_version":"2020-12-22","purchased_purges":1,"victory":true,"max_hp_per_floor":[80,80,80,80,80,80,80,80,80,80,80,80,80,80,80,80,80,80,80,80,80,80,80,80,80,80,80,80,80,80,85,85,85,85,85,85,85,85,85,85,85,85,85,85,95,95,95,95,95,95],"relic_stats":{"Happy Flower":[15],"counters":[29,81],"Dead Branch":[66],"Bag of Preparation":[34],"Burning Blood":140,"WarpedTongs":[66],"Centennial Puzzle":[15],"Sundial":[0],"MealTicket":30,"Art of War":[3],"obtain_stats":[{"Pear":45,"Happy Flower":29,"Dead Branch":44,"Oddly Smooth Stone":26,"Bag of Preparation":21,"Bottled Tornado":43,"Burning Blood":0,"Akabeko":9,"WarpedTongs":5,"ClockworkSouvenir":13,"SlaversCollar":34,"Centennial Puzzle":40,"Sundial":47,"MutagenicStrength":27,"MealTicket":6,"Philosopher\u0027s Stone":17,"Bag of Marbles":12,"Art of War":24,"Membership Card":29,"InkBottle":28,"Toy Ornithopter":30},{"Pear":26,"Happy Flower":14,"Dead Branch":25,"Oddly Smooth Stone":14,"Bag of Preparation":12,"Bottled Tornado":24,"Burning Blood":0,"Akabeko":5,"WarpedTongs":3,"ClockworkSouvenir":7,"SlaversCollar":17,"Centennial Puzzle":22,"Sundial":28,"MutagenicStrength":14,"MealTicket":4,"Philosopher\u0027s Stone":9,"Bag of Marbles":7,"Art of War":13,"Membership Card":14,"InkBottle":14,"Toy Ornithopter":15},{"Pear":68,"Happy Flower":36,"Dead Branch":63,"Oddly Smooth Stone":36,"Bag of Preparation":32,"Bottled Tornado":61,"Burning Blood":0,"Akabeko":13,"WarpedTongs":7,"ClockworkSouvenir":20,"SlaversCollar":48,"Centennial Puzzle":58,"Sundial":72,"MutagenicStrength":36,"MealTicket":11,"Philosopher\u0027s Stone":26,"Bag of Marbles":20,"Art of War":35,"Membership Card":36,"InkBottle":36,"Toy Ornithopter":38}],"InkBottle":[25],"Toy Ornithopter":20},"card_choices":[{"not_picked":["Shrug It Off","Headbutt"],"picked":"Twin Strike","floor":1},{"not_picked":["Metallicize","Sword Boomerang"],"picked":"Immolate","floor":2},{"not_picked":["Cleave","Entrench","Deep Breath"],"picked":"SKIP","floor":4},{"not_picked":["Havoc","Second Wind"],"picked":"Impervious","floor":6},{"not_picked":["Purity","Clash"],"picked":"Twin Strike","floor":8},{"not_picked":["Flex","Bandage Up"],"picked":"Battle Trance","floor":10},{"not_picked":["Sword Boomerang","Good Instincts"],"picked":"Magnetism","floor":12},{"not_picked":["Armaments","Wild Strike"],"picked":"Perfected Strike","floor":14},{"not_picked":["Master of Strategy","Fiend Fire"],"picked":"Apotheosis","floor":16},{"not_picked":["Power Through","Heavy Blade","Cleave"],"picked":"SKIP","floor":18},{"not_picked":["Trip","Shrug It Off"],"picked":"Madness+1","floor":19},{"not_picked":["Heavy Blade+1","Clothesline"],"picked":"Inflame","floor":20},{"not_picked":["Perfected Strike","Sword Boomerang"],"picked":"Rupture+1","floor":24},{"not_picked":["Flex","Wild Strike+1"],"picked":"Twin Strike","floor":25},{"not_picked":["Wild Strike+1","True Grit"],"picked":"Inflame+1","floor":30},{"not_picked":["Swift Strike","Inflame"],"picked":"Pommel Strike","floor":31},{"not_picked":["Magnetism","Double Tap"],"picked":"Exhume","floor":33},{"not_picked":["Heavy Blade","Finesse+1"],"picked":"Enlightenment+1","floor":35},{"not_picked":["Havoc+1","Burning Pact"],"picked":"Dual Wield+1","floor":36},{"not_picked":["Cleave+1","Heavy Blade"],"picked":"Headbutt+1","floor":38},{"not_picked":["Sword Boomerang+1","Armaments"],"picked":"Havoc+1","floor":39},{"not_picked":["Intimidate+1","Thinking Ahead"],"picked":"Shrug It Off","floor":40},{"not_picked":["Perfected Strike+1","Carnage"],"picked":"Whirlwind","floor":41},{"not_picked":["Headbutt","Clothesline"],"picked":"Shrug It Off+1","floor":42},{"not_picked":["Anger","Good Instincts+1","Sword Boomerang"],"picked":"SKIP","floor":45},{"not_picked":["Anger","Sword Boomerang"],"picked":"Good Instincts+1","floor":45},{"not_picked":["Pummel+1","Clothesline+1","Body Slam"],"picked":"SKIP","floor":46},{"not_picked":["Good Instincts","Sword Boomerang+1"],"picked":"Evolve","floor":47},{"not_picked":["Forethought","Transmutation"],"picked":"Dark Shackles","floor":48},{"not_picked":["Flash of Steel","Secret Weapon"],"picked":"Apotheosis","floor":48},{"not_picked":["Jack Of All Trades","Blind"],"picked":"Chrysalis","floor":48}],"player_experience":923559,"relics_obtained":[{"floor":6,"key":"MealTicket"},{"floor":9,"key":"Akabeko"},{"floor":12,"key":"Bag of Marbles"},{"floor":24,"key":"Art of War"},{"floor":26,"key":"Oddly Smooth Stone"},{"floor":28,"key":"InkBottle"},{"floor":30,"key":"Toy Ornithopter"},{"floor":40,"key":"Centennial Puzzle"},{"floor":43,"key":"Bottled Tornado"},{"floor":44,"key":"Dead Branch"},{"floor":45,"key":"Pear"},{"floor":47,"key":"Sundial"}],"event_choices":[{"damage_healed":0,"gold_gain":0,"player_choice":"Rummage","damage_taken":0,"relics_obtained":["WarpedTongs"],"max_hp_gain":0,"max_hp_loss":0,"event_name":"Accursed Blacksmith","floor":5,"gold_loss":0,"cards_obtained":["Pain"]},{"damage_healed":0,"gold_gain":0,"player_choice":"Bought 1 Potion","damage_taken":0,"max_hp_gain":0,"max_hp_loss":0,"event_name":"The Woman in Blue","floor":11,"gold_loss":0},{"damage_healed":0,"gold_gain":0,"player_choice":"Opened","damage_taken":0,"relics_obtained":["Bag of Preparation"],"max_hp_gain":0,"max_hp_loss":0,"event_name":"The Mausoleum","floor":21,"gold_loss":0},{"damage_healed":0,"gold_gain":0,"player_choice":"Joined the Cult","damage_taken":6,"max_hp_gain":0,"max_hp_loss":0,"event_name":"Nest","floor":22,"gold_loss":0,"cards_obtained":["RitualDagger"]},{"damage_healed":0,"gold_gain":0,"player_choice":"Inject Mutagens","damage_taken":0,"relics_obtained":["MutagenicStrength"],"max_hp_gain":0,"max_hp_loss":0,"event_name":"Drug Dealer","floor":27,"gold_loss":0},{"damage_healed":0,"gold_gain":0,"player_choice":"Ignored","damage_taken":0,"max_hp_gain":0,"max_hp_loss":0,"event_name":"Tomb of Lord Red Mask","floor":37,"gold_loss":0},{"damage_healed":0,"gold_gain":0,"player_choice":"Fight","damage_taken":0,"max_hp_gain":0,"max_hp_loss":0,"event_name":"Mysterious Sphere","floor":44,"gold_loss":0},{"damage_healed":0,"gold_gain":0,"player_choice":"Memory 3","damage_taken":10,"max_hp_gain":0,"max_hp_loss":0,"event_name":"SensoryStone","floor":48,"gold_loss":0}],"is_beta":false,"boss_relics":[{"not_picked":["Runic Pyramid","Tiny House"],"picked":"Philosopher\u0027s Stone"},{"not_picked":["SacredBark","Empty Cage"],"picked":"SlaversCollar"}],"items_purged_floors":[3],"is_endless":false,"potions_floor_spawned":[2,8,12,24,30,31,33,35,38,42,45],"ascension_level":0}}