{"host":"jlk2k69f9c6o7b3e","time":1611574304,"event":{"mods":["BaseMod","Minty Spire (QoL Compilation)","StSLib"],"gold_per_floor":[115,115,129,141,141,172,172,197,264,302,330,352,394,1,1,108,108,132,407,427,453,473,473,473],"floor_reached":23,"language":"ZHS","playtime":2603,"items_purged":[],"score":310,"play_id":"162bf649-4f6c-406b-8184-fa1aece8b22a","local_time":"20210125193144","is_ascension_mode":true,"campfire_choices":[{"data":"Envenom","floor":7.0,"key":"SMITH"},{"floor":15.0,"key":"REST"}],"circlet_count":0,"master_deck":["Strike_G","Strike_G","Strike_G","Strike_G","Strike_G","Defend_G","Defend_G","Defend_G","Defend_G","Defend_G","Survivor","Neutralize","Flying Knee","Footwork","Noxious Fumes","Envenom+1","Well Laid Plans","After Image","Noxious Fumes","Well Laid Plans","Noxious Fumes","Storm of Steel","Cloak And Dagger+1","Quick Slash+1","Storm of Steel","Crippling Poison+1"],"relics":["Ring of the Snake","NeowsBlessing","WarpedTongs","Shuriken","MawBank","Blood Vial","The Courier","Matryoshka","Membership Card","Potion Belt","CeramicFish","Ornamental Fan","Omamori","Coffee Dripper"],"acts_visited":[],"potions_floor_usage":[23],"damage_taken":[{"damage":0.0,"enemies":"Jaw Worm","floor":1.0,"turns":1.0},{"damage":0.0,"enemies":"Cultist","floor":3.0,"turns":1.0},{"damage":2.0,"enemies":"Small Slimes","floor":4.0,"turns":1.0},{"damage":15.0,"enemies":"Lagavulin","floor":6.0,"turns":8.0},{"damage":12.0,"enemies":"Gremlin Nob","floor":8.0,"turns":4.0},{"damage":0.0,"enemies":"Lagavulin","floor":10.0,"turns":8.0},{"damage":9.0,"enemies":"Red Slaver","floor":11.0,"turns":5.0},{"damage":12.0,"enemies":"Gremlin Gang","floor":12.0,"turns":5.0},{"damage":10.0,"enemies":"3 Sentries","floor":13.0,"turns":6.0},{"damage":24.0,"enemies":"The Guardian","floor":16.0,"turns":9.0},{"damage":24.0,"enemies":"3 Byrds","floor":18.0,"turns":5.0},{"damage":4.0,"enemies":"Chosen","floor":20.0,"turns":6.0},{"damage":4.0,"enemies":"Centurion and Healer","floor":21.0,"turns":6.0},{"damage":26.0,"enemies":"Snecko","floor":22.0,"turns":5.0},{"damage":8,"enemies":"Slavers","floor":23,"turns":3}],"seed_played":"-519878384019354013","potions_obtained":[{"floor":6.0,"key":"SneckoOil"},{"floor":10.0,"key":"Poison Potion"},{"floor":11.0,"key":"SneckoOil"},{"floor":12.0,"key":"Swift Potion"},{"floor":13.0,"key":"AttackPotion"},{"floor":20.0,"key":"Fire Potion"}],"is_trial":false,"path_per_floor":["M","?","M","M","?","E","R","E","T","E","M","M","E","$","R","B",null,"M","?","M","M","M","E"],"character_chosen":"THE_SILENT","items_purchased":["Membership Card","Potion Belt","CeramicFish","Ornamental Fan","Omamori"],"campfire_rested":1,"item_purchase_floors":[14,14,14,14,14],"current_hp_per_floor":[70,70,70,68,68,53,53,41,41,43,36,26,18,18,39,17,57,35,35,33,31,7,1,1],"gold":473,"neow_bonus":"THREE_ENEMY_KILL","is_daily":false,"chose_seed":false,"campfire_upgraded":1,"win_rate":0.0,"timestamp":1611574304,"path_taken":["M","?","?","M","?","E","R","E","T","E","M","M","E","$","R","BOSS","M","?","?","?","M","E"],"items_purchased_type":["Relic","Relic","Relic","Relic","Relic"],"build_version":"2020-12-22","purchased_purges":0,"victory":false,"max_hp_per_floor":[70,70,70,70,70,70,70,70,70,70,70,70,70,70,70,70,70,70,70,70,70,70,70,70],"card_choices":[{"not_picked":["Outmaneuver","Backflip"],"picked":"Flying Knee","floor":1.0},{"not_picked":["Crippling Poison","Outmaneuver"],"picked":"Footwork","floor":3.0},{"not_picked":["Bouncing Flask","Deadly Poison"],"picked":"Noxious Fumes","floor":4.0},{"not_picked":["Flying Knee","Blade Dance"],"picked":"Envenom","floor":6.0},{"not_picked":["Slice","Bane"],"picked":"Well Laid Plans","floor":8.0},{"not_picked":["PiercingWail","Heel Hook"],"picked":"After Image","floor":10.0},{"not_picked":["Well Laid Plans","Reflex"],"picked":"Noxious Fumes","floor":11.0},{"not_picked":["Acrobatics","PiercingWail"],"picked":"Well Laid Plans","floor":12.0},{"not_picked":["Prepared","Burst"],"picked":"Noxious Fumes","floor":13.0},{"not_picked":["Night Terror","Venomology"],"picked":"Storm of Steel","floor":16.0},{"not_picked":["Flying Knee","Choke"],"picked":"Cloak And Dagger+1","floor":18.0},{"not_picked":["Masterful Stab","Underhanded Strike+1"],"picked":"Quick Slash+1","floor":20.0},{"not_picked":["Backstab","Dagger Spray+1"],"picked":"Storm of Steel","floor":21.0},{"not_picked":["Deflect","PiercingWail"],"picked":"Crippling Poison+1","floor":22.0}],"player_experience":286984,"relics_obtained":[{"floor":6.0,"key":"Shuriken"},{"floor":8.0,"key":"MawBank"},{"floor":9.0,"key":"Blood Vial"},{"floor":10.0,"key":"The Courier"},{"floor":13.0,"key":"Matryoshka"}],"event_choices":[{"damage_healed":0.0,"max_hp_gain":0.0,"max_hp_loss":0.0,"gold_gain":0.0,"event_name":"Accursed Blacksmith","player_choice":"Rummage","floor":2.0,"gold_loss":0.0,"damage_taken":0.0,"relics_obtained":["WarpedTongs"],"cards_obtained":["Pain"]},{"cards_removed":["Pain"],"damage_healed":0.0,"max_hp_gain":0.0,"max_hp_loss":0.0,"gold_gain":0.0,"event_name":"Purifier","player_choice":"Purged","floor":5.0,"gold_loss":0.0,"damage_taken":0.0},{"damage_healed":0.0,"max_hp_gain":0.0,"max_hp_loss":0.0,"gold_gain":275.0,"event_name":"Golden Shrine","player_choice":"Desecrate","floor":19.0,"gold_loss":0.0,"damage_taken":0.0,"cards_obtained":["Regret"]}],"is_beta":false,"boss_relics":[{"not_picked":["Snecko Eye","Cursed Key"],"picked":"Coffee Dripper"}],"items_purged_floors":[],"is_endless":false,"potions_floor_spawned":[6,10,11,12,13,20],"killed_by":"Slavers","ascension_level":5}}