{"host":"ewslc4o3o167ipk9","time":1611543091,"event":{"mods":["BaseMod","Colored Powertips","GifTheSpireLib","HexUI Lib","Minty Spire (QoL Compilation)","Quick Restart","Shop Mod","StSLib","The Bug Knight","The Trickster"],"gold_per_floor":[118,293,293,307,327,327,359,359,359,371,371,110,110,122,122,122,122],"floor_reached":16,"language":"ENG","playtime":962,"items_purged":["Doubt"],"score":100,"play_id":"ea2ea89a-b5da-4ff4-9c09-1622ce2f0567","local_time":"20210124215131","is_ascension_mode":false,"campfire_choices":[{"data":"Loop","floor":6,"key":"SMITH"},{"data":"Redo","floor":13,"key":"SMITH"},{"data":"Self Repair","floor":15,"key":"SMITH"}],"circlet_count":0,"master_deck":["Strike_B","Strike_B","Strike_B","Strike_B","Defend_B","Defend_B","Defend_B","Defend_B","Zap+1","Dualcast","Redo+1","Loop+1","Steam","Coolheaded","Loop","Self Repair+1"],"relics":["Cracked Core","Tiny Chest","Ornamental Fan","Toy Ornithopter","Darkstone Periapt","Lantern"],"acts_visited":["Exordium"],"potions_floor_usage":[7,14],"damage_taken":[{"damage":1,"enemies":"Jaw Worm","floor":1,"turns":3},{"damage":0,"enemies":"Small Slimes","floor":4,"turns":3},{"damage":6,"enemies":"Cultist","floor":5,"turns":3},{"damage":40,"enemies":"Gremlin Nob","floor":7,"turns":5},{"damage":5,"enemies":"Looter","floor":10,"turns":3},{"damage":3,"enemies":"Exordium Wildlife","floor":14,"turns":4},{"damage":43,"enemies":"The Guardian","floor":16,"turns":10}],"seed_played":"5472404275935877205","potions_obtained":[{"floor":1,"key":"FearPotion"},{"floor":7,"key":"Regen Potion"}],"is_trial":false,"path_per_floor":["M","?","?","M","M","R","E","?","T","M","T","$","R","M","R","B"],"character_chosen":"DEFECT","items_purchased":["Lantern","Loop"],"campfire_rested":0,"item_purchase_floors":[12,12],"current_hp_per_floor":[74,74,79,79,73,73,33,33,33,28,28,28,28,39,39,0,0],"gold":122,"neow_bonus":"RANDOM_COMMON_RELIC","is_daily":false,"chose_seed":false,"campfire_upgraded":3,"win_rate":0.0,"timestamp":1611543091,"path_taken":["M","?","?","M","M","R","E","?","T","M","?","$","R","M","R","BOSS"],"items_purchased_type":["Relic","Card"],"build_version":"2020-12-22","purchased_purges":1,"victory":false,"max_hp_per_floor":[75,75,80,80,80,80,80,80,80,80,80,80,80,80,80,80,80],"card_choices":[{"not_picked":["Steam Power","Genetic Algorithm"],"picked":"Redo","floor":1},{"not_picked":["Aggregate","Go for the Eyes"],"picked":"Loop","floor":4},{"not_picked":["FTL","Compile Driver"],"picked":"Steam","floor":5},{"not_picked":["Stack","Double Energy","Streamline"],"picked":"SKIP","floor":7},{"not_picked":["Beam Cell","Leap"],"picked":"Coolheaded","floor":10},{"not_picked":["Heatsinks","Streamline"],"picked":"Self Repair","floor":14}],"player_experience":41184,"relics_obtained":[{"floor":7,"key":"Ornamental Fan"},{"floor":9,"key":"Toy Ornithopter"},{"floor":11,"key":"Darkstone Periapt"}],"event_choices":[{"damage_healed":0,"gold_gain":175,"player_choice":"AGREE","damage_taken":0,"max_hp_gain":0,"max_hp_loss":0,"event_name":"Liars Game","floor":2,"gold_loss":0,"cards_obtained":["Doubt"]},{"damage_healed":0,"gold_gain":0,"player_choice":"Donut","damage_taken":0,"max_hp_gain":5,"max_hp_loss":0,"event_name":"Big Fish","floor":3,"gold_loss":0},{"damage_healed":0,"gold_gain":0,"player_choice":"Grow","damage_taken":0,"max_hp_gain":0,"max_hp_loss":0,"event_name":"Living Wall","floor":8,"gold_loss":0,"cards_upgraded":["Zap"]}],"is_beta":false,"boss_relics":[],"items_purged_floors":[12],"is_endless":false,"potions_floor_spawned":[1,7],"killed_by":"The Guardian","ascension_level":0}}