{"host":"x0ovlu53kkkog8rv","time":1611551263,"event":{"mods":["BaseMod","Colored Map","Minty Spire (QoL Compilation)","Quick Restart","SuperFastMode"],"gold_per_floor":[117,117,142,163,163,163,163,163,214,250,250,250,250],"floor_reached":12,"language":"KOR","playtime":316,"items_purged":[],"score":91,"play_id":"8c06628b-f24d-452c-81e4-10305a8a94f6","local_time":"20210125140743","is_ascension_mode":true,"campfire_choices":[{"floor":7,"key":"REST"}],"circlet_count":0,"master_deck":["Strike_G","Strike_G","Strike_G","Strike_G","Strike_G","Defend_G","Defend_G","Defend_G","Defend_G","Defend_G","Survivor","Neutralize","Slice","Injury","Calculated Gamble","Reflex","Neutralize","Calculated Gamble","Finesse","Blade Dance"],"relics":["Ring of the Snake","Tiny Chest","Golden Idol","Letter Opener","Gremlin Horn","Ancient Tea Set","Smiling Mask","White Beast Statue"],"acts_visited":["Exordium"],"potions_floor_usage":[10,12],"damage_taken":[{"damage":1,"enemies":"2 Louse","floor":1,"turns":3},{"damage":16,"enemies":"Jaw Worm","floor":3,"turns":5},{"damage":12,"enemies":"Small Slimes","floor":4,"turns":3},{"damage":28,"enemies":"Gremlin Nob","floor":10,"turns":5},{"damage":33,"enemies":"Lagavulin","floor":12,"turns":5}],"seed_played":"-8970951348241996423","potions_obtained":[{"floor":3,"key":"LiquidBronze"},{"floor":10,"key":"Strength Potion"}],"is_trial":false,"path_per_floor":["M","?","M","M","?","?","R","T","T","E","T","E"],"character_chosen":"THE_SILENT","items_purchased":[],"campfire_rested":1,"item_purchase_floors":[],"current_hp_per_floor":[69,69,53,41,38,38,59,59,59,31,31,0,0],"gold":250,"neow_bonus":"RANDOM_COMMON_RELIC","is_daily":false,"chose_seed":false,"campfire_upgraded":0,"win_rate":0.0,"timestamp":1611551263,"path_taken":["M","?","M","M","?","?","R","?","T","E","?","E"],"items_purchased_type":[],"build_version":"2020-12-22","purchased_purges":0,"victory":false,"max_hp_per_floor":[70,70,70,70,70,70,70,70,70,70,70,70,70],"card_choices":[{"not_picked":["PiercingWail","Outmaneuver"],"picked":"Slice","floor":1},{"not_picked":["Accuracy","Dash"],"picked":"Calculated Gamble","floor":3},{"not_picked":["Poisoned Stab","Dash"],"picked":"Reflex","floor":4},{"not_picked":["Slice","Grand Finale"],"picked":"Blade Dance","floor":10}],"player_experience":214820,"relics_obtained":[{"floor":8,"key":"Gremlin Horn"},{"floor":9,"key":"Ancient Tea Set"},{"floor":10,"key":"Smiling Mask"},{"floor":11,"key":"White Beast Statue"}],"event_choices":[{"damage_healed":0,"gold_gain":0,"player_choice":"Take Wound","damage_taken":0,"relics_obtained":["Golden Idol"],"max_hp_gain":0,"max_hp_loss":0,"event_name":"Golden Idol","floor":2,"gold_loss":0,"cards_obtained":["Injury"]},{"damage_healed":0,"gold_gain":0,"player_choice":"Success","damage_taken":3,"relics_obtained":["Letter Opener"],"max_hp_gain":0,"max_hp_loss":0,"event_name":"Scrap Ooze","floor":5,"gold_loss":0},{"damage_healed":0,"gold_gain":0,"player_choice":"3 cards matched","damage_taken":0,"max_hp_gain":0,"max_hp_loss":0,"event_name":"Match and Keep!","floor":6,"gold_loss":0,"cards_obtained":["Neutralize","Calculated Gamble","Finesse"]}],"is_beta":false,"boss_relics":[],"items_purged_floors":[],"is_endless":false,"potions_floor_spawned":[3,10],"killed_by":"Lagavulin","ascension_level":4}}