{"host":"1tl36azeqm6yhdgj","time":1611598822,"event":{"mods":["AchievementEnabler","BaseMod","Minty Spire (QoL Compilation)","StSLib","The IronCluck","everything is the same but u backflip on backflip"],"gold_per_floor":[112,112,132,147,161,194,194,194,218,232,264,264,264,297,297,376,376,386,438,438,23,34,34,69,87,163,163,163],"floor_reached":27,"language":"ENG","playtime":668,"items_purged":["Strike_R"],"score":502,"play_id":"797260fb-faad-4047-bee1-3a5f42bdbe06","local_time":"20210125132022","is_ascension_mode":true,"campfire_choices":[{"data":"Limit Break","floor":7.0,"key":"SMITH"},{"data":"Uppercut","floor":12.0,"key":"SMITH"},{"data":"Flame Barrier","floor":15.0,"key":"SMITH"},{"data":"Magnetism","floor":23.0,"key":"SMITH"}],"circlet_count":0,"master_deck":["AscendersBane","Strike_R","Defend_R+1","Defend_R","Defend_R+1","Defend_R","Bash","Heavy Blade","Anger","Clothesline","Thunderclap+1","Limit Break+1","Ghostly Armor","Uppercut+1","Flame Barrier+1","Disarm","Bludgeon","Dropkick","Magnetism+1","Shockwave","Feed","Metallicize"],"relics":["Burning Blood","NeowsBlessing","PreservedInsect","Orichalcum","Art of War","StoneCalendar","Self Forming Clay","Empty Cage","War Paint","Omamori","Smiling Mask","Ornamental Fan"],"acts_visited":["Exordium","TheCity"],"potions_floor_usage":[24,25],"damage_taken":[{"damage":0.0,"enemies":"Small Slimes","floor":1.0,"turns":1.0},{"damage":0.0,"enemies":"Cultist","floor":3.0,"turns":1.0},{"damage":0.0,"enemies":"2 Louse","floor":4.0,"turns":1.0},{"damage":9.0,"enemies":"Red Slaver","floor":5.0,"turns":2.0},{"damage":20.0,"enemies":"3 Sentries","floor":6.0,"turns":6.0},{"damage":5.0,"enemies":"Looter","floor":10.0,"turns":3.0},{"damage":19.0,"enemies":"Lagavulin","floor":11.0,"turns":6.0},{"damage":12.0,"enemies":"Gremlin Nob","floor":14.0,"turns":4.0},{"damage":23.0,"enemies":"Slime Boss","floor":16.0,"turns":7.0},{"damage":12.0,"enemies":"Shell Parasite","floor":18.0,"turns":6.0},{"damage":9.0,"enemies":"Chosen","floor":22.0,"turns":5.0},{"damage":39,"enemies":"Slavers","floor":24,"turns":6},{"damage":12,"enemies":"Snake Plant","floor":25,"turns":4},{"damage":18,"enemies":"3 Cultists","floor":27,"turns":3}],"seed_played":"586735487610604291","potions_obtained":[{"floor":1.0,"key":"LiquidMemories"},{"floor":4.0,"key":"Dexterity Potion"},{"floor":5.0,"key":"Fire Potion"},{"floor":10.0,"key":"SpeedPotion"},{"floor":18.0,"key":"PowerPotion"},{"floor":24,"key":"DuplicationPotion"}],"is_trial":false,"path_per_floor":["M","?","M","M","M","E","R","?","T","M","E","R","?","E","R","B",null,"M","T","?","$","M","R","E","M","T","M"],"character_chosen":"IRONCLAD","items_purchased":["Magnetism","Omamori"],"campfire_rested":0,"item_purchase_floors":[21,21],"current_hp_per_floor":[74,56,62,68,65,51,51,51,51,52,39,39,39,33,33,16,60,54,54,54,54,51,51,18,12,12,0,0],"gold":163,"neow_bonus":"THREE_ENEMY_KILL","is_daily":false,"chose_seed":false,"campfire_upgraded":4,"win_rate":0.0,"timestamp":1611598822,"path_taken":["M","?","M","M","M","E","R","?","T","?","E","R","?","E","R","BOSS","M","?","?","$","?","R","E","M","T","M"],"items_purchased_type":["Card","Relic"],"build_version":"2020-12-22","purchased_purges":1,"victory":false,"max_hp_per_floor":[75,75,75,75,75,75,75,75,75,75,75,75,75,75,75,75,75,75,75,75,75,75,75,75,75,75,75,75],"card_choices":[{"not_picked":["Rupture","Power Through"],"picked":"Heavy Blade","floor":1.0},{"not_picked":["Whirlwind","Sentinel"],"picked":"Anger","floor":3.0},{"not_picked":["Sword Boomerang","Clash"],"picked":"Clothesline","floor":4.0},{"not_picked":["Dark Embrace","Shrug It Off"],"picked":"Thunderclap","floor":5.0},{"not_picked":["Sword Boomerang","Sentinel"],"picked":"Limit Break","floor":6.0},{"not_picked":["Warcry","Clothesline"],"picked":"Uppercut","floor":10.0},{"not_picked":["Perfected Strike","Anger"],"picked":"Flame Barrier","floor":11.0},{"not_picked":["Intimidate","Inflame"],"picked":"Disarm","floor":14.0},{"not_picked":["Reaper","Impervious"],"picked":"Bludgeon","floor":16.0},{"not_picked":["Shrug It Off","Wild Strike"],"picked":"Dropkick","floor":18.0},{"not_picked":["Uppercut","Power Through"],"picked":"Shockwave","floor":22.0},{"not_picked":["True Grit","Perfected Strike"],"picked":"Feed","floor":24},{"not_picked":["Power Through","Entrench"],"picked":"Metallicize","floor":25}],"player_experience":2051524,"relics_obtained":[{"floor":6.0,"key":"Orichalcum"},{"floor":9.0,"key":"Art of War"},{"floor":11.0,"key":"StoneCalendar"},{"floor":14.0,"key":"Self Forming Clay"},{"floor":19.0,"key":"War Paint"},{"floor":24,"key":"Smiling Mask"},{"floor":26,"key":"Ornamental Fan"}],"event_choices":[{"damage_healed":0.0,"max_hp_gain":0.0,"max_hp_loss":0.0,"gold_gain":0.0,"event_name":"Scrap Ooze","player_choice":"Success","floor":2.0,"gold_loss":0.0,"damage_taken":18.0,"relics_obtained":["PreservedInsect"]},{"damage_healed":0.0,"max_hp_gain":0.0,"max_hp_loss":0.0,"gold_gain":0.0,"cards_transformed":["Strike_R"],"event_name":"Transmorgrifier","player_choice":"Transformed","floor":8.0,"gold_loss":0.0,"damage_taken":0.0,"cards_obtained":["Ghostly Armor"]},{"damage_healed":0.0,"max_hp_gain":0.0,"max_hp_loss":0.0,"gold_gain":0.0,"event_name":"Upgrade Shrine","player_choice":"Upgraded","floor":13.0,"gold_loss":0.0,"damage_taken":0.0,"cards_upgraded":["Thunderclap"]},{"damage_healed":0.0,"max_hp_gain":0.0,"max_hp_loss":0.0,"gold_gain":0.0,"event_name":"Match and Keep!","player_choice":"0 cards matched","floor":20.0,"gold_loss":0.0,"damage_taken":0.0,"cards_obtained":[]}],"is_beta":false,"boss_relics":[{"not_picked":["Philosopher\u0027s Stone","Busted Crown"],"picked":"Empty Cage"}],"items_purged_floors":[21],"is_endless":false,"potions_floor_spawned":[1,4,5,10,18,24],"killed_by":"3 Cultists","ascension_level":20}}