{"host":"yvb207ks1sg3cxef","time":1611584995,"event":{"mods":["2.2 Compatiblity","BaseMod","Bestiary","Colored Powertips","Minty Spire (QoL Compilation)","Permanent Neow","Quick Restart","Relic Stats","StSLib"],"gold_per_floor":[111,0,0,18,41,41,41,74,74,108,108,124,124,137,137,213,213,224,236,256,256,5,38,38,70,143,160,174,199,210,238,238,309,309,323,343,368,379,379,410,410,410,410,422,453,467,467,467,467,467,467,467,467,35,67,67],"floor_reached":57,"language":"ENG","playtime":5269,"items_purged":["Decay","ClearTheMind"],"score":3225,"play_id":"a30248c7-2e1a-40d4-ae59-deadb1612699","local_time":"20210125195955","is_ascension_mode":true,"campfire_choices":[{"data":"Eruption","floor":6.0,"key":"SMITH"},{"data":"Wallop","floor":11.0,"key":"SMITH"},{"data":"Scrawl","floor":13.0,"key":"SMITH"},{"data":"MentalFortress","floor":15.0,"key":"SMITH"},{"data":"Vault","floor":24.0,"key":"SMITH"},{"data":"LikeWater","floor":32.0,"key":"SMITH"},{"data":"SpiritShield","floor":41.0,"key":"SMITH"},{"data":"Meditate","floor":47.0,"key":"SMITH"},{"floor":49.0,"key":"RECALL"},{"data":"EmptyMind","floor":53,"key":"SMITH"}],"circlet_count":0,"master_deck":["AscendersBane","Eruption+1","Vigilance+1","FlurryOfBlows","WheelKick+1","MentalFortress+1","CutThroughFate+1","EmptyFist+1","Wallop+1","InnerPeace+1","Scrawl+1","LikeWater+1","SpiritShield+1","InnerPeace+1","MentalFortress","Sanctity+1","FlurryOfBlows+1","Prostrate+1","FearNoEvil+1","FlurryOfBlows+1","LikeWater","Vault+1","LikeWater+1","LikeWater+1","InnerPeace+1","LessonLearned+1","LessonLearned+1","CrushJoints+1","Prostrate+1","FlurryOfBlows+1","EmptyFist+1","MentalFortress+1","Meditate+1","EmptyMind+1","Adaptation+1","ClearTheMind","SpiritShield"],"relics":["PureWater","Prayer Wheel","Pear","Vajra","Lizard Tail","Pocketwatch","Incense Burner","Pandora\u0027s Box","OrangePellets","Blood Vial","Regal Pillow","HornCleat","Art of War","Mummified Hand","Astrolabe","GoldenEye","Shovel","Damaru","Kunai","Oddly Smooth Stone"],"acts_visited":["Exordium","TheCity","TheBeyond","TheEnding"],"potions_floor_usage":[50,56,56],"damage_taken":[{"damage":0.0,"enemies":"Small Slimes","floor":1.0,"turns":2.0},{"damage":2.0,"enemies":"Jaw Worm","floor":4.0,"turns":3.0},{"damage":10.0,"enemies":"Lagavulin","floor":8.0,"turns":4.0},{"damage":0.0,"enemies":"Gremlin Nob","floor":10.0,"turns":3.0},{"damage":0.0,"enemies":"2 Louse","floor":12.0,"turns":2.0},{"damage":0.0,"enemies":"Gremlin Gang","floor":14.0,"turns":2.0},{"damage":12.0,"enemies":"The Guardian","floor":16.0,"turns":10.0},{"damage":0.0,"enemies":"2 Thieves","floor":18.0,"turns":1.0},{"damage":0.0,"enemies":"Chosen","floor":19.0,"turns":4.0},{"damage":8.0,"enemies":"Snake Plant","floor":20.0,"turns":7.0},{"damage":4.0,"enemies":"Book of Stabbing","floor":23.0,"turns":3.0},{"damage":0.0,"enemies":"Slavers","floor":25.0,"turns":5.0},{"damage":0.0,"enemies":"Centurion and Healer","floor":27.0,"turns":4.0},{"damage":5.0,"enemies":"Shelled Parasite and Fungi","floor":28.0,"turns":9.0},{"damage":0.0,"enemies":"Gremlin Leader","floor":29.0,"turns":10.0},{"damage":0.0,"enemies":"Snecko","floor":30.0,"turns":7.0},{"damage":15.0,"enemies":"Slavers","floor":31.0,"turns":13.0},{"damage":0.0,"enemies":"Collector","floor":33.0,"turns":12.0},{"damage":0.0,"enemies":"3 Darklings","floor":35.0,"turns":11.0},{"damage":0.0,"enemies":"Orb Walker","floor":36.0,"turns":4.0},{"damage":0.0,"enemies":"Mind Bloom Boss Battle","floor":37.0,"turns":15.0},{"damage":0.0,"enemies":"Sphere and 2 Shapes","floor":38.0,"turns":4.0},{"damage":17.0,"enemies":"Reptomancer","floor":40.0,"turns":9.0},{"damage":6.0,"enemies":"Maw","floor":44.0,"turns":6.0},{"damage":0.0,"enemies":"Nemesis","floor":45.0,"turns":7.0},{"damage":0.0,"enemies":"Transient","floor":46.0,"turns":7.0},{"damage":0,"enemies":"Donu and Deca","floor":50,"turns":11},{"damage":53,"enemies":"Awakened One","floor":51,"turns":9},{"damage":19,"enemies":"Shield and Spear","floor":55,"turns":4},{"damage":17,"enemies":"The Heart","floor":56,"turns":9}],"seed_played":"-4206178161088249384","potions_obtained":[{"floor":8.0,"key":"Fire Potion"},{"floor":12.0,"key":"SmokeBomb"},{"floor":18.0,"key":"Swift Potion"},{"floor":20.0,"key":"StancePotion"},{"floor":25.0,"key":"AttackPotion"},{"floor":28.0,"key":"SpeedPotion"},{"floor":31.0,"key":"StancePotion"},{"floor":38.0,"key":"LiquidMemories"},{"floor":40.0,"key":"ColorlessPotion"},{"floor":45.0,"key":"StancePotion"},{"floor":55,"key":"AttackPotion"}],"is_trial":false,"path_per_floor":["M","$","?","M","T","R","?","E","T","E","R","M","R","M","R","B",null,"M","M","M","?","$","E","R","E","T","M","M","E","M","E","R","B",null,"M","M","?","M","?","E","R","?","T","M","E","M","R","?","R","B","B",null,"R","$","E","B",null],"character_chosen":"WATCHER","items_purchased":["MentalFortress","OrangePellets","LikeWater","Kunai","PowerPotion"],"campfire_rested":0,"item_purchase_floors":[2,22,22,54,54],"current_hp_per_floor":[61,61,53,51,51,51,51,41,41,41,41,41,41,41,41,29,66,66,66,58,58,58,54,54,56,56,58,55,57,59,46,46,48,71,73,75,77,78,78,61,61,61,61,57,59,61,61,61,61,63,12,62,62,62,45,30],"gold":67,"neow_bonus":"ONE_RARE_RELIC","is_daily":false,"chose_seed":false,"campfire_upgraded":9,"win_rate":0.0,"timestamp":1611584995,"path_taken":["M","$","?","M","?","R","?","E","T","E","R","M","R","M","R","BOSS","M","?","?","?","$","E","R","E","T","?","M","E","M","E","R","BOSS","M","M","?","M","?","E","R","?","T","M","E","?","R","?","R","BOSS","BOSS","R","$","E","BOSS"],"items_purchased_type":["Card","Relic","Card","Relic","Potion"],"build_version":"2020-12-22","purchased_purges":2,"victory":true,"max_hp_per_floor":[68,68,78,78,78,78,78,78,78,78,78,78,78,78,78,78,78,78,78,78,78,78,78,78,78,78,78,78,78,78,78,78,78,78,78,78,78,78,78,78,78,78,78,78,78,78,78,78,78,78,78,78,78,78,78,78],"relic_stats":{"Regal Pillow":0,"counters":[30,197],"Astrolabe":["CrushJoints","Fasting2","Prostrate"],"GoldenEye":[26],"Blood Vial":35,"OrangePellets":[15],"Lizard Tail":0,"Shovel":0,"Mummified Hand":[111],"Prayer Wheel":15,"Pandora\u0027s Box":["ClearTheMind","InnerPeace","BattleHymn","DeceiveReality","Weave","MentalFortress","Sanctity"],"Art of War":[12],"Kunai":[31],"obtain_stats":[{"Regal Pillow":25,"Pear":3,"Astrolabe":34,"Vajra":5,"Damaru":45,"Oddly Smooth Stone":55,"Incense Burner":10,"GoldenEye":37,"Blood Vial":23,"OrangePellets":22,"Lizard Tail":8,"HornCleat":26,"Shovel":40,"Mummified Hand":31,"Prayer Wheel":0,"Pandora\u0027s Box":17,"Art of War":29,"Kunai":54,"PureWater":0,"Pocketwatch":9},{"Regal Pillow":12,"Pear":1,"Astrolabe":18,"Vajra":2,"Damaru":25,"Oddly Smooth Stone":29,"Incense Burner":4,"GoldenEye":21,"Blood Vial":11,"OrangePellets":10,"Lizard Tail":3,"HornCleat":12,"Shovel":23,"Mummified Hand":17,"Prayer Wheel":0,"Pandora\u0027s Box":7,"Art of War":15,"Kunai":28,"PureWater":0,"Pocketwatch":3},{"Regal Pillow":46,"Pear":2,"Astrolabe":101,"Vajra":5,"Damaru":157,"Oddly Smooth Stone":188,"Incense Burner":12,"GoldenEye":131,"Blood Vial":41,"OrangePellets":38,"Lizard Tail":9,"HornCleat":46,"Shovel":144,"Mummified Hand":89,"Prayer Wheel":0,"Pandora\u0027s Box":26,"Art of War":69,"Kunai":184,"PureWater":0,"Pocketwatch":9}],"Pocketwatch":[125]},"card_choices":[{"not_picked":["BattleHymn","SashWhip"],"picked":"FlurryOfBlows","floor":1.0},{"not_picked":["Halt","FollowUp"],"picked":"WheelKick","floor":1.0},{"not_picked":["JustLucky","Evaluate"],"picked":"CutThroughFate","floor":4.0},{"not_picked":["WreathOfFlame","CutThroughFate","Nirvana"],"picked":"SKIP","floor":4.0},{"not_picked":["SignatureMove","MasterReality"],"picked":"Wallop","floor":8.0},{"not_picked":["PathToVictory","FlyingSleeves"],"picked":"FlurryOfBlows","floor":10.0},{"not_picked":["ClearTheMind","LikeWater"],"picked":"InnerPeace","floor":12.0},{"not_picked":["Swivel","FlyingSleeves"],"picked":"Scrawl","floor":12.0},{"not_picked":["ReachHeaven","FlurryOfBlows"],"picked":"LikeWater","floor":14.0},{"not_picked":["SignatureMove","CutThroughFate","CrushJoints"],"picked":"SKIP","floor":14.0},{"not_picked":["Devotion","Omniscience"],"picked":"SpiritShield","floor":16.0},{"not_picked":["Study","Protect","Conclude"],"picked":"SKIP","floor":18.0},{"not_picked":["ReachHeaven","Prostrate","Halt"],"picked":"SKIP","floor":18.0},{"not_picked":["Collect","SashWhip"],"picked":"FlurryOfBlows","floor":19.0},{"not_picked":["EmptyBody","Prostrate","SandsOfTime"],"picked":"SKIP","floor":19.0},{"not_picked":["EmptyBody","SandsOfTime"],"picked":"Prostrate","floor":19.0},{"not_picked":["Crescendo","FlyingSleeves"],"picked":"FearNoEvil","floor":20.0},{"not_picked":["Establishment","PathToVictory"],"picked":"FlurryOfBlows","floor":20.0},{"not_picked":["Sanctity+1","Crescendo"],"picked":"Vault","floor":23.0},{"not_picked":["JustLucky","CutThroughFate","Swivel"],"picked":"SKIP","floor":25.0},{"not_picked":["Crescendo","SignatureMove"],"picked":"LikeWater","floor":27.0},{"not_picked":["JustLucky+1","FollowUp"],"picked":"LikeWater","floor":27.0},{"not_picked":["Collect","JustLucky+1","FlurryOfBlows"],"picked":"SKIP","floor":28.0},{"not_picked":["Study","BowlingBash","WreathOfFlame"],"picked":"SKIP","floor":28.0},{"not_picked":["BowlingBash","EmptyBody"],"picked":"InnerPeace","floor":29.0},{"not_picked":["FlurryOfBlows","Prostrate"],"picked":"LessonLearned","floor":30.0},{"not_picked":["FlurryOfBlows","Wireheading","Halt+1"],"picked":"SKIP","floor":30.0},{"not_picked":["BattleHymn","FlyingSleeves","Crescendo"],"picked":"SKIP","floor":31.0},{"not_picked":["Brilliance","Judgement"],"picked":"LessonLearned","floor":33.0},{"not_picked":["FlyingSleeves","Prostrate"],"picked":"FlurryOfBlows+1","floor":35.0},{"not_picked":["FlyingSleeves","SignatureMove+1","SashWhip+1"],"picked":"SKIP","floor":35.0},{"not_picked":["EmptyBody+1","JustLucky"],"picked":"EmptyFist","floor":36.0},{"not_picked":["Halt","Crescendo","Wireheading"],"picked":"SKIP","floor":36.0},{"not_picked":["ThirdEye","Crescendo"],"picked":"MentalFortress","floor":38.0},{"not_picked":["ClearTheMind","DeceiveReality","EmptyFist"],"picked":"SKIP","floor":38.0},{"not_picked":["Study","CutThroughFate","ClearTheMind"],"picked":"SKIP","floor":40.0},{"not_picked":["Evaluate+1","EmptyFist+1"],"picked":"Meditate","floor":44.0},{"not_picked":["Pray","Crescendo+1","WheelKick"],"picked":"SKIP","floor":44.0},{"not_picked":["Omniscience","MasterReality"],"picked":"EmptyMind","floor":45.0},{"not_picked":["FollowUp","LikeWater"],"picked":"Adaptation","floor":46.0},{"not_picked":["ClearTheMind","CrushJoints+1","SignatureMove"],"picked":"SKIP","floor":46.0},{"not_picked":["Consecrate+1","Evaluate"],"picked":"SpiritShield","floor":55}],"player_experience":462301,"relics_obtained":[{"floor":5.0,"key":"Vajra"},{"floor":8.0,"key":"Lizard Tail"},{"floor":9.0,"key":"Pocketwatch"},{"floor":10.0,"key":"Incense Burner"},{"floor":23.0,"key":"Blood Vial"},{"floor":25.0,"key":"Regal Pillow"},{"floor":26.0,"key":"HornCleat"},{"floor":29.0,"key":"Art of War"},{"floor":31.0,"key":"Mummified Hand"},{"floor":37.0,"key":"GoldenEye"},{"floor":40.0,"key":"Shovel"},{"floor":45.0,"key":"Damaru"},{"floor":55,"key":"Oddly Smooth Stone"}],"event_choices":[{"damage_healed":0.0,"max_hp_gain":0.0,"max_hp_loss":0.0,"gold_gain":0.0,"event_name":"Scrap Ooze","player_choice":"Success","floor":3.0,"gold_loss":0.0,"damage_taken":18.0,"relics_obtained":["Pear"]},{"damage_healed":0.0,"max_hp_gain":0.0,"max_hp_loss":0.0,"gold_gain":0.0,"cards_transformed":["Strike_P"],"event_name":"Transmorgrifier","player_choice":"Transformed","floor":7.0,"gold_loss":0.0,"damage_taken":0.0,"cards_obtained":["EmptyFist"]},{"damage_healed":0.0,"max_hp_gain":0.0,"max_hp_loss":0.0,"gold_gain":0.0,"event_name":"Match and Keep!","player_choice":"0 cards matched","floor":21.0,"gold_loss":0.0,"damage_taken":0.0,"cards_obtained":[]},{"damage_healed":0.0,"max_hp_gain":0.0,"max_hp_loss":0.0,"gold_gain":0.0,"event_name":"MindBloom","player_choice":"Fight","floor":37.0,"gold_loss":0.0,"damage_taken":0.0},{"cards_removed":["FlurryOfBlows"],"damage_healed":0.0,"max_hp_gain":0.0,"max_hp_loss":0.0,"gold_gain":0.0,"event_name":"Falling","player_choice":"Removed Attack","floor":39.0,"gold_loss":0.0,"damage_taken":0.0},{"damage_healed":0.0,"max_hp_gain":0.0,"max_hp_loss":0.0,"gold_gain":0.0,"event_name":"Upgrade Shrine","player_choice":"Upgraded","floor":42.0,"gold_loss":0.0,"damage_taken":0.0,"cards_upgraded":["LikeWater"]},{"damage_healed":0.0,"max_hp_gain":0.0,"max_hp_loss":0.0,"gold_gain":0.0,"cards_transformed":["Fasting2"],"event_name":"Transmorgrifier","player_choice":"Transformed","floor":48.0,"gold_loss":0.0,"damage_taken":0.0,"cards_obtained":["ClearTheMind"]}],"is_beta":false,"boss_relics":[{"not_picked":["Philosopher\u0027s Stone","Velvet Choker"],"picked":"Pandora\u0027s Box"},{"not_picked":["SacredBark","Busted Crown"],"picked":"Astrolabe"}],"items_purged_floors":[2,54],"is_endless":false,"potions_floor_spawned":[8,12,18,20,25,28,31,35,38,40,45,55],"ascension_level":20}}