{"host":"lte3xujvwediduij","time":1611576558,"event":{"mods":["Aspiration","BaseMod","Better-Laid Plans","Minty Spire (QoL Compilation)","Spicy Shops","StSLib","¡¾ÒÅÎï¿¨ÅÆ¡¿REMEMod","óô»ðÖ¸ÄÏ"],"gold_per_floor":[110,130,130,130,141,168,168,183,183,27,27,46,90,24,24,24,24],"floor_reached":16,"language":"ZHS","playtime":595,"items_purged":[],"score":102,"play_id":"8816cd28-693d-4720-aa74-bf5cf3d6b7f7","local_time":"20210125200918","is_ascension_mode":false,"campfire_choices":[{"floor":7.0,"key":"REST"},{"floor":15.0,"key":"REST"}],"circlet_count":0,"master_deck":["Strike_B","Strike_B+1","Strike_B","Strike_B","Defend_B","Defend_B","Defend_B","Defend_B","Zap","Dualcast","Enlightenment+1","Doom and Gloom","Tempest","aspiration:Polymerization","Aggregate","Streamline","Leap","REME_BodyOfCthun"],"relics":["Cracked Core","REME_ComplimentaryCards","NeowsBlessing","Omamori","aspiration:StickyExplosives_weak","Lantern"],"acts_visited":["Exordium"],"potions_floor_usage":[16],"damage_taken":[{"damage":0.0,"enemies":"Small Slimes","floor":1.0,"turns":1.0},{"damage":0.0,"enemies":"Jaw Worm","floor":2.0,"turns":1.0},{"damage":0.0,"enemies":"Cultist","floor":5.0,"turns":1.0},{"damage":22.0,"enemies":"3 Sentries","floor":6.0,"turns":6.0},{"damage":11.0,"enemies":"Large Slime","floor":8.0,"turns":5.0},{"damage":11.0,"enemies":"Exordium Wildlife","floor":12.0,"turns":2.0},{"damage":14.0,"enemies":"Blue Slaver","floor":13.0,"turns":4.0},{"damage":31,"enemies":"Hexaghost","floor":16,"turns":7}],"seed_played":"-2675561502475100814","potions_obtained":[{"floor":2.0,"key":"Strength Potion"},{"floor":5.0,"key":"Swift Potion"},{"floor":8.0,"key":"REME_GoldPotion"}],"is_trial":false,"path_per_floor":["M","M","?","?","M","E","R","M","T","$","?","M","M","$","R","B"],"character_chosen":"DEFECT","items_purchased":["Lantern","REME_BodyOfCthun","FocusPotion"],"campfire_rested":2,"item_purchase_floors":[10,14,14],"current_hp_per_floor":[75,75,60,27,27,5,27,16,16,16,34,23,9,9,31,0,0],"gold":24,"neow_bonus":"THREE_ENEMY_KILL","is_daily":false,"chose_seed":false,"campfire_upgraded":0,"win_rate":0.0,"timestamp":1611576558,"path_taken":["M","M","?","?","M","E","R","M","T","$","?","M","?","?","R","BOSS"],"items_purchased_type":["Relic","Card","Potion"],"build_version":"2020-12-22","purchased_purges":0,"victory":false,"max_hp_per_floor":[75,75,75,75,75,75,75,75,75,75,75,75,75,75,75,75,75],"card_choices":[{"not_picked":["Streamline","Stack"],"picked":"Doom and Gloom","floor":1.0},{"not_picked":["Force Field","Coolheaded"],"picked":"Tempest","floor":2.0},{"not_picked":["Turbo","Coolheaded"],"picked":"aspiration:Polymerization","floor":5.0},{"not_picked":["Turbo","Coolheaded"],"picked":"Aggregate","floor":6.0},{"not_picked":["Lockon","Stack","Consume"],"picked":"SKIP","floor":8.0},{"not_picked":["Turbo","Steam"],"picked":"Streamline","floor":12.0},{"not_picked":["Biased Cognition","aspiration:Polymerization"],"picked":"Leap","floor":13.0}],"player_experience":38659,"relics_obtained":[{"floor":6.0,"key":"aspiration:StickyExplosives_weak"}],"event_choices":[{"damage_healed":0.0,"max_hp_gain":0.0,"max_hp_loss":0.0,"gold_gain":0.0,"event_name":"Shining Light","player_choice":"Entered Light","floor":3.0,"gold_loss":0.0,"damage_taken":15.0,"cards_upgraded":["Enlightenment","Strike_B"]},{"damage_healed":0.0,"max_hp_gain":0.0,"max_hp_loss":0.0,"gold_gain":0.0,"event_name":"Scrap Ooze","player_choice":"Success","floor":4.0,"gold_loss":0.0,"damage_taken":33.0,"relics_obtained":["Omamori"]},{"damage_healed":18.0,"max_hp_gain":0.0,"max_hp_loss":0.0,"gold_gain":0.0,"event_name":"Mushrooms","player_choice":"Healed and dodged fight","floor":11.0,"gold_loss":0.0,"damage_taken":0.0,"cards_obtained":["Parasite"]}],"is_beta":false,"boss_relics":[],"items_purged_floors":[],"is_endless":false,"potions_floor_spawned":[2,5,8],"killed_by":"Hexaghost","ascension_level":0}}