{"host":"t7mx8yfj1no5p62f","time":1611591476,"event":{"mods":["BaseMod","Bestiary","Colored Map","Colored Powertips","Minty Spire (QoL Compilation)","Relic Stats","StSLib","ojb\u0027s Info Mod"],"gold_per_floor":[367,442,454,454,1,1,1,1,1,14,39,39,70,95,95,95,95],"floor_reached":16,"language":"ENG","playtime":445,"items_purged":[],"score":200,"play_id":"56750851-d6cb-4eb7-ba73-fe9e1a99c978","local_time":"20210125111756","is_ascension_mode":true,"campfire_choices":[{"data":"Carnage","floor":6.0,"key":"SMITH"},{"data":"Pommel Strike","floor":8.0,"key":"SMITH"},{"data":"Disarm","floor":12,"key":"SMITH"},{"floor":15,"key":"REST"}],"circlet_count":0,"master_deck":["AscendersBane","Strike_R","Strike_R","Strike_R","Strike_R","Strike_R","Defend_R","Defend_R","Defend_R","Defend_R","Bash","Battle Trance","Pommel Strike+1","Spot Weakness","Carnage+1","Disarm+1","Ghostly Armor","Shockwave"],"relics":["Burning Blood","Letter Opener","Omamori","ClockworkSouvenir","Golden Idol","Darkstone Periapt"],"acts_visited":["Exordium"],"potions_floor_usage":[13,16],"damage_taken":[{"damage":19.0,"enemies":"Jaw Worm","floor":1.0,"turns":5.0},{"damage":9.0,"enemies":"2 Louse","floor":3.0,"turns":4.0},{"damage":0,"enemies":"Cultist","floor":10,"turns":2},{"damage":8,"enemies":"Blue Slaver","floor":11,"turns":2},{"damage":20,"enemies":"3 Sentries","floor":13,"turns":8},{"damage":2,"enemies":"Exordium Thugs","floor":14,"turns":4},{"damage":37,"enemies":"The Guardian","floor":16,"turns":11}],"seed_played":"8005763094063651072","potions_obtained":[{"floor":1.0,"key":"SteroidPotion"},{"floor":10,"key":"EssenceOfSteel"}],"is_trial":false,"path_per_floor":["M","?","M","T","$","R","?","R","T","M","M","R","E","M","R","B"],"character_chosen":"IRONCLAD","items_purchased":["Spot Weakness","Carnage","Omamori","ClockworkSouvenir"],"campfire_rested":1,"item_purchase_floors":[5,5,5,5],"current_hp_per_floor":[37,26,23,23,23,23,23,23,23,29,27,27,13,17,37,0,0],"gold":95,"neow_bonus":"TWO_FIFTY_GOLD","is_daily":false,"chose_seed":false,"campfire_upgraded":3,"win_rate":0.0,"timestamp":1611591476,"path_taken":["M","?","M","?","$","R","?","R","T","M","?","R","E","M","R","BOSS"],"items_purchased_type":["Card","Card","Relic","Relic"],"build_version":"2020-12-22","purchased_purges":0,"victory":false,"max_hp_per_floor":[75,75,75,75,75,75,68,68,68,68,68,68,68,68,68,68,68],"relic_stats":{"Darkstone Periapt":0,"counters":[7,36],"Golden Idol":19,"Letter Opener":[35],"obtain_stats":[{"Darkstone Periapt":13,"Golden Idol":7,"Omamori":5,"Letter Opener":4,"Burning Blood":0,"ClockworkSouvenir":5},{"Darkstone Periapt":5,"Golden Idol":2,"Omamori":2,"Letter Opener":2,"Burning Blood":0,"ClockworkSouvenir":2},{"Darkstone Periapt":21,"Golden Idol":9,"Omamori":9,"Letter Opener":9,"Burning Blood":0,"ClockworkSouvenir":9}],"Burning Blood":36},"card_choices":[{"not_picked":["Clash","Perfected Strike"],"picked":"Battle Trance","floor":1.0},{"not_picked":["Intimidate","Heavy Blade"],"picked":"Pommel Strike","floor":3.0},{"not_picked":["Pummel","Havoc"],"picked":"Disarm","floor":10},{"not_picked":["Perfected Strike","Blood for Blood","Combust"],"picked":"SKIP","floor":11},{"not_picked":["Wild Strike","Bloodletting"],"picked":"Ghostly Armor","floor":13},{"not_picked":["Armaments","Double Tap"],"picked":"Shockwave","floor":14}],"player_experience":1852457,"relics_obtained":[{"floor":4.0,"key":"Letter Opener"},{"floor":13,"key":"Darkstone Periapt"}],"event_choices":[{"damage_healed":0.0,"max_hp_gain":0.0,"max_hp_loss":0.0,"gold_gain":75.0,"event_name":"World of Goop","player_choice":"Gather Gold","floor":2.0,"gold_loss":0.0,"damage_taken":11.0},{"damage_healed":0.0,"max_hp_gain":0.0,"max_hp_loss":7.0,"gold_gain":0.0,"event_name":"Golden Idol","player_choice":"Lose Max HP","floor":7.0,"gold_loss":0.0,"damage_taken":0.0,"relics_obtained":["Golden Idol"]}],"is_beta":false,"boss_relics":[],"items_purged_floors":[],"is_endless":false,"potions_floor_spawned":[1,10],"killed_by":"The Guardian","ascension_level":20}}