{"host":"yd6hhqps9de4qmof","time":1611589006,"event":{"mods":["BaseMod","Downfall","Hermit","Highlight Path","Jorbs\u0027s Wanderer Trilogy","Minty Spire (QoL Compilation)","Relic Stats","Robot Space Explorer","Shade Mod","StSLib","The Cursed","The Disciple","The Marked","The Servant 0.9.4"],"gold_per_floor":[116,130,142,217,217,217,217,252,252,278,291,306,306,306,306,401,451,467,224,224,224,242,242,276,276,276,276,292,306,323,337,337,438,438,457,477,29,29,7,39,39,66,113,113,147,197,7,20,20,20],"floor_reached":51,"language":"ENG","playtime":2578,"items_purged":["Parasite"],"score":952,"play_id":"bf32a2e2-803b-4b40-8599-ac090963da38","local_time":"20210125163646","is_ascension_mode":true,"campfire_choices":[{"data":"RobotSpaceExplorer:Pulsar","floor":6,"key":"SMITH"},{"data":"RobotSpaceExplorer:PowerCollector","floor":13,"key":"SMITH"},{"data":"RobotSpaceExplorer:PowerGlove","floor":15,"key":"SMITH"},{"data":"RobotSpaceExplorer:GearShield","floor":23,"key":"SMITH"},{"data":"RobotSpaceExplorer:Scan","floor":25,"key":"SMITH"},{"floor":27,"key":"REST"},{"floor":32,"key":"REST"},{"floor":41,"key":"REST"},{"data":"RobotSpaceExplorer:Strike","floor":44,"key":"SMITH"},{"data":"RobotSpaceExplorer:PowerGlove+1","floor":49,"key":"PURGE"}],"circlet_count":0,"master_deck":["RobotSpaceExplorer:Strike","RobotSpaceExplorer:Strike+1","RobotSpaceExplorer:Defend","RobotSpaceExplorer:Defend","RobotSpaceExplorer:Scan+1","RobotSpaceExplorer:MiniLasers+1","RobotSpaceExplorer:Accelerator+1","RobotSpaceExplorer:RigExplosive+1","RobotSpaceExplorer:Scanner+1","RobotSpaceExplorer:ScrapMissile+1","RobotSpaceExplorer:Pulsar+1","RobotSpaceExplorer:GearShield+1","RobotSpaceExplorer:Fix+1","RobotSpaceExplorer:PowerCollector+1","RobotSpaceExplorer:Jetpack+1","RobotSpaceExplorer:DroneSwarm+1","RobotSpaceExplorer:GearShield+1","Dark Shackles+1","RobotSpaceExplorer:Probe+1","RobotSpaceExplorer:Jetpack+1","RobotSpaceExplorer:JunkDive+1","RobotSpaceExplorer:Accelerator+1","RobotSpaceExplorer:ScrapMissile+1","RobotSpaceExplorer:StunGrenade+1","RobotSpaceExplorer:FreezeRay+1","RobotSpaceExplorer:Smokescreen+1","RobotSpaceExplorer:StarLightning+1","RobotSpaceExplorer:Pulsar+1","RobotSpaceExplorer:ToxicBomb+1","RobotSpaceExplorer:Pulsar+1","RobotSpaceExplorer:Pulsar+1","RobotSpaceExplorer:FreezeRay+1","RobotSpaceExplorer:LuckyStrike+1"],"relics":["Astrolabe","Toxic Egg 2","Pantograph","Shuriken","Tiny House","Bag of Preparation","MutagenicStrength","Frozen Egg 2","Molten Egg 2","SlaversCollar","Vajra","Ornamental Fan","HornCleat","RobotSpaceExplorer:FoglandsKnife","RobotSpaceExplorer:ClockworkSextant","Peace Pipe","Membership Card"],"acts_visited":["Exordium","TheCity","TheBeyond"],"potions_floor_usage":[2,2,8,8,10,12,16,18,18,24,24,29,31,33,35,36,40,42,45,46,48,50,50,50,50],"damage_taken":[{"damage":1,"enemies":"Small Slimes","floor":1,"turns":4},{"damage":0,"enemies":"2 Louse","floor":2,"turns":1},{"damage":0,"enemies":"Cultist","floor":3,"turns":4},{"damage":13,"enemies":"3 Sentries","floor":8,"turns":8},{"damage":15,"enemies":"Gremlin Nob","floor":10,"turns":4},{"damage":3,"enemies":"Blue Slaver","floor":11,"turns":4},{"damage":6,"enemies":"Large Slime","floor":12,"turns":4},{"damage":30,"enemies":"Hexaghost","floor":16,"turns":10},{"damage":0,"enemies":"3 Byrds","floor":18,"turns":5},{"damage":6,"enemies":"Chosen","floor":22,"turns":6},{"damage":17,"enemies":"Gremlin Leader","floor":24,"turns":7},{"damage":0,"enemies":"Snake Plant","floor":28,"turns":4},{"damage":7,"enemies":"Centurion and Healer","floor":29,"turns":7},{"damage":21,"enemies":"Snecko","floor":30,"turns":6},{"damage":10,"enemies":"Snake Plant","floor":31,"turns":5},{"damage":14,"enemies":"Champ","floor":33,"turns":10},{"damage":12,"enemies":"3 Shapes","floor":35,"turns":6},{"damage":12,"enemies":"3 Darklings","floor":36,"turns":4},{"damage":15,"enemies":"Nemesis","floor":40,"turns":5},{"damage":0,"enemies":"Giant Head","floor":42,"turns":7},{"damage":0,"enemies":"Nemesis","floor":45,"turns":3},{"damage":13,"enemies":"2 Orb Walkers","floor":46,"turns":4},{"damage":0,"enemies":"Maw","floor":48,"turns":7},{"damage":16,"enemies":"Awakened One","floor":50,"turns":10}],"seed_played":"-1249212700837214300","potions_obtained":[{"floor":3,"key":"champ:CounterPotion"},{"floor":12,"key":"Strength Potion"},{"floor":16,"key":"Dexterity Potion"},{"floor":17,"key":"FearPotion"},{"floor":18,"key":"Block Potion"},{"floor":40,"key":"SpeedPotion"}],"is_trial":false,"path_per_floor":["M","M","M","?","?","R","?","E","T","E","M","M","R","?","R","B",null,"M","$","?","?","M","R","E","R","T","R","M","M","M","M","R","B",null,"M","M","$","?","$","E","R","E","T","R","E","?","$","M","R","B",null],"character_chosen":"RobotSpaceExplorer","items_purchased":["Bag of Preparation","Dark Shackles+1","Vajra","RobotSpaceExplorer:FreezeRay+1","RobotSpaceExplorer:Smokescreen+1","RobotSpaceExplorer:StarLightning+1","RobotSpaceExplorer:Pulsar+1","Membership Card","RobotSpaceExplorer:FreezeRay+1"],"campfire_rested":3,"item_purchase_floors":[19,19,37,37,37,37,39,47,47],"current_hp_per_floor":[74,74,74,63,63,63,63,50,50,35,38,38,38,56,56,45,80,80,80,80,80,74,74,63,63,63,80,80,79,64,60,80,72,80,74,62,62,62,62,53,76,77,77,77,77,70,70,76,76,67],"gold":20,"neow_bonus":"BOSS_RELIC","is_daily":false,"chose_seed":false,"campfire_upgraded":6,"win_rate":0.0,"timestamp":1611589006,"path_taken":["M","M","M","?","?","R","?","E","T","E","M","?","R","?","R","BOSS","M","$","?","?","?","R","E","R","T","R","?","M","M","M","R","BOSS","M","M","$","?","?","E","R","E","T","R","E","?","$","M","R","BOSS"],"items_purchased_type":["Relic","Card","Relic","Card","Card","Card","Card","Relic","Card"],"build_version":"2020-12-22","purchased_purges":1,"victory":true,"max_hp_per_floor":[75,75,75,75,75,75,75,75,75,75,75,75,75,75,75,75,80,80,80,80,80,80,80,80,80,80,80,80,80,80,80,80,80,80,80,80,77,77,77,77,77,77,77,77,77,77,77,77,77,77],"relic_stats":{"Peace Pipe":1,"counters":[24,135],"Shuriken":[20],"Ornamental Fan":[40],"Astrolabe":["RobotSpaceExplorer:Accelerator","RobotSpaceExplorer:RigExplosive","RobotSpaceExplorer:Scanner"],"Pantograph":20,"Bag of Preparation":[30],"obtain_stats":[{"RobotSpaceExplorer:ClockworkSextant":45,"Tiny House":17,"Astrolabe":0,"Vajra":37,"RobotSpaceExplorer:RoboCore":0,"Bag of Preparation":19,"Frozen Egg 2":24,"Peace Pipe":46,"SlaversCollar":34,"RobotSpaceExplorer:FoglandsKnife":43,"HornCleat":42,"Shuriken":10,"Ornamental Fan":40,"Pantograph":9,"MutagenicStrength":20,"Molten Egg 2":26,"Membership Card":47,"Toxic Egg 2":8},{"RobotSpaceExplorer:ClockworkSextant":21,"Tiny House":8,"Astrolabe":0,"Vajra":18,"RobotSpaceExplorer:RoboCore":0,"Bag of Preparation":9,"Frozen Egg 2":11,"Peace Pipe":22,"SlaversCollar":16,"RobotSpaceExplorer:FoglandsKnife":20,"HornCleat":20,"Shuriken":5,"Ornamental Fan":19,"Pantograph":4,"MutagenicStrength":9,"Molten Egg 2":11,"Membership Card":22,"Toxic Egg 2":4},{"RobotSpaceExplorer:ClockworkSextant":114,"Tiny House":39,"Astrolabe":0,"Vajra":99,"RobotSpaceExplorer:RoboCore":0,"Bag of Preparation":44,"Frozen Egg 2":57,"Peace Pipe":118,"SlaversCollar":89,"RobotSpaceExplorer:FoglandsKnife":111,"HornCleat":111,"Shuriken":21,"Ornamental Fan":104,"Pantograph":17,"MutagenicStrength":44,"Molten Egg 2":57,"Membership Card":118,"Toxic Egg 2":17}]},"card_choices":[{"not_picked":["RobotSpaceExplorer:Probe","RobotSpaceExplorer:ImprovisedAttack"],"picked":"RobotSpaceExplorer:ScrapMissile","floor":1},{"not_picked":["RobotSpaceExplorer:Calculate","RobotSpaceExplorer:StunGrenade"],"picked":"RobotSpaceExplorer:Pulsar","floor":2},{"not_picked":["RobotSpaceExplorer:StunGrenade","RobotSpaceExplorer:ImprovisedAttack","RobotSpaceExplorer:Jetpack"],"picked":"SKIP","floor":3},{"not_picked":["RobotSpaceExplorer:ShockKick","RobotSpaceExplorer:SlimeMissile"],"picked":"RobotSpaceExplorer:PowerGlove","floor":8},{"not_picked":["RobotSpaceExplorer:SurgingShield+1","RobotSpaceExplorer:ShovelStrike"],"picked":"RobotSpaceExplorer:Fix+1","floor":10},{"not_picked":["RobotSpaceExplorer:FrostMissile","RobotSpaceExplorer:MiniDrones"],"picked":"RobotSpaceExplorer:PowerCollector","floor":11},{"not_picked":["RobotSpaceExplorer:MetalStrike","RobotSpaceExplorer:SurgingStrike"],"picked":"RobotSpaceExplorer:Jetpack+1","floor":12},{"not_picked":["RobotSpaceExplorer:HighVoltage","RobotSpaceExplorer:BlastShield+1"],"picked":"RobotSpaceExplorer:DroneSwarm","floor":16},{"not_picked":["RobotSpaceExplorer:Ammunition+1","RobotSpaceExplorer:FrostMissile"],"picked":"RobotSpaceExplorer:GearShield+1","floor":18},{"not_picked":["RobotSpaceExplorer:SwiftStep+1","RobotSpaceExplorer:SlimeMissile","RobotSpaceExplorer:Counterblock+1"],"picked":"SKIP","floor":22},{"not_picked":["RobotSpaceExplorer:StunGrenade","RobotSpaceExplorer:FranticSearch+1","RobotSpaceExplorer:Ammunition+1"],"picked":"SKIP","floor":24},{"not_picked":["RobotSpaceExplorer:FranticSearch+1","RobotSpaceExplorer:Calculate+1"],"picked":"RobotSpaceExplorer:Probe+1","floor":28},{"not_picked":["RobotSpaceExplorer:ShovelStrike+1","RobotSpaceExplorer:SurgingStrike+1"],"picked":"RobotSpaceExplorer:Jetpack+1","floor":29},{"not_picked":["RobotSpaceExplorer:BlastShield+1","RobotSpaceExplorer:ShovelStrike+1","RobotSpaceExplorer:Jetpack+1"],"picked":"SKIP","floor":30},{"not_picked":["RobotSpaceExplorer:FrostMissile+1","RobotSpaceExplorer:MetalStrike+1"],"picked":"RobotSpaceExplorer:JunkDive+1","floor":31},{"not_picked":["RobotSpaceExplorer:Scanner+1","RobotSpaceExplorer:Exploration+1"],"picked":"RobotSpaceExplorer:Accelerator+1","floor":33},{"not_picked":["RobotSpaceExplorer:SurgingStrike+1","RobotSpaceExplorer:StunGrenade+1"],"picked":"RobotSpaceExplorer:ScrapMissile+1","floor":35},{"not_picked":["RobotSpaceExplorer:SurgingStrike+1","RobotSpaceExplorer:SlimeMissile+1"],"picked":"RobotSpaceExplorer:StunGrenade+1","floor":36},{"not_picked":["RobotSpaceExplorer:Electropulse+1","RobotSpaceExplorer:FrostMissile+1"],"picked":"RobotSpaceExplorer:ToxicBomb+1","floor":40},{"not_picked":["RobotSpaceExplorer:GlueShot+1","RobotSpaceExplorer:SlimeMissile+1","RobotSpaceExplorer:Reload+1"],"picked":"SKIP","floor":42},{"not_picked":["RobotSpaceExplorer:ShockKick+1","RobotSpaceExplorer:FreezingShield+1"],"picked":"RobotSpaceExplorer:Pulsar+1","floor":45},{"not_picked":["RobotSpaceExplorer:Discharger+1","RobotSpaceExplorer:ImprovisedAttack+1"],"picked":"RobotSpaceExplorer:Pulsar+1","floor":46},{"not_picked":["RobotSpaceExplorer:SelfCleaning+1","RobotSpaceExplorer:RigExplosive+1"],"picked":"RobotSpaceExplorer:LuckyStrike+1","floor":48}],"player_experience":1176275,"relics_obtained":[{"floor":8,"key":"Toxic Egg 2"},{"floor":9,"key":"Pantograph"},{"floor":10,"key":"Shuriken"},{"floor":24,"key":"Frozen Egg 2"},{"floor":26,"key":"Molten Egg 2"},{"floor":40,"key":"Ornamental Fan"},{"floor":42,"key":"HornCleat"},{"floor":43,"key":"RobotSpaceExplorer:FoglandsKnife"},{"floor":45,"key":"RobotSpaceExplorer:ClockworkSextant"},{"floor":46,"key":"Peace Pipe"}],"event_choices":[{"damage_healed":0,"gold_gain":75,"player_choice":"Gather Gold","damage_taken":11,"max_hp_gain":0,"max_hp_loss":0,"event_name":"World of Goop","floor":4,"gold_loss":0},{"damage_healed":0,"gold_gain":0,"player_choice":"Ignored","damage_taken":0,"max_hp_gain":0,"max_hp_loss":0,"event_name":"Liars Game","floor":5,"gold_loss":0},{"damage_healed":0,"gold_gain":0,"cards_transformed":["RobotSpaceExplorer:Defend"],"player_choice":"Transformed","damage_taken":0,"max_hp_gain":0,"max_hp_loss":0,"event_name":"Transmorgrifier","floor":7,"gold_loss":0,"cards_obtained":["RobotSpaceExplorer:GearShield"]},{"damage_healed":18,"gold_gain":0,"player_choice":"Healed and dodged fight","damage_taken":0,"max_hp_gain":0,"max_hp_loss":0,"event_name":"Mushrooms","floor":14,"gold_loss":0,"cards_obtained":["Parasite"]},{"damage_healed":0,"gold_gain":0,"player_choice":"Inject Mutagens","damage_taken":0,"relics_obtained":["MutagenicStrength"],"max_hp_gain":0,"max_hp_loss":0,"event_name":"Drug Dealer","floor":20,"gold_loss":0},{"damage_healed":0,"gold_gain":0,"player_choice":"Upgraded","damage_taken":0,"max_hp_gain":0,"max_hp_loss":0,"event_name":"Upgrade Shrine","floor":21,"gold_loss":0,"cards_upgraded":["RobotSpaceExplorer:DroneSwarm"]},{"damage_healed":0,"gold_gain":0,"player_choice":"Upgraded","damage_taken":0,"max_hp_gain":0,"max_hp_loss":0,"event_name":"Upgrade Shrine","floor":38,"gold_loss":0,"cards_upgraded":["RobotSpaceExplorer:ScrapMissile"]},{"damage_healed":0,"gold_gain":0,"player_choice":"Fight","damage_taken":0,"max_hp_gain":0,"max_hp_loss":0,"event_name":"Mysterious Sphere","floor":46,"gold_loss":0}],"is_beta":false,"boss_relics":[{"not_picked":["Calling Bell","Snecko Eye"],"picked":"Tiny House"},{"not_picked":["Velvet Choker","SacredBark"],"picked":"SlaversCollar"}],"items_purged_floors":[37],"is_endless":false,"potions_floor_spawned":[3,12,16,18,22,29,31,35,40,42,46],"ascension_level":3}}