{"host":"qgrlfjrqk9z96gfi","time":1611536871,"event":{"mods":["BaseMod","Block Reminder","Colored Map","Custom Start","DeckTracker","Minty Spire (QoL Compilation)"],"gold_per_floor":[113,70,84,98,98,98,133,133,133,18,93,93,93],"floor_reached":12,"language":"ENG","playtime":267,"items_purged":[],"score":151,"play_id":"8102df81-ff1a-4dfc-a127-006b6f1d20f0","local_time":"20210124150751","is_ascension_mode":true,"campfire_choices":[{"data":"Phantasmal Killer","floor":6,"key":"SMITH"},{"floor":8,"key":"REST"}],"circlet_count":0,"master_deck":["AscendersBane","Strike_G","Strike_G","Strike_G","Strike_G","Strike_G","Defend_G","Defend_G","Defend_G","Defend_G","Defend_G","Survivor","Neutralize","Phantasmal Killer+1","Underhanded Strike","Noxious Fumes","Accuracy","Finisher","PiercingWail"],"relics":["Ring of the Snake","Spirit Poop","Gremlin Horn","Sundial"],"acts_visited":["Exordium"],"potions_floor_usage":[7,12],"damage_taken":[{"damage":0,"enemies":"2 Louse","floor":1,"turns":2},{"damage":1,"enemies":"Cultist","floor":3,"turns":4},{"damage":4,"enemies":"Small Slimes","floor":4,"turns":4},{"damage":36,"enemies":"Gremlin Nob","floor":7,"turns":4},{"damage":30,"enemies":"Lagavulin","floor":12,"turns":5}],"seed_played":"-6915364307776298290","potions_obtained":[{"floor":1,"key":"GamblersBrew"},{"floor":4,"key":"Ancient Potion"}],"is_trial":false,"path_per_floor":["M","$","M","M","?","R","E","R","T","$","?","E"],"character_chosen":"THE_SILENT","items_purchased":["Noxious Fumes","PiercingWail","BlessingOfTheForge"],"campfire_rested":1,"item_purchase_floors":[2,10,10],"current_hp_per_floor":[59,59,58,54,54,54,18,37,37,37,26,0,0],"gold":93,"neow_bonus":"THREE_RARE_CARDS","is_daily":false,"chose_seed":false,"campfire_upgraded":1,"win_rate":0.0,"timestamp":1611536871,"path_taken":["M","$","M","M","?","R","E","R","T","?","?","E"],"items_purchased_type":["Card","Card","Potion"],"build_version":"2020-12-22","purchased_purges":0,"victory":false,"max_hp_per_floor":[66,66,66,66,66,66,66,66,66,66,66,66,66],"card_choices":[{"not_picked":["Tools of the Trade","Glass Knife"],"picked":"Phantasmal Killer","floor":0},{"not_picked":["Poisoned Stab","Deflect"],"picked":"Underhanded Strike","floor":1},{"not_picked":["Slice","Blur","Distraction"],"picked":"SKIP","floor":3},{"not_picked":["Predator","Flying Knee"],"picked":"Accuracy","floor":4},{"not_picked":["Blur","Choke"],"picked":"Finisher","floor":7}],"player_experience":1057521,"relics_obtained":[{"floor":7,"key":"Gremlin Horn"},{"floor":9,"key":"Sundial"}],"event_choices":[{"cards_removed":["Injury"],"damage_healed":0,"gold_gain":0,"player_choice":"Offered Curse","damage_taken":0,"relics_obtained":["Spirit Poop"],"max_hp_gain":0,"max_hp_loss":0,"event_name":"Bonfire Elementals","floor":5,"gold_loss":0},{"damage_healed":0,"gold_gain":75,"player_choice":"Gather Gold","damage_taken":11,"max_hp_gain":0,"max_hp_loss":0,"event_name":"World of Goop","floor":11,"gold_loss":0}],"is_beta":false,"boss_relics":[],"items_purged_floors":[],"is_endless":false,"potions_floor_spawned":[1,4],"killed_by":"Lagavulin","ascension_level":20}}