{"host":"k85tjwrh7mjrrc9a","time":1611595684,"event":{"mods":["AchievementEnabler","BaseMod","Colored Powertips","Highlight Path","Minty Spire (QoL Compilation)","Rare Cards Sparkle","StSLib"],"gold_per_floor":[117,117,137,137,149,149,189,189,216,154,191,191,235,253,253,334,334,345,345,59,83,109,109,136,158,193,193,207,207,207],"floor_reached":29,"language":"ENG","playtime":1639,"items_purged":[],"score":417,"play_id":"8be32f91-b850-4747-974a-fe5c2695d691","local_time":"20210125122804","is_ascension_mode":true,"campfire_choices":[{"data":"Body Slam","floor":6.0,"key":"SMITH"},{"floor":8.0,"key":"REST"},{"floor":15.0,"key":"REST"},{"floor":23,"key":"REST"},{"data":"Limit Break","floor":27,"key":"SMITH"}],"circlet_count":0,"master_deck":["AscendersBane","Strike_R","Strike_R","Strike_R","Defend_R+1","Defend_R+1","Defend_R","Defend_R","Bash+1","Spot Weakness","Body Slam+1","Headbutt","Uppercut","Thunderclap","Twin Strike","Limit Break+1","Offering","Evolve","Shrug It Off","Pommel Strike","Heavy Blade","Ghostly Armor+1","Shame"],"relics":["Burning Blood","CeramicFish","MealTicket","Regal Pillow","Smiling Mask","Cursed Key","Membership Card","Pen Nib"],"acts_visited":["Exordium","TheCity"],"potions_floor_usage":[22,22],"damage_taken":[{"damage":6.0,"enemies":"Cultist","floor":1.0,"turns":3.0},{"damage":4.0,"enemies":"Small Slimes","floor":3.0,"turns":4.0},{"damage":9.0,"enemies":"2 Louse","floor":5.0,"turns":3.0},{"damage":27.0,"enemies":"3 Sentries","floor":7.0,"turns":10.0},{"damage":22.0,"enemies":"Lagavulin","floor":11.0,"turns":7.0},{"damage":23.0,"enemies":"3 Sentries","floor":13.0,"turns":6.0},{"damage":26.0,"enemies":"Exordium Thugs","floor":14.0,"turns":4.0},{"damage":46.0,"enemies":"Hexaghost","floor":16.0,"turns":9.0},{"damage":25.0,"enemies":"Spheric Guardian","floor":18.0,"turns":4.0},{"damage":30.0,"enemies":"2 Thieves","floor":21.0,"turns":3.0},{"damage":33,"enemies":"Snecko","floor":22,"turns":5},{"damage":21,"enemies":"3 Cultists","floor":24,"turns":4},{"damage":17,"enemies":"Chosen and Byrds","floor":25,"turns":5},{"damage":15,"enemies":"Snake Plant","floor":28,"turns":5},{"damage":33,"enemies":"Centurion and Healer","floor":29,"turns":3}],"seed_played":"2571472663909958141","potions_obtained":[{"floor":7.0,"key":"BloodPotion"},{"floor":11.0,"key":"Swift Potion"},{"floor":18.0,"key":"Explosive Potion"},{"floor":21.0,"key":"Swift Potion"}],"is_trial":false,"path_per_floor":["M","?","M","?","M","R","E","R","T","$","E","?","E","M","R","B",null,"M","?","$","M","M","R","M","M","T","R","M","M"],"character_chosen":"IRONCLAD","items_purchased":["Uppercut","Membership Card","Offering","Evolve","Fruit Juice"],"campfire_rested":3,"item_purchase_floors":[10,20,20,20,20],"current_hp_per_floor":[68,68,70,55,52,52,31,53,53,68,52,52,35,15,52,12,59,40,40,60,36,25,64,49,38,38,38,29,0,0],"gold":207,"neow_bonus":"UPGRADE_CARD","is_daily":false,"chose_seed":false,"campfire_upgraded":2,"win_rate":0.0,"timestamp":1611595684,"path_taken":["M","?","M","?","M","R","E","R","T","$","E","?","E","M","R","BOSS","M","?","$","?","M","R","M","M","T","R","M","M"],"items_purchased_type":["Card","Relic","Card","Card","Potion"],"build_version":"2020-12-22","purchased_purges":0,"victory":false,"max_hp_per_floor":[75,75,75,75,75,75,75,75,75,75,75,75,75,75,75,75,75,75,75,80,80,80,80,80,80,80,80,80,80,80],"card_choices":[{"not_picked":["Clash","Twin Strike"],"picked":"Spot Weakness","floor":1.0},{"not_picked":["Hemokinesis","Anger","Sword Boomerang"],"picked":"SKIP","floor":3.0},{"not_picked":["Twin Strike","Pummel"],"picked":"Body Slam","floor":5.0},{"not_picked":["Wild Strike","Perfected Strike"],"picked":"Headbutt","floor":7.0},{"not_picked":["Immolate","Hemokinesis"],"picked":"Thunderclap","floor":11.0},{"not_picked":["Berserk","Clash"],"picked":"Twin Strike","floor":13.0},{"not_picked":["Reckless Charge","Rage","Headbutt"],"picked":"SKIP","floor":14.0},{"not_picked":["Demon Form","Feed"],"picked":"Limit Break","floor":16.0},{"not_picked":["Infernal Blade","Second Wind","Combust"],"picked":"SKIP","floor":18.0},{"not_picked":["Body Slam","Perfected Strike"],"picked":"Shrug It Off","floor":21.0},{"not_picked":["Bloodletting","Limit Break"],"picked":"Pommel Strike","floor":22},{"not_picked":["Blood for Blood","Body Slam"],"picked":"Heavy Blade","floor":24},{"not_picked":["Clash+1","Flex"],"picked":"Ghostly Armor+1","floor":25},{"not_picked":["Infernal Blade","Wild Strike","Body Slam"],"picked":"SKIP","floor":28}],"player_experience":219573,"relics_obtained":[{"floor":7.0,"key":"CeramicFish"},{"floor":9.0,"key":"MealTicket"},{"floor":11.0,"key":"Regal Pillow"},{"floor":13.0,"key":"Smiling Mask"},{"floor":26,"key":"Pen Nib"}],"event_choices":[{"cards_removed":["Strike_R"],"damage_healed":0.0,"max_hp_gain":0.0,"max_hp_loss":0.0,"gold_gain":0.0,"event_name":"Living Wall","player_choice":"Forget","floor":2.0,"gold_loss":0.0,"damage_taken":0.0},{"damage_healed":0.0,"max_hp_gain":0.0,"max_hp_loss":0.0,"gold_gain":0.0,"event_name":"Shining Light","player_choice":"Entered Light","floor":4.0,"gold_loss":0.0,"damage_taken":15.0,"cards_upgraded":["Defend_R","Defend_R"]},{"damage_healed":0.0,"max_hp_gain":0.0,"max_hp_loss":0.0,"gold_gain":0.0,"event_name":"The Woman in Blue","player_choice":"Bought 0 Potions","floor":12.0,"gold_loss":0.0,"damage_taken":0.0},{"cards_removed":["Strike_R"],"damage_healed":0.0,"max_hp_gain":0.0,"max_hp_loss":0.0,"gold_gain":0.0,"event_name":"Purifier","player_choice":"Purged","floor":19.0,"gold_loss":0.0,"damage_taken":0.0}],"is_beta":false,"boss_relics":[{"not_picked":["SacredBark","Philosopher\u0027s Stone"],"picked":"Cursed Key"}],"items_purged_floors":[],"is_endless":false,"potions_floor_spawned":[7,11,14,16,18,21],"killed_by":"Centurion and Healer","ascension_level":14}}