{"host":"uvmuduost5bzvojs","time":1611542591,"event":{"mods":["Aspiration","Bard","BaseMod","Better Match","Block Reminder","Conspire","Hermit","Highlight Path","Hubris","Infinite Spire","Jorbs\u0027s Wanderer Trilogy","Mad Scientist","Marisa????????","Mimic Mod","Minty Spire (QoL Compilation)","Potionbrewer","Replay The Spire","Robot Space Explorer","StSLib","The Blackbeard","The Construct","The Cursed","The Disciple","The Hayseed","The Hierophant","The Juggle","The Jungle","The Poker Player","The Runesmith","The Servant 0.9.4","The Spell Scribe","The Valiant","TheBandit"],"gold_per_floor":[115,134,134,134,7,32,44,58,112,96,96,21,21,21,21,116,116,128,11,11,101,101,127,127,37,137,149,149],"floor_reached":27,"language":"ENG","playtime":1478,"items_purged":["Runesmith:Strike_RS"],"score":252,"play_id":"af1f53bf-7d18-4a89-ada6-b175c850c493","local_time":"20210124214311","is_ascension_mode":false,"campfire_choices":[{"data":"Runesmith:PoweredAnvil","floor":11,"key":"SMITH"},{"data":"Runesmith:RunicBlueprint","floor":15,"key":"SMITH"}],"circlet_count":0,"master_deck":["Runesmith:Strike_RS","Runesmith:Defend_RS","Runesmith:Defend_RS","Runesmith:Defend_RS","Runesmith:Defend_RS","Runesmith:CraftFirestone","Runesmith:Fortify","Runesmith:ShiftingStrike","Runesmith:Grindstone","Runesmith:PoweredAnvil+1","Runesmith:CraftMagma","Runesmith:EarthShield","Runesmith:Repurpose","Runesmith:RunicBlueprint+1","Runesmith:ReplicatingBarrier","AbeCurse","Runesmith:BackupBattery+1","Runesmith:LithiumIon","Runesmith:StaticCage","Runesmith:CraftReservo+1","Runesmith:LithiumIon","Voices","Runesmith:Refine"],"relics":["Runesmith:BrokenRuby","NeowsBlessing","Gremlin Horn","Happy Flower","Abe\u0027s Treasure","Runesmith:MiniCore","Mummified Hand","ReplayTheSpireMod:Ring of Collecting","Ring of Greed","ReplayFunnel","hubris:MobiusCoin","MawBank"],"acts_visited":["Exordium","TheCity"],"potions_floor_usage":[],"damage_taken":[{"damage":0,"enemies":"Jaw Worm","floor":1,"turns":1},{"damage":0,"enemies":"2 Louse","floor":2,"turns":1},{"damage":0,"enemies":"Gremlin Nob","floor":6,"turns":2},{"damage":0,"enemies":"Cultist","floor":7,"turns":5},{"damage":11,"enemies":"2 Fungi Beasts","floor":8,"turns":5},{"damage":4,"enemies":"Exordium Thugs","floor":10,"turns":4},{"damage":12,"enemies":"Fading Forest","floor":16,"turns":11},{"damage":6,"enemies":"Shell Parasite","floor":18,"turns":7},{"damage":11,"enemies":"Book of Stabbing","floor":23,"turns":6},{"damage":33,"enemies":"2 Thieves","floor":25,"turns":5},{"damage":5,"enemies":"3 Cultists","floor":27,"turns":4}],"seed_played":"2244347079395218550","potions_obtained":[{"floor":1,"key":"Strength Potion"},{"floor":7,"key":"Energy Potion"},{"floor":10,"key":"potionbrewer:AcidPotion"}],"is_trial":false,"path_per_floor":["M","M","?","?","$","E","M","M","T","M","R","$","?","$","R","B",null,"M","$","?","?","?","E","?","M","T","M"],"character_chosen":"RUNESMITH_CLASS","items_purchased":["Runesmith:PoweredAnvil","Runesmith:CraftMagma","Runesmith:LithiumIon","Runesmith:StaticCage"],"campfire_rested":0,"item_purchase_floors":[5,5,19,19],"current_hp_per_floor":[70,70,70,70,70,70,70,59,59,55,55,55,55,55,55,53,70,64,64,47,47,47,36,36,3,3,0,0],"gold":149,"neow_bonus":"THREE_ENEMY_KILL","is_daily":false,"chose_seed":false,"campfire_upgraded":2,"win_rate":0.0,"timestamp":1611542591,"path_taken":["M","M","?","?","$","E","M","?","T","M","R","$","?","?","R","BOSS","M","$","?","?","?","E","?","M","T","?"],"items_purchased_type":["Card","Card","Card","Card"],"build_version":"2020-12-22","purchased_purges":1,"victory":false,"max_hp_per_floor":[70,70,70,70,70,70,70,70,70,70,70,70,70,70,70,70,70,70,70,70,70,70,70,70,70,70,70,70],"card_choices":[{"not_picked":["Runesmith:RuneHurl","Runesmith:MakeshiftArmor"],"picked":"Runesmith:ShiftingStrike","floor":1},{"not_picked":["Runesmith:RuneHurl","Runesmith:Repurpose"],"picked":"Runesmith:Grindstone","floor":2},{"not_picked":["Runesmith:Overpower","Runesmith:EnergizedChisel"],"picked":"Runesmith:EarthShield","floor":6},{"not_picked":["Runesmith:UnstableHammer","Runesmith:CraftSpiculum"],"picked":"Runesmith:Repurpose","floor":7},{"not_picked":["Runesmith:ShiftingStrike","Runesmith:ChiselStab","Runesmith:HeatExchange"],"picked":"SKIP","floor":8},{"not_picked":["Runesmith:Electrocute","Runesmith:CraftProtectio"],"picked":"Runesmith:RunicBlueprint","floor":10},{"not_picked":["Runesmith:LastStand","Runesmith:Duplicate"],"picked":"Runesmith:ReplicatingBarrier","floor":16},{"not_picked":["Runesmith:Overpower","Runesmith:CraftProtectio"],"picked":"Runesmith:BackupBattery+1","floor":18},{"not_picked":["Runesmith:HammerThrow","Runesmith:Overpower+1"],"picked":"Runesmith:CraftReservo+1","floor":21},{"not_picked":["Runesmith:ArcReactor","Runesmith:ChiselStab+1"],"picked":"Runesmith:LithiumIon","floor":23},{"not_picked":["Runesmith:EarthShield+1","Runesmith:CraftProtectio+1"],"picked":"Runesmith:Refine","floor":25}],"player_experience":1782569,"relics_obtained":[{"floor":6,"key":"Gremlin Horn"},{"floor":9,"key":"Happy Flower"},{"floor":21,"key":"Runesmith:MiniCore"},{"floor":23,"key":"Mummified Hand"},{"floor":24,"key":"ReplayTheSpireMod:Ring of Collecting"},{"floor":26,"key":"Ring of Greed"},{"floor":26,"key":"ReplayFunnel"},{"floor":26,"key":"hubris:MobiusCoin"},{"floor":26,"key":"MawBank"}],"event_choices":[{"damage_healed":0,"gold_gain":0,"player_choice":"Bought 0 Potions","damage_taken":0,"max_hp_gain":0,"max_hp_loss":0,"event_name":"The Woman in Blue","floor":4,"gold_loss":0},{"cards_removed":["Runesmith:Strike_RS"],"damage_healed":0,"gold_gain":0,"player_choice":"Offered Basic","damage_taken":0,"max_hp_gain":0,"max_hp_loss":0,"event_name":"Bonfire Elementals","floor":13,"gold_loss":0},{"cards_removed":["Runesmith:Strike_RS"],"damage_healed":0,"gold_gain":0,"player_choice":"Elegance","damage_taken":0,"max_hp_gain":0,"max_hp_loss":0,"event_name":"Back to Basics","floor":22,"gold_loss":0}],"is_beta":false,"boss_relics":[{"not_picked":["Replay:Bronze Core","hubris:ScarierMask"],"picked":"Abe\u0027s Treasure"}],"items_purged_floors":[12],"is_endless":false,"potions_floor_spawned":[1,7,10,23],"killed_by":"3 Cultists","ascension_level":0}}