{"host":"2eswhqk6sgfpt1j1","time":1611584028,"event":{"mods":["Act Like it!","BaseMod","Colored Powertips","Downfall","Duelist Mod","Hallownest","Hunter ¡‘»À","Minty Spire (QoL Compilation)","Replay The Spire","StSLib","The Bug Knight","The Cursed","The Servant 0.9.4"],"gold_per_floor":[12,30,30,30,47,47,47,66,148,226,245,257,0,13,13,13,13],"floor_reached":16,"language":"ZHS","playtime":926,"items_purged":[],"score":94,"play_id":"97097d67-0ce6-485f-a58f-ece50a02ee40","local_time":"20210125221348","is_ascension_mode":false,"campfire_choices":[{"data":"HollowMod:TaintedHusks","floor":6,"key":"SMITH"},{"floor":15,"key":"REST"}],"circlet_count":0,"master_deck":["HollowMod:NailStrikeStart","HollowMod:NailStrikeStart","HollowMod:NailStrikeStart","HollowMod:NailStrikeStart","HollowMod:QuickDashStart","HollowMod:QuickDashStart","HollowMod:QuickDashStart","HollowMod:QuickDashStart","HollowMod:FocusHealStart","HollowMod:PogoStrike","HollowMod:TaintedHusks+1","HollowMod:DungDefenderAura","Hallownest:curseDreamersLament","HollowMod:InfectedAttack","HollowMod:CornifersMapStart"],"relics":["HollowMod:VesselMask","Unceasing Top","Hallownest:DreamNailRelic","Hallownest:TeacherSealRelic","Mirror","Boot","Ancient Tea Set"],"acts_visited":["Hallownest:Greenpath"],"potions_floor_usage":[12,12],"damage_taken":[{"damage":12,"enemies":"Hallownest:monsterHuskGuard","floor":1,"turns":6},{"damage":11,"enemies":"Hallownest:2_MossCreeps","floor":2,"turns":8},{"damage":9,"enemies":"Hallownest:2_Tiktiks_and_1_Crawlid","floor":5,"turns":6},{"damage":11,"enemies":"Hallownest:2_Tiktiks_1_Baldur_1_Crawlid","floor":8,"turns":3},{"damage":5,"enemies":"Hallownest:Wandering_and_Horned","floor":11,"turns":5},{"damage":14,"enemies":"Hallownest:Guard_and_Warrior","floor":12,"turns":7},{"damage":21,"enemies":"Hallownest:MossCreep_and_Mosskin","floor":14,"turns":5},{"damage":39,"enemies":"Hallownest:BossBrokenVessel","floor":16,"turns":6}],"seed_played":"7086648001026360485","potions_obtained":[{"floor":2,"key":"Weak Potion"},{"floor":5,"key":"CultistPotion"},{"floor":8,"key":"Weak Potion"},{"floor":10,"key":"Guardian:BlockOnCardUsePotion"}],"is_trial":false,"path_per_floor":["M","M","?","$","M","R","?","M","T","?","M","M","?","M","R","B"],"character_chosen":"THE_BUGKNIGHT","items_purchased":[],"campfire_rested":1,"item_purchase_floors":[],"current_hp_per_floor":[69,68,68,68,59,59,59,48,48,48,43,35,35,14,36,0,0],"gold":13,"neow_bonus":"ONE_RARE_RELIC","is_daily":false,"chose_seed":false,"campfire_upgraded":1,"win_rate":0.0,"timestamp":1611584028,"path_taken":["M","M","?","?","?","R","?","M","T","?","M","M","?","M","R","BOSS"],"items_purchased_type":[],"build_version":"2020-12-22","purchased_purges":0,"victory":false,"max_hp_per_floor":[75,75,75,75,75,75,75,75,75,75,75,75,75,75,75,75,75],"card_choices":[{"not_picked":["HollowMod:GreatSlash","HollowMod:HowlingWraiths"],"picked":"HollowMod:TaintedHusks","floor":1},{"not_picked":["HollowMod:HowlingWraiths","HollowMod:NewJinnsSoul"],"picked":"HollowMod:DungDefenderAura","floor":2},{"not_picked":["HollowMod:ZotesMagnificence","HollowMod:Grubsong","HollowMod:HowlingWraiths"],"picked":"SKIP","floor":5},{"not_picked":["HollowMod:CornifersMapStart","HollowMod:QuirrelsAssistance"],"picked":"HollowMod:InfectedAttack","floor":8},{"not_picked":["HollowMod:SiblingsSouls","HollowMod:SoulSplash"],"picked":"HollowMod:CornifersMapStart","floor":10},{"not_picked":["HollowMod:VengefulSpirit","HollowMod:LifebloodCocoon","HollowMod:FallenFury"],"picked":"SKIP","floor":11},{"not_picked":["HollowMod:SoulMaster","HollowMod:SiblingsSouls","HollowMod:HowlingWraiths"],"picked":"SKIP","floor":12},{"not_picked":["HollowMod:CloakDash","HollowMod:SoulVessel","HollowMod:InfectedAttack"],"picked":"SKIP","floor":14}],"player_experience":431829,"relics_obtained":[{"floor":9,"key":"Mirror"},{"floor":10,"key":"Boot"}],"event_choices":[],"is_beta":false,"boss_relics":[],"items_purged_floors":[],"is_endless":false,"potions_floor_spawned":[2,5,8],"killed_by":"Hallownest:BossBrokenVessel","ascension_level":0}}