{"host":"dxhqtkke6bt2qzoz","time":1611581692,"event":{"mods":["100% Spire Juice","ATMod(阿瑾Mod)","Act Like it!","Arknights The Spire","Astrologer","BaseMod","Chen","Dota2Spire","Gensokyo","KinomotoSakuraMod(木之本樱)","Koishi","LagranYue(拉格朗・月)","Marisa（F雨　魔理沙）","Minty Spire (QoL Compilation)","Nova Terra(诺娃・泰拉)","Prisma Mod","Reimu（博丽灵梦）","Relic Stats","Remilia（蕾米莉亚）","SIMod","StSLib","TestMod","The Alterego","The Dragon Tamer","The Marked","TheWitcher","Waifu the Spire","WarShipGirlsR/战舰少女R mod","Yakumo Yukari mod","Youmu（魂魄妖梦）","Yuri Mod","Yuyuko","[IsaacMod]以撒尖塔","【遗物卡牌】REMEMod"],"gold_per_floor":[112,132,132,57,71,71,99,99,99,99,133,151,189,213,213,322,322,341,266,301,356,370,402,449,449,449,449,88,105,105,127,127,262,262,287,134,205,248,248,287,327,327,375,416,428,428,424,423,423,453],"floor_reached":51,"language":"ZHS","playtime":1743,"items_purged":["SnafuTest:DefaultCommonAttack","SnafuTest:WitchHunt","SnafuTest:SpellLivingArmor"],"score":808,"play_id":"f87cb493-460f-4c88-ac3d-4e3da7281341","local_time":"20210125213452","is_ascension_mode":false,"campfire_choices":[{"data":"SnafuTest:BountyHunt","floor":6,"key":"SMITH"},{"data":"SnafuTest:FullCover","floor":8,"key":"SMITH"},{"data":"SnafuTest:SpellLifeDrain","floor":15,"key":"SMITH"},{"floor":25,"key":"REST"},{"floor":27,"key":"REST"},{"data":"SnafuTest:AssassinOfKings","floor":32,"key":"SMITH"},{"data":"SnafuTest:FreyaBlessing","floor":42,"key":"SMITH"},{"floor":46,"key":"REST"},{"floor":49,"key":"REST"}],"circlet_count":0,"master_deck":["SnafuTest:DefaultCommonAttack","SnafuTest:DefaultCommonAttack+1","SnafuTest:BountyHunt+1","SnafuTest:DefaultCommonSkill","SnafuTest:DefaultCommonSkill","SnafuTest:SignIgni","AT_BreakingExtremeWeapon","LagranYue:AttackCellGodCard+3","SnafuTest:FullCover+1","SnafuTest:Shooting","SnafuTest:WeddingDance","SnafuTest:SpellLifeDrain+1","SnafuTest:SneakKill","SnafuTest:Decapitate+1","SnafuTest:BombDimeritium+1","SnafuTest:PaySaddlery","SnafuTest:BattleCry+1","SnafuTest:MCSuccubusSeduction+1","SnafuTest:PowerProbingFeint+1","SnafuTest:AssassinOfKings+1","SnafuTest:FreyaBlessing+1","AT_EmpoweredMortalDraw","SnafuTest:PayArmorSmith","SnafuTest:PayHappyHour","SnafuTest:PayBank","SnafuTest:FlashingRaid+1","SnafuTest:Shooting+1"],"relics":["SnafuTest:UnstableMutagenRelic","HushsDoor","testmod-BouquetWithThorns","Void","Golden Idol","AT_ArchangelStaff","Dota2Spire:RefresherOrb","Whetstone","Red Mask","AT_SilvercatRing","testmod-ArcanaOfDestiny","MutagenicStrength","AT_MortalBlade","HandDrill","CatCart","AT_SunfireAegis","Bottled Lightning"],"acts_visited":["Exordium","TheCity","TheBeyond"],"potions_floor_usage":[13,13,16,20,21,23,33,37,37,41,50],"damage_taken":[{"damage":0,"enemies":"Cultist","floor":1,"turns":2},{"damage":0,"enemies":"Jaw Worm","floor":2,"turns":1},{"damage":4,"enemies":"Small Slimes","floor":5,"turns":3},{"damage":1,"enemies":"Exordium Wildlife","floor":7,"turns":3},{"damage":8,"enemies":"Red Slaver","floor":11,"turns":2},{"damage":0,"enemies":"Large Slime","floor":12,"turns":2},{"damage":0,"enemies":"Lagavulin","floor":13,"turns":2},{"damage":0,"enemies":"Looter","floor":14,"turns":2},{"damage":23,"enemies":"Hexaghost","floor":16,"turns":4},{"damage":10,"enemies":"Spheric Guardian","floor":18,"turns":3},{"damage":13,"enemies":"2 Thieves","floor":20,"turns":2},{"damage":6,"enemies":"Shelled Parasite and Fungi","floor":21,"turns":3},{"damage":5,"enemies":"Snake Plant","floor":22,"turns":3},{"damage":17,"enemies":"Slavers","floor":23,"turns":3},{"damage":22,"enemies":"Masked Bandits","floor":24,"turns":4},{"damage":1,"enemies":"Centurion and Healer","floor":29,"turns":4},{"damage":0,"enemies":"Chosen and Byrds","floor":31,"turns":3},{"damage":1,"enemies":"Champ","floor":33,"turns":4},{"damage":0,"enemies":"3 Shapes","floor":35,"turns":1},{"damage":4,"enemies":"Orin","floor":37,"turns":5},{"damage":0,"enemies":"3 Darklings","floor":38,"turns":2},{"damage":23,"enemies":"Nemesis","floor":40,"turns":4},{"damage":0,"enemies":"Jaw Worm Horde","floor":41,"turns":3},{"damage":0,"enemies":"Reptomancer","floor":44,"turns":1},{"damage":0,"enemies":"Spire Growth","floor":45,"turns":2},{"damage":51,"enemies":"Transient","floor":47,"turns":5},{"damage":0,"enemies":"3 Darklings","floor":48,"turns":2},{"damage":10,"enemies":"Time Eater","floor":50,"turns":2}],"seed_played":"3756590679780467356","potions_obtained":[{"floor":2,"key":"Strength Potion"},{"floor":5,"key":"FearPotion"},{"floor":14,"key":"EssenceOfSteel"},{"floor":16,"key":"SnafuTest:PlaceholderPotion"},{"floor":18,"key":"Swift Potion"},{"floor":20,"key":"REME_GoldPotion"},{"floor":31,"key":"SteroidPotion"},{"floor":33,"key":"ColorlessPotion"},{"floor":35,"key":"Explosive Potion"},{"floor":38,"key":"Explosive Potion"},{"floor":48,"key":"REME_GoldPotion"}],"is_trial":false,"path_per_floor":["M","M","?","$","M","R","M","R","T","?","M","M","E","M","R","B",null,"M","?","M","M","M","E","?","R","T","R","$","M","?","M","R","B",null,"M","$","?","M","?","E","M","R","T","E","M","R","M","M","R","B",null],"character_chosen":"THE_WITCHER","items_purchased":["testmod-ArcanaOfDestiny","HandDrill"],"campfire_rested":4,"item_purchase_floors":[28,36],"current_hp_per_floor":[82,82,82,82,78,78,77,77,77,57,49,49,49,49,49,26,77,67,67,54,48,43,26,4,27,27,50,50,49,49,49,49,48,77,77,77,73,73,73,50,50,50,50,50,50,73,22,22,45,35],"gold":453,"neow_bonus":"TEN_PERCENT_HP_BONUS","is_daily":false,"chose_seed":false,"campfire_upgraded":5,"win_rate":0.0,"timestamp":1611581692,"path_taken":["M","M","?","$","M","R","M","R","T","?","M","M","E","M","R","BOSS","M","?","M","M","M","E","?","R","T","R","?","?","?","M","R","BOSS","M","$","?","M","?","E","M","R","T","E","M","R","?","M","R","BOSS"],"items_purchased_type":["Relic","Relic"],"build_version":"2020-12-22","purchased_purges":3,"victory":true,"max_hp_per_floor":[82,82,82,82,82,82,82,82,82,82,82,82,82,82,82,82,77,77,77,77,77,77,77,77,77,77,77,77,77,77,77,77,77,77,77,77,77,77,77,77,77,77,77,77,77,77,77,77,77,77],"relic_stats":{"counters":[28,77],"Golden Idol":190,"HandDrill":[16],"Whetstone":["SnafuTest:Decapitate","SnafuTest:DefaultCommonAttack"],"obtain_stats":[{"KeepersGift":0,"SnafuTest:UnstableMutagenRelic":0,"testmod-TestBox":0,"AT_ATBox":0,"LagranYue:RandomDrawCardRelic":0,"Golden Idol":10,"AT_MortalBlade":34,"Dota2Spire:RefresherOrb":17,"Whetstone":23,"AT_SilvercatRing":26,"testmod-BouquetWithThorns":0,"AT_ArchangelStaff":13,"MutagenicStrength":30,"Red Mask":24,"HandDrill":36,"Bottled Lightning":44,"Void":0,"CatCart":37,"AT_SunfireAegis":43,"HushsDoor":0,"testmod-ArcanaOfDestiny":28,"REME_ComplimentaryCards":0,"Pocketwatch":9},{"KeepersGift":0,"SnafuTest:UnstableMutagenRelic":0,"testmod-TestBox":0,"AT_ATBox":0,"LagranYue:RandomDrawCardRelic":0,"Golden Idol":4,"AT_MortalBlade":18,"Dota2Spire:RefresherOrb":9,"Whetstone":14,"AT_SilvercatRing":15,"testmod-BouquetWithThorns":0,"AT_ArchangelStaff":7,"MutagenicStrength":16,"Red Mask":15,"HandDrill":19,"Bottled Lightning":24,"Void":0,"CatCart":20,"AT_SunfireAegis":23,"HushsDoor":0,"testmod-ArcanaOfDestiny":15,"REME_ComplimentaryCards":0,"Pocketwatch":4},{"KeepersGift":0,"SnafuTest:UnstableMutagenRelic":0,"testmod-TestBox":0,"AT_ATBox":0,"LagranYue:RandomDrawCardRelic":0,"Golden Idol":9,"AT_MortalBlade":50,"Dota2Spire:RefresherOrb":21,"Whetstone":35,"AT_SilvercatRing":39,"testmod-BouquetWithThorns":0,"AT_ArchangelStaff":15,"MutagenicStrength":43,"Red Mask":39,"HandDrill":51,"Bottled Lightning":66,"Void":0,"CatCart":56,"AT_SunfireAegis":65,"HushsDoor":0,"testmod-ArcanaOfDestiny":39,"REME_ComplimentaryCards":0,"Pocketwatch":9}]},"card_choices":[{"not_picked":[],"picked":"Bomb","floor":0},{"not_picked":["SnafuTest:PowerCounterAttack","SnafuTest:PowerAlwaysOnRoads"],"picked":"SnafuTest:FullCover","floor":1},{"not_picked":["SnafuTest:QueensGuard","SnafuTest:CalculatingAmbition","SnafuTest:PowerTrialOfGrasses"],"picked":"SKIP","floor":2},{"not_picked":["SnafuTest:SpellDarkMirror","SnafuTest:MCPlayGwent"],"picked":"SnafuTest:WitchHunt","floor":5},{"not_picked":["SnafuTest:BloodForBlood","SnafuTest:SpellBlindFury"],"picked":"SnafuTest:Shooting","floor":7},{"not_picked":["SnafuTest:UndefeatedNarcissism","SnafuTest:PowerMartialMagical"],"picked":"SnafuTest:WeddingDance","floor":11},{"not_picked":["SnafuTest:ExcessiveLevies","SnafuTest:Portal"],"picked":"SnafuTest:SpellLivingArmor","floor":12},{"not_picked":["SnafuTest:Awake","SnafuTest:PayWeaponSmith"],"picked":"SnafuTest:SpellLifeDrain","floor":13},{"not_picked":["SnafuTest:MCFeignDeath","SnafuTest:WeddingDance"],"picked":"SnafuTest:PayWeaponShop","floor":14},{"not_picked":["SnafuTest:PayAlchemyMaster","SnafuTest:LandOfFables"],"picked":"SnafuTest:Decapitate","floor":16},{"not_picked":["SnafuTest:UndefeatedNarcissism+1","SnafuTest:BombMoonDust"],"picked":"SnafuTest:BombDimeritium+1","floor":18},{"not_picked":["SnafuTest:MelitelesCare","SnafuTest:SpellMagicScry"],"picked":"SnafuTest:PaySaddlery","floor":20},{"not_picked":["SnafuTest:ShieldUp","SnafuTest:FirstAid"],"picked":"SnafuTest:BattleCry","floor":21},{"not_picked":["SnafuTest:SneakKill","SnafuTest:ScholarsIntrigue+1","SnafuTest:BombDancingStar"],"picked":"SKIP","floor":22},{"not_picked":["SnafuTest:FirstAid","SnafuTest:MercilessReaper"],"picked":"SnafuTest:MCSuccubusSeduction+1","floor":23},{"not_picked":["SnafuTest:Siege","SnafuTest:PayBank"],"picked":"SnafuTest:PowerProbingFeint+1","floor":24},{"not_picked":["SnafuTest:PayBank","SnafuTest:SpellBitingFrost","SnafuTest:DesperateRemediation"],"picked":"SKIP","floor":29},{"not_picked":["SnafuTest:BombNorthernWind","SnafuTest:CareTaker"],"picked":"SnafuTest:AssassinOfKings","floor":31},{"not_picked":["SnafuTest:PowerLadyOfLake","SnafuTest:PowerBloodLust"],"picked":"SnafuTest:FreyaBlessing","floor":33},{"not_picked":["SnafuTest:MCSuccubusSeduction+1","SnafuTest:WitchHunt"],"picked":"SnafuTest:PayArmorSmith","floor":35},{"not_picked":["SnafuTest:WeddingDance","SnafuTest:SpellLivingArmor"],"picked":"SnafuTest:PayHappyHour","floor":37},{"not_picked":["SnafuTest:ShoulderSlam+1","SnafuTest:PowerProbingFeint+1","SnafuTest:FirstAid"],"picked":"SKIP","floor":38},{"not_picked":[],"picked":"SnafuTest:PayBank","floor":39},{"not_picked":["SnafuTest:SpellLifeDrain+1","SnafuTest:PaySaddlery"],"picked":"SnafuTest:GetPaid","floor":40},{"not_picked":["SnafuTest:PayHappyHour","SnafuTest:WitchHunt"],"picked":"SnafuTest:PayWeaponShop+1","floor":41},{"not_picked":["SnafuTest:WeddingDance+1","SnafuTest:HermitsErudition"],"picked":"SnafuTest:PaySmithWorkshop+1","floor":44},{"not_picked":["SnafuTest:PayAlchemyMaster","SnafuTest:PowerFireDamnation","SnafuTest:SpellDarkMirror"],"picked":"SKIP","floor":45},{"not_picked":["SnafuTest:SpellBitingFrost+1","SnafuTest:PayBank+1","SnafuTest:DesperateRemediation+1"],"picked":"SKIP","floor":47},{"not_picked":["SnafuTest:PowerHangmenTree+1","SnafuTest:PowerCrimsonRitual"],"picked":"SnafuTest:Shooting+1","floor":48}],"player_experience":249723,"relics_obtained":[{"floor":9,"key":"Pocketwatch"},{"floor":13,"key":"AT_ArchangelStaff"},{"floor":23,"key":"Whetstone"},{"floor":24,"key":"Red Mask"},{"floor":26,"key":"AT_SilvercatRing"},{"floor":37,"key":"CatCart"},{"floor":43,"key":"AT_SunfireAegis"},{"floor":44,"key":"Bottled Lightning"}],"event_choices":[{"damage_healed":0,"gold_gain":0,"player_choice":"Ignored","damage_taken":0,"max_hp_gain":0,"max_hp_loss":0,"event_name":"给自己的盒子","floor":3,"gold_loss":0},{"damage_healed":0,"gold_gain":0,"player_choice":"Take Damage","damage_taken":20,"relics_obtained":["Golden Idol"],"max_hp_gain":0,"max_hp_loss":0,"event_name":"Golden Idol","floor":10,"gold_loss":0},{"cards_removed":["SnafuTest:DefaultCommonSkill"],"damage_healed":0,"gold_gain":0,"player_choice":"Gave Gold","damage_taken":0,"max_hp_gain":0,"max_hp_loss":0,"event_name":"Beggar","floor":19,"gold_loss":75},{"damage_healed":0,"gold_gain":0,"player_choice":"Fought Bandits","damage_taken":0,"max_hp_gain":0,"max_hp_loss":0,"event_name":"Masked Bandits","floor":24,"gold_loss":0},{"damage_healed":0,"gold_gain":0,"player_choice":"Inject Mutagens","damage_taken":0,"relics_obtained":["MutagenicStrength"],"max_hp_gain":0,"max_hp_loss":0,"event_name":"Drug Dealer","floor":30,"gold_loss":0},{"damage_healed":0,"gold_gain":0,"player_choice":"Fight","damage_taken":0,"max_hp_gain":0,"max_hp_loss":0,"event_name":"OrinTheCat","floor":37,"gold_loss":0}],"is_beta":false,"boss_relics":[{"not_picked":["testmod-EnergyCheck","testmod-NegativeEmotionEnhancer"],"picked":"Dota2Spire:RefresherOrb"},{"not_picked":[]},{"not_picked":["Busted Crown","testmod-TimeTraveler"],"picked":"AT_MortalBlade"},{"not_picked":[]}],"items_purged_floors":[4,17,28],"is_endless":false,"potions_floor_spawned":[2,5,14,16,18,20,31,33,35,38,48],"ascension_level":0}}