{"host":"9jj9tzo2iym4bpat","time":1611570733,"event":{"mods":["Act Like it!","BaseMod","CapriCore","Colored Map","Dark Map","Luminous","Minty Spire (QoL Compilation)","Permanent Neow","StSLib","Td1madao Mod","The Animator","The Immortal","The Marked","The Servant 0.9.4","Yakumo Yukari mod"],"gold_per_floor":[217,228,8,183,33,60,75,99,148,168,184,184,219,234,234,234,234],"floor_reached":16,"language":"ENG","playtime":539,"items_purged":[],"score":112,"play_id":"4f06461e-3fb7-415d-bf2f-4b63fb59dc55","local_time":"20210125043213","is_ascension_mode":false,"campfire_choices":[{"floor":12,"key":"REST"},{"floor":15,"key":"REST"}],"circlet_count":0,"master_deck":["Strike_R","Strike_R","Strike_R","Strike_R","Strike_R","Defend_R","Defend_R","Defend_R","Defend_R","Bash","Shrug It Off","Twin Strike","Rampage","Doubt","Wild Strike","Cleave","Flex","Sever Soul","Cleave","Perfected Strike","Wild Strike"],"relics":["Burning Blood","Boot","Happy Flower","Oddly Smooth Stone","MealTicket","Dream Catcher","Bag of Preparation"],"acts_visited":["Exordium"],"potions_floor_usage":[13],"damage_taken":[{"damage":15,"enemies":"Jaw Worm","floor":1,"turns":4},{"damage":8,"enemies":"Cultist","floor":2,"turns":6},{"damage":28,"enemies":"3 Sentries","floor":6,"turns":9},{"damage":7,"enemies":"Small Slimes","floor":7,"turns":3},{"damage":13,"enemies":"Blue Slaver","floor":10,"turns":4},{"damage":19,"enemies":"Lots of Slimes","floor":11,"turns":4},{"damage":15,"enemies":"Gremlin Nob","floor":13,"turns":4},{"damage":24,"enemies":"Exordium Wildlife","floor":14,"turns":4},{"damage":52,"enemies":"Hexaghost","floor":16,"turns":8}],"seed_played":"-701941852514021623","potions_obtained":[{"floor":6,"key":"BlessingOfTheForge"},{"floor":10,"key":"SkillPotion"}],"is_trial":false,"path_per_floor":["M","M","$","?","$","E","M","T","T","M","M","R","E","M","R","B"],"character_chosen":"IRONCLAD","items_purchased":["Boot","Rampage","Happy Flower"],"campfire_rested":2,"item_purchase_floors":[3,3,5],"current_hp_per_floor":[71,69,69,69,69,47,46,46,46,39,26,50,41,23,47,0,0],"gold":234,"neow_bonus":"HUNDRED_GOLD","is_daily":false,"chose_seed":false,"campfire_upgraded":0,"win_rate":0.0,"timestamp":1611570733,"path_taken":["M","M","$","?","$","E","M","?","T","?","M","R","E","M","R","BOSS"],"items_purchased_type":["Relic","Card","Relic"],"build_version":"2020-12-22","purchased_purges":0,"victory":false,"max_hp_per_floor":[80,80,80,80,80,80,80,80,80,80,80,80,80,80,80,80,80],"card_choices":[{"not_picked":["Armaments","Dropkick"],"picked":"Shrug It Off","floor":1},{"not_picked":["Dropkick","Hemokinesis"],"picked":"Twin Strike","floor":2},{"not_picked":["Blood for Blood","Thunderclap","Dual Wield"],"picked":"SKIP","floor":6},{"not_picked":["Headbutt","Shrug It Off"],"picked":"Wild Strike","floor":7},{"not_picked":["Intimidate","Infernal Blade"],"picked":"Cleave","floor":10},{"not_picked":["Heavy Blade","Armaments"],"picked":"Flex","floor":11},{"not_picked":["Shrug It Off","Carnage"],"picked":"Sever Soul","floor":12},{"not_picked":["Body Slam","Dropkick"],"picked":"Cleave","floor":13},{"not_picked":["Second Wind","Reaper"],"picked":"Perfected Strike","floor":14},{"not_picked":["Shrug It Off","Body Slam"],"picked":"Wild Strike","floor":15}],"player_experience":306859,"relics_obtained":[{"floor":6,"key":"Oddly Smooth Stone"},{"floor":8,"key":"MealTicket"},{"floor":9,"key":"Dream Catcher"},{"floor":13,"key":"Bag of Preparation"}],"event_choices":[{"damage_healed":0,"gold_gain":175,"player_choice":"AGREE","damage_taken":0,"max_hp_gain":0,"max_hp_loss":0,"event_name":"Liars Game","floor":4,"gold_loss":0,"cards_obtained":["Doubt"]}],"is_beta":false,"boss_relics":[],"items_purged_floors":[],"is_endless":false,"potions_floor_spawned":[6,10],"killed_by":"Hexaghost","ascension_level":0}}