{"host":"6a9c3xws62y7efyw","time":1611547246,"event":{"mods":["BaseMod","Colored Map","Minty Spire (QoL Compilation)","Relic Stats","StSLib"],"gold_per_floor":[109,109,109,120,135,160,160,193,193,223,240,240,260,275,275,351,351,371,386,40,40,50,81,92,42,115,135,135,148,148,148],"floor_reached":30,"language":"ENG","playtime":1555,"items_purged":["Strike_G"],"score":598,"play_id":"d0b8ff4a-acbe-4e27-a537-87da484ec5b8","local_time":"20210124200046","is_ascension_mode":true,"campfire_choices":[{"data":"Blade Dance","floor":7.0,"key":"SMITH"},{"floor":12.0,"key":"REST"},{"data":"Noxious Fumes","floor":15.0,"key":"SMITH"},{"floor":28,"key":"REST"}],"circlet_count":0,"master_deck":["AscendersBane","Strike_G","Strike_G","Defend_G","Defend_G","Defend_G","Defend_G","Defend_G","Survivor","Neutralize","Blade Dance+1","Poisoned Stab","Sucker Punch","Backstab","Noxious Fumes+1","Malaise","Dagger Spray","Acrobatics","Corpse Explosion","Blade Dance","Riddle With Holes","Catalyst","Dodge and Roll+1"],"relics":["Ring of the Snake","NeowsBlessing","Happy Flower","HornCleat","Regal Pillow","Peace Pipe","Snecko Eye","Singing Bowl","Mercury Hourglass","Ninja Scroll"],"acts_visited":["Exordium","TheCity"],"potions_floor_usage":[27,29],"damage_taken":[{"damage":0.0,"enemies":"Cultist","floor":1.0,"turns":1.0},{"damage":0.0,"enemies":"Small Slimes","floor":4.0,"turns":1.0},{"damage":0.0,"enemies":"Jaw Worm","floor":5.0,"turns":1.0},{"damage":17.0,"enemies":"Gremlin Nob","floor":6.0,"turns":4.0},{"damage":10.0,"enemies":"Lagavulin","floor":8.0,"turns":3.0},{"damage":22.0,"enemies":"3 Sentries","floor":10.0,"turns":9.0},{"damage":0.0,"enemies":"Lots of Slimes","floor":11.0,"turns":4.0},{"damage":0.0,"enemies":"Blue Slaver","floor":13.0,"turns":2.0},{"damage":0.0,"enemies":"Large Slime","floor":14.0,"turns":6.0},{"damage":3.0,"enemies":"The Guardian","floor":16.0,"turns":14.0},{"damage":9.0,"enemies":"Chosen","floor":18.0,"turns":4.0},{"damage":19.0,"enemies":"2 Thieves","floor":19.0,"turns":3.0},{"damage":4.0,"enemies":"3 Cultists","floor":22.0,"turns":3.0},{"damage":13.0,"enemies":"Gremlin Leader","floor":23.0,"turns":7.0},{"damage":11.0,"enemies":"Centurion and Healer","floor":24.0,"turns":4.0},{"damage":7,"enemies":"Snecko","floor":27,"turns":4},{"damage":19,"enemies":"Snake Plant","floor":29,"turns":4},{"damage":20,"enemies":"Shelled Parasite and Fungi","floor":30,"turns":1}],"seed_played":"846263229065585689","potions_obtained":[{"floor":4.0,"key":"EntropicBrew"},{"floor":11.0,"key":"PowerPotion"},{"floor":13.0,"key":"PowerPotion"},{"floor":16.0,"key":"SpeedPotion"},{"floor":22.0,"key":"SpeedPotion"},{"floor":23.0,"key":"LiquidBronze"}],"is_trial":false,"path_per_floor":["M","?","?","M","M","E","R","E","T","E","M","R","M","M","R","B",null,"M","M","$","?","M","E","M","?","T","M","R","M","M"],"character_chosen":"THE_SILENT","items_purchased":["Singing Bowl"],"campfire_rested":2,"item_purchase_floors":[20],"current_hp_per_floor":[59,52,52,52,52,35,35,25,25,3,3,37,37,37,37,34,58,49,30,30,30,28,17,8,8,8,1,37,18,0,0],"gold":148,"neow_bonus":"THREE_ENEMY_KILL","is_daily":false,"chose_seed":false,"campfire_upgraded":2,"win_rate":0.0,"timestamp":1611547246,"path_taken":["M","?","?","?","M","E","R","E","T","E","M","R","M","M","R","BOSS","M","M","$","?","M","E","M","?","T","M","R","M","M"],"items_purchased_type":["Relic"],"build_version":"2020-12-22","purchased_purges":1,"victory":false,"max_hp_per_floor":[66,66,66,66,66,66,66,66,66,66,66,66,66,66,66,66,66,66,66,66,66,68,70,72,72,72,72,72,72,72,72],"relic_stats":{"Peace Pipe":0,"Regal Pillow":30,"Happy Flower":[22],"Singing Bowl":6,"counters":[18,75],"Snecko Eye":[50,52,53,50],"obtain_stats":[{"Peace Pipe":10,"Regal Pillow":9,"HornCleat":8,"NeowsBlessing":0,"Happy Flower":6,"Singing Bowl":20,"Ninja Scroll":26,"Snecko Eye":17,"Ring of the Snake":0,"Mercury Hourglass":23},{"Peace Pipe":6,"Regal Pillow":5,"HornCleat":5,"NeowsBlessing":0,"Happy Flower":4,"Singing Bowl":12,"Ninja Scroll":15,"Snecko Eye":10,"Ring of the Snake":0,"Mercury Hourglass":14},{"Peace Pipe":19,"Regal Pillow":10,"HornCleat":10,"NeowsBlessing":0,"Happy Flower":7,"Singing Bowl":52,"Ninja Scroll":66,"Snecko Eye":45,"Ring of the Snake":0,"Mercury Hourglass":62}],"Ring of the Snake":[30],"Mercury Hourglass":[48]},"card_choices":[{"not_picked":["Bane","Poisoned Stab"],"picked":"Blade Dance","floor":1.0},{"not_picked":["Outmaneuver","Acrobatics"],"picked":"Poisoned Stab","floor":4.0},{"not_picked":["Bane","Calculated Gamble"],"picked":"Sucker Punch","floor":5.0},{"not_picked":["Dodge and Roll","Well Laid Plans"],"picked":"Backstab","floor":6.0},{"not_picked":["Bane","Backflip"],"picked":"Noxious Fumes","floor":8.0},{"not_picked":["Doppelganger","Dagger Spray"],"picked":"Malaise","floor":10.0},{"not_picked":["Endless Agony","Setup"],"picked":"Dagger Spray","floor":11.0},{"not_picked":["Accuracy","Infinite Blades"],"picked":"Acrobatics","floor":13.0},{"not_picked":["Prepared","Slice","All Out Attack"],"picked":"SKIP","floor":14.0},{"not_picked":["Unload","Doppelganger"],"picked":"Corpse Explosion","floor":16.0},{"not_picked":["Deadly Poison","Cloak And Dagger"],"picked":"Blade Dance","floor":18.0},{"not_picked":["Doppelganger","Slice"],"picked":"Riddle With Holes","floor":19.0},{"not_picked":["Poisoned Stab","PiercingWail","Bane"],"picked":"Singing Bowl","floor":22.0},{"not_picked":["Heel Hook","Bane","Sucker Punch+1"],"picked":"Singing Bowl","floor":23.0},{"not_picked":["Dodge and Roll","Prepared","Endless Agony"],"picked":"Singing Bowl","floor":24.0},{"not_picked":["Calculated Gamble","Crippling Poison"],"picked":"Catalyst","floor":27},{"not_picked":["Outmaneuver","Prepared"],"picked":"Dodge and Roll+1","floor":29}],"player_experience":1411166,"relics_obtained":[{"floor":6.0,"key":"Happy Flower"},{"floor":8.0,"key":"HornCleat"},{"floor":9.0,"key":"Regal Pillow"},{"floor":10.0,"key":"Peace Pipe"},{"floor":23.0,"key":"Mercury Hourglass"},{"floor":26.0,"key":"Ninja Scroll"}],"event_choices":[{"cards_removed":["Strike_G"],"damage_healed":0.0,"max_hp_gain":0.0,"max_hp_loss":0.0,"gold_gain":0.0,"event_name":"Golden Wing","player_choice":"Card Removal","floor":2.0,"gold_loss":0.0,"damage_taken":7.0},{"cards_removed":["Strike_G"],"damage_healed":0.0,"max_hp_gain":0.0,"max_hp_loss":0.0,"gold_gain":0.0,"event_name":"Bonfire Elementals","player_choice":"Offered Basic","floor":3.0,"gold_loss":0.0,"damage_taken":0.0},{"damage_healed":0.0,"max_hp_gain":0.0,"max_hp_loss":0.0,"gold_gain":0.0,"event_name":"Vampires","player_choice":"Ignored","floor":21.0,"gold_loss":0.0,"damage_taken":0.0},{"damage_healed":0.0,"max_hp_gain":0.0,"max_hp_loss":0.0,"gold_gain":0.0,"event_name":"The Joust","player_choice":"Bet on Murderer","floor":25.0,"gold_loss":50.0,"damage_taken":0.0}],"is_beta":false,"boss_relics":[{"not_picked":["Empty Cage","Calling Bell"],"picked":"Snecko Eye"}],"items_purged_floors":[20],"is_endless":false,"potions_floor_spawned":[4,6,11,13,16,18,22,23,24],"killed_by":"Shelled Parasite and Fungi","ascension_level":20}}