{"host":"bc298c4gavna5tx2","time":1611581696,"event":{"mods":["ATMod(阿瑾Mod)","Act Like it!","BaseMod","Challenge The Spire","Lobotomy","Minty Spire (QoL Compilation)","MostiFishMod","Quarter Circle Forward PUNCH!","Quick Restart","Replay The Spire","Spicy Shops","StSLib","【功能Mod】混沌之环修复补丁","【功能Mod】聪明的最终Boss","【遗物卡牌】REMEMod"],"gold_per_floor":[715,558,538,550,564,564,578,578,578,578,595,605,605,633,633,1329,1329,1339,1357,1207,1221,1221,1221,1231,1263,1317,1348,1368,1378,1393,1413,1413,1516,1516,1528,1528,1528,1528,1528,1553,1553,1606,1606,1632,1650,1560,1574,1599,1599,1599],"floor_reached":51,"language":"ZHS","playtime":2419,"items_purged":["Regret","Decay","Defend_G","Strike_G","Doubt","Apo_Beam"],"score":2340,"play_id":"47e158f3-0939-4cd9-b424-0b8c9f16b9a0","local_time":"20210125213456","is_ascension_mode":true,"campfire_choices":[{"data":"1","floor":6.0,"key":"LIFT"},{"data":"AT_FamilyPortrait","floor":8.0,"key":"SMITH"},{"data":"MostiFishMod:PreservedThorns","floor":13.0,"key":"SMITH"},{"data":"2","floor":15.0,"key":"LIFT"},{"data":"3","floor":23.0,"key":"LIFT"},{"floor":32.0,"key":"RECALL"},{"data":"Madness","floor":41,"key":"SMITH"},{"floor":49,"key":"REST"}],"circlet_count":0,"master_deck":["Apo_Pray","Apo_SoulSlash","Apo_Charge","HereticApostle","Apo_Charge","Apo_Beam","Apo_Beam","Apo_Execute","Apo_Slash","Apo_Slash","Apo_SoulSlash","REME_Flogging+1","REME_SpectralBlade+1","Enlightenment+1","Madness+1","Madness+1","Poison Darts+1","WhiteNight","NothingThere"],"relics":["Ring of the Snake","AT_ATBox","DaveBox","REME_ComplimentaryCards","HaiYi:Twilight","CogitoBucket","RabbitCall","SynthV:TestCard","DiscerningMonocle","Girya","Toy Ornithopter","qcfpunch:Broken_Tusk","TungstenRod","Kunai","AT_SunfireAegis","Strange Spoon","Mercury Hourglass","OrangePellets","ResearcherNote","Golden Egg","WristBlade","Singing Bowl","qcfpunch:Necklace_of_Skulls","REME_LimitBreaker","Frozen Eye","FossilizedHelix","Gremlin Horn","AT_ForceNature","AT_ChloranthyRing","AT_RedNoBalance","AtMidnight","FrostBlade","ApostleMask","REME_PuzzleBoxRelic","Pantograph","Medical Kit","Thread and Needle","qcfpunch:Red_Gi","Orrery","ReplayTheSpireMod:Ninjato","Dream Catcher","Potion Belt","ReplayTheSpireMod:TigerMarble","Blue Doll"],"acts_visited":["Exordium","TheCity","TheBeyond"],"potions_floor_usage":[44,48,50,50,51,51,51,51,51],"damage_taken":[{"damage":7.0,"enemies":"2 Louse","floor":1.0,"turns":3.0},{"damage":0.0,"enemies":"Cultist","floor":4.0,"turns":3.0},{"damage":16.0,"enemies":"Jaw Worm","floor":5.0,"turns":2.0},{"damage":0.0,"enemies":"3 Louse","floor":7.0,"turns":1.0},{"damage":4.0,"enemies":"Blue Slaver","floor":11.0,"turns":1.0},{"damage":16.0,"enemies":"Large Slime","floor":12.0,"turns":2.0},{"damage":8.0,"enemies":"Replay:BlueRogue","floor":14.0,"turns":4.0},{"damage":0.0,"enemies":"Slime Boss","floor":16.0,"turns":4.0},{"damage":0.0,"enemies":"2 Thieves","floor":18.0,"turns":1.0},{"damage":0.0,"enemies":"Spheric Guardian","floor":19.0,"turns":1.0},{"damage":12.0,"enemies":"Centurion and Healer","floor":21.0,"turns":2.0},{"damage":0.0,"enemies":"Snake Plant","floor":24.0,"turns":1.0},{"damage":10.0,"enemies":"REME_1_Revenger","floor":25.0,"turns":3.0},{"damage":15.0,"enemies":"Replay:Snechameleon","floor":27.0,"turns":3.0},{"damage":0.0,"enemies":"Cultist and Chosen","floor":28.0,"turns":3.0},{"damage":0.0,"enemies":"Sentry and Sphere","floor":29.0,"turns":4.0},{"damage":0.0,"enemies":"Snake Plant","floor":30.0,"turns":1.0},{"damage":4.0,"enemies":"Shelled Parasite and Fungi","floor":31.0,"turns":2.0},{"damage":28.0,"enemies":"Automaton","floor":33.0,"turns":4.0},{"damage":0.0,"enemies":"3 Darklings","floor":35.0,"turns":1.0},{"damage":0,"enemies":"R_Hoarder","floor":40,"turns":2},{"damage":0,"enemies":"Reptomancer","floor":44,"turns":2},{"damage":0,"enemies":"3 Shapes","floor":45,"turns":1},{"damage":0,"enemies":"Transient","floor":47,"turns":5},{"damage":0,"enemies":"R_Hoarder","floor":48,"turns":1},{"damage":1,"enemies":"Awakened One","floor":50,"turns":3},{"damage":0,"enemies":"Malkuth","floor":51,"turns":4}],"seed_played":"-5175679548848491120","potions_obtained":[{"floor":3.0,"key":"Dexterity Potion"},{"floor":11.0,"key":"DuplicationPotion"},{"floor":14.0,"key":"Energy Potion"},{"floor":16.0,"key":"Ancient Potion"},{"floor":19.0,"key":"ColorlessPotion"},{"floor":28.0,"key":"Block Potion"},{"floor":30.0,"key":"Milkshake"},{"floor":33.0,"key":"Energy Potion"}],"is_trial":false,"path_per_floor":["M","$","?","M","M","R","M","R","T","$","M","M","R","E","R","B",null,"M","M","$","M","$","R","M","E","T","E","M","M","M","M","R","B",null,"M","M","?","$","?","E","R","T","T","E","M","?","M","E","R","B",null],"character_chosen":"THE_SILENT","items_purchased":["DiscerningMonocle","Girya","Toy Ornithopter","qcfpunch:Cattail","qcfpunch:Broken_Tusk","MostiFishMod:PreservedThorns","Choke","FearPotion","Kunai","AT_SunfireAegis","Strange Spoon","Mercury Hourglass","OrangePellets","Finisher","Swift Potion","Singing Bowl","qcfpunch:Necklace_of_Skulls","Envenom","PowerPotion","REME_LimitBreaker","Frozen Eye","FossilizedHelix","Gremlin Horn","AT_ForceNature","GhostInAJar","REME_GoldPotion","REME_PuzzleBoxRelic","Pantograph","Medical Kit","Thread and Needle","qcfpunch:Red_Gi","Orrery","Enlightenment"],"campfire_rested":1,"item_purchase_floors":[2,2,2,2,2,2,2,2,10,10,10,10,10,10,10,20,20,20,20,22,22,22,22,22,22,22,38,38,38,38,38,38,38],"current_hp_per_floor":[63,63,63,68,52,52,52,52,52,52,48,37,37,34,34,44,70,70,70,70,60,70,70,72,64,64,49,40,51,40,38,38,13,82,41,41,41,41,30,30,30,30,30,92,92,92,92,92,92,91],"gold":1599,"neow_bonus":"","is_daily":false,"chose_seed":false,"campfire_upgraded":3,"win_rate":0.0,"timestamp":1611581696,"path_taken":["M","$","?","M","M","R","M","R","T","$","M","?","R","E","R","BOSS","M","?","$","M","$","R","M","E","T","E","M","M","M","M","R","BOSS","M","M","?","$","?","E","R","?","T","E","M","?","?","E","R","BOSS"],"items_purchased_type":["Relic","Relic","Relic","Relic","Relic","Card","Card","Potion","Relic","Relic","Relic","Relic","Relic","Card","Potion","Relic","Relic","Card","Potion","Relic","Relic","Relic","Relic","Relic","Potion","Potion","Relic","Relic","Relic","Relic","Relic","Relic","Card"],"build_version":"2020-12-22","purchased_purges":6,"victory":true,"max_hp_per_floor":[70,70,70,70,70,70,70,70,70,70,70,70,70,70,70,70,70,70,70,70,72,72,72,74,76,76,76,78,80,80,82,82,82,82,84,84,84,92,92,92,92,92,92,92,94,94,96,98,100,100],"card_choices":[{"not_picked":["Murderer","CherryBlossoms"],"picked":"FieryBird","floor":1.0},{"not_picked":["Deadly Poison","Blade Dance","PiercingWail"],"picked":"SKIP","floor":1.0},{"not_picked":["MeatLantern","Woodsman"],"picked":"LongBird","floor":4.0},{"not_picked":["All Out Attack","Deflect","Acrobatics","Prepared","Hidden Blade"],"picked":"SKIP","floor":4.0},{"not_picked":["Prepared","Backflip","MostiFishMod:PerfectParry","MostiFishMod:GrandStart","AT_WindFlip"],"picked":"SKIP","floor":5.0},{"not_picked":["Flying Knee","Slice","MostiFishMod:PerfectParry","Catalyst","PiercingWail"],"picked":"SKIP","floor":7.0},{"not_picked":["Endless Agony","PiercingWail","Heel Hook","Hidden Blade","Backflip"],"picked":"SKIP","floor":11.0},{"not_picked":["Tactician","Poisoned Stab","MostiFishMod:PerfectParry","Backflip","Escape Plan"],"picked":"SKIP","floor":12.0},{"not_picked":["Sucker Punch","MostiFishMod:PerfectParry","Setup","Outmaneuver","Prepared"],"picked":"SKIP","floor":14.0},{"not_picked":["MostiFishMod:HiddenBlade","Atom Bomb","Burst","MostiFishMod:Listen"],"picked":"MostiFishMod:Neurotoxin","floor":16.0},{"not_picked":["Acrobatics","PiercingWail","AT_KneejerkReflex","Dagger Spray","Terror+1"],"picked":"SKIP","floor":18.0},{"not_picked":["Blade Dance","Distraction","AT_WindFlip","Backflip"],"picked":"MostiFishMod:WinterMarkForm","floor":19.0},{"not_picked":["Dagger Spray","PiercingWail","Draining Mist","Footwork","Expertise+1"],"picked":"Singing Bowl","floor":21.0},{"not_picked":["AT_WindRun+1","PiercingWail","Hidden Blade+1","Bane","Cloak And Dagger"],"picked":"Singing Bowl","floor":24.0},{"not_picked":["Backflip","Quick Slash+1","Replay:Poison Smokescreen","Deadly Poison","Fluid Movement"],"picked":"Singing Bowl","floor":25.0},{"not_picked":["Catalyst","Sucker Punch","Slice","Fluid Movement"],"picked":"MostiFishMod:ThornCasing+1","floor":27.0},{"not_picked":["Distraction","Infinite Blades","MostiFishMod:InvigoratingSolution","Quick Slash","Bane"],"picked":"Singing Bowl","floor":28.0},{"not_picked":["Dagger Throw","ReplayTheSpireMod:Tripwire","Blade Dance+1","Draining Mist","Sucker Punch+1"],"picked":"Singing Bowl","floor":29.0},{"not_picked":["Expertise","Bane","Outmaneuver","Dodge and Roll","Well Laid Plans"],"picked":"SKIP","floor":30.0},{"not_picked":["Caltrops","MostiFishMod:SpreadingSpore","Tactician","Dagger Spray+1","Endless Agony+1"],"picked":"Singing Bowl","floor":31.0},{"not_picked":["Bullet Time","A Thousand Cuts","MostiFishMod:Opportunism","Envenom"],"picked":"REME_ShadowForm","floor":33.0},{"not_picked":["Scorched","MeatLantern"],"picked":"WhiteNight","floor":35.0},{"not_picked":["MostiFishMod:PerfectParry+1","PiercingWail+1","Dodge and Roll","Underhanded Strike+1","Endless Agony+1"],"picked":"Singing Bowl","floor":35.0},{"not_picked":["MostiFishMod:Mottled","Survey Options","Metamorphosis","AT_CelerityRune"],"picked":"REME_Flogging","floor":37},{"not_picked":["Escape Plan","Reflex","Dagger Spray+1","Acrobatics+1","Deflect"],"picked":"Singing Bowl","floor":38},{"not_picked":["Prepared+1","Bane+1","AT_ThistleTea","Skewer+1","Slice"],"picked":"Singing Bowl","floor":38},{"not_picked":["Poisoned Stab+1","MostiFishMod:PerfectParry+1","Blur+1","Accuracy","Underhanded Strike+1"],"picked":"Singing Bowl","floor":38},{"not_picked":["Flying Knee","Burst","Prepared+1","MostiFishMod:PerfectParry+1"],"picked":"REME_SpectralBlade","floor":38},{"not_picked":["Dagger Throw","Dodge and Roll","Prepared","Flying Knee+1","Slice+1"],"picked":"Singing Bowl","floor":38},{"not_picked":["Heel Hook+1","AT_WindFlip+1","MostiFishMod:PoisonShield","Predator+1"],"picked":"MostiFishMod:FullyArmed","floor":40},{"not_picked":["Leg Sweep+1","ReplayTheSpireMod:Tripwire","Backflip+1","Acrobatics+1"],"picked":"Poison Darts","floor":44},{"not_picked":["Backflip","Dagger Throw","Infinite Blades","AT_FocusSwordFire+1","MostiFishMod:LethalBlade"],"picked":"Singing Bowl","floor":45},{"not_picked":["Reflex","Backflip+1","Cloak And Dagger+1","Quick Slash","Underhanded Strike"],"picked":"Singing Bowl","floor":47},{"not_picked":["Mercenary","BlueStar"],"picked":"WhiteNight","floor":47},{"not_picked":["MHz","Yin"],"picked":"NothingThere","floor":48},{"not_picked":["Backflip+1","Slice+1","Prepared","Deflect","Quick Slash+1"],"picked":"Singing Bowl","floor":48},{"not_picked":["Hidden Blade+1","AT_WindFlip","Endless Agony+1","Quick Slash+1","Poisoned Stab+1"],"picked":"Singing Bowl","floor":49}],"player_experience":130832,"relics_obtained":[{"floor":1.0,"key":"SynthV:TestCard"},{"floor":9.0,"key":"TungstenRod"},{"floor":14.0,"key":"Golden Egg"},{"floor":25.0,"key":"AT_ChloranthyRing"},{"floor":27.0,"key":"AT_SilverBalance"},{"floor":29.0,"key":"AtMidnight"},{"floor":40,"key":"ReplayTheSpireMod:Ninjato"},{"floor":42,"key":"Dream Catcher"},{"floor":43,"key":"Potion Belt"},{"floor":44,"key":"ReplayTheSpireMod:TigerMarble"},{"floor":48,"key":"Blue Doll"}],"event_choices":[{"damage_healed":0.0,"max_hp_gain":0.0,"max_hp_loss":0.0,"gold_gain":0.0,"event_name":"The Woman in Blue","player_choice":"Bought 1 Potion","floor":3.0,"gold_loss":0.0,"damage_taken":0.0},{"damage_healed":0,"gold_gain":0,"player_choice":"Memory 1","damage_taken":0,"max_hp_gain":0,"max_hp_loss":0,"event_name":"SensoryStone","floor":37,"gold_loss":0},{"damage_healed":0,"gold_gain":0,"player_choice":"Embrace Madness","damage_taken":12,"max_hp_gain":0,"max_hp_loss":0,"event_name":"Winding Halls","floor":39,"gold_loss":0,"cards_obtained":["Madness","Madness"]},{"cards_removed":["Apo_Charge"],"damage_healed":0,"gold_gain":0,"player_choice":"Removal","damage_taken":0,"max_hp_gain":0,"max_hp_loss":0,"event_name":"Designer","floor":46,"gold_loss":90}],"is_beta":false,"boss_relics":[{"not_picked":["BloodWine","Replay:Ancient Bell"],"picked":"WristBlade"},{"not_picked":["Replay:Drink Me","GreenFoldingFan"],"picked":"FrostBlade"}],"items_purged_floors":[2,10,20,20,22,38],"is_endless":false,"potions_floor_spawned":[1,11,14,16,19,25,28,30,33,40,48],"ascension_level":4}}