{"host":"y9jgkjnf95sujozk","time":1611582534,"event":{"mods":["2.2 Compatiblity","AchievementEnabler","Act Like it!","BaseMod","BetterRewards","Block Reminder","Colored Map","Colored Powertips","Decade(王小明)","Downfall","Friendly Minions","Gensokyo","GifTheSpireLib","Hallownest","Hermit","Highlight Path","HololiveMod","Hubris","Infinite Spire","Jorbs\u0027s Wanderer Trilogy","Koishi","Marisa（霧雨　魔理沙）","Minty Spire (QoL Compilation)","Quick Restart","Random Character Button","Rare Cards Sparkle","Reimu（博??梦）","Remilia（蕾米莉?）","Replay The Spire","Shop Mod","StSLib","SuperFastMode","The Animator","The Bug Knight","The Cursed","The Disciple","The Hierophant","The Jungle","The Poker Player","The Runesmith","The Senshi","The Servant 0.9.4"],"gold_per_floor":[111,122,122,16,16,16,16,36,62,78,78,110,140,153,153,248,248,268,268,268,286,386,417,417,443,443,82,102,102,115,133,133,234,234,248,248,248,248,248,248,248,248,248,258,270,289,305,305,305,305],"floor_reached":51,"language":"ENG","playtime":1210,"items_purged":["infinitespire:Pacifist"],"score":1080,"play_id":"6d58a076-9eab-4b1d-bdee-91512e419f56","local_time":"20210125144854","is_ascension_mode":true,"campfire_choices":[{"floor":6,"key":"REST"},{"floor":11,"key":"REST"},{"floor":15,"key":"REST"},{"floor":24,"key":"REST"},{"floor":29,"key":"REST"},{"floor":32,"key":"REST"},{"floor":40,"key":"REST"},{"data":"Guardian:Suspension","floor":42,"key":"SMITH"},{"floor":49,"key":"REST"}],"circlet_count":0,"master_deck":["Guardian:Strike_Guardian","Guardian:Strike_Guardian","Guardian:Strike_Guardian","Guardian:Strike_Guardian","Guardian:Defend_Guardian","Guardian:Defend_Guardian","Guardian:Defend_Guardian","Guardian:Defend_Guardian","Guardian:CurlUp","Guardian:TwinSlam","Guardian:CrystalBeam","Guardian:Reroute","Guardian:PrimingBeam","infinitespire:Execution","Guardian:PrimingBeam","Guardian:Reroute","Guardian:RollAttack","Guardian:Incinerate","Guardian:WalkerClaw","Guardian:Planning+1","Guardian:Reroute","Guardian:Suspension+1","Guardian:Reroute+1","Guardian:VentSteam","Guardian:WalkerClaw+1","Guardian:VentSteam+1","Gensokyo:GreaterSplit"],"relics":["Guardian:ModeShifter","Hallownest:DreamNailRelic","Potion Belt","Tea:ReiMu","Art of War","ChewingGum","Nunchaku","Boot","Replay:Kaleidoscope","White Beast Statue","ReplayTheSpireMod:CursedCoin","CrazyTorch:ReiMu","Omamori","Snecko Heart","RuthlessExorcism:ReiMu","hubris:VirtuousBlindfold","Gensokyo:DualWield","Meat on the Bone","Ring of Searing","Ring of Fury","RuthlessExorcism:ReiMu"],"acts_visited":["Exordium","Hallownest:Greenpath","theJungle:Jungle"],"potions_floor_usage":[12,13,20,23,25,31,31,33,44,50,50,50,50,50],"damage_taken":[{"damage":7,"enemies":"Hallownest:monsterHuskGuard","floor":1,"turns":4},{"damage":4,"enemies":"Hallownest:2_Tiktiks_and_1_Crawlid","floor":2,"turns":3},{"damage":9,"enemies":"2_ Uuma","floor":8,"turns":3},{"damage":15,"enemies":"Hallownest:MossCreep_and_Mosskin","floor":10,"turns":5},{"damage":5,"enemies":"Hallownest:eliteCrystalGuardian","floor":12,"turns":4},{"damage":0,"enemies":"Hallownest:eliteMossKnight","floor":13,"turns":1},{"damage":13,"enemies":"Hallownest:Wandering_and_Horned","floor":14,"turns":5},{"damage":35,"enemies":"Hallownest:BossBrokenVessel","floor":16,"turns":10},{"damage":23,"enemies":"Shell Parasite","floor":18,"turns":4},{"damage":45,"enemies":"JungleHuntersEvent","floor":20,"turns":7},{"damage":5,"enemies":"theJungle:MUSHROOMGANG","floor":21,"turns":4},{"damage":17,"enemies":"theJungle:Cassacara","floor":23,"turns":6},{"damage":22,"enemies":"theJungle:2_Phrogs","floor":25,"turns":7},{"damage":10,"enemies":"theJungle:SlimyTreeVines","floor":28,"turns":7},{"damage":19,"enemies":"theJungle:Lyon","floor":30,"turns":4},{"damage":6,"enemies":"Snake Plant","floor":31,"turns":3},{"damage":9,"enemies":"theJungle:FunGuy","floor":33,"turns":6},{"damage":23,"enemies":"Gensokyo:AncientGuardian","floor":35,"turns":5},{"damage":26,"enemies":"Gensokyo:3_Boulders","floor":44,"turns":3},{"damage":17,"enemies":"Gensokyo:Rafflesia","floor":45,"turns":5},{"damage":16,"enemies":"Gensokyo:Sharpion","floor":46,"turns":3},{"damage":0,"enemies":"Gensokyo:4_Bats","floor":47,"turns":1},{"damage":22,"enemies":"Gensokyo:Yuyuko","floor":50,"turns":5}],"seed_played":"5017352793594149505","potions_obtained":[{"floor":8,"key":"AttackPotion"},{"floor":12,"key":"infinitespire:BlackPotion"},{"floor":16,"key":"Guardian:AcceleratePotion"},{"floor":21,"key":"Regen Potion"},{"floor":23,"key":"Elixir"},{"floor":28,"key":"BlessingOfTheForge"},{"floor":30,"key":"AttackPotion"},{"floor":31,"key":"PowerPotion"},{"floor":33,"key":"AttackPotion"},{"floor":35,"key":"AttackPotion"},{"floor":44,"key":"Fruit Juice"},{"floor":45,"key":"Fire Potion"},{"floor":46,"key":"Guardian:AcceleratePotion"},{"floor":47,"key":"bronze:BurnAndBuffPotion"}],"is_trial":false,"path_per_floor":["M","M","?","$","?","R","$","M","T","M","R","E","?","M","R","B",null,"M","?","?","M","?","E","R","E","T","$","M","R","M","M","R","B",null,"M","AVR","?","?","T","R","?","R","T","M","M","M","M","?","R","B",null],"character_chosen":"GUARDIAN","items_purchased":["Guardian:CrystalBeam","Guardian:Gem_Yellow","Guardian:Reroute","Guardian:PrimingBeam","Guardian:Reroute","Guardian:Gem_Cyan","ReplayTheSpireMod:CursedCoin","CrazyTorch:ReiMu","Omamori"],"campfire_rested":8,"item_purchase_floors":[0,0,0,4,4,27,27,27,27],"current_hp_per_floor":[73,69,48,48,48,72,72,63,63,48,72,67,67,54,78,43,80,57,57,12,7,7,5,29,7,7,7,3,27,8,2,26,17,80,57,57,57,57,57,80,80,80,80,59,54,50,50,50,75,75],"gold":305,"neow_bonus":"","is_daily":false,"chose_seed":false,"campfire_upgraded":1,"win_rate":0.0,"timestamp":1611582534,"path_taken":["M","M","?","$","?","R","$","?","T","M","R","E","?","M","R","BOSS","M","?","?","M","?","E","R","E","T","$","M","R","?","M","R","BOSS","M","AVR","?","?","?","R","?","R","T","M","M","M","M","?","R","BOSS"],"items_purchased_type":["Card","Card","Card","Card","Card","Card","Relic","Relic","Relic"],"build_version":"2020-12-22","purchased_purges":1,"victory":true,"max_hp_per_floor":[80,80,80,80,80,80,80,80,80,80,80,80,80,80,80,80,80,80,80,80,80,80,80,80,80,80,80,80,80,80,80,80,80,80,80,80,80,80,80,80,80,80,80,85,85,85,85,85,85,85],"card_choices":[{"not_picked":["Guardian:WalkerClaw","Guardian:FuturePlans"],"picked":"Guardian:PrimingBeam","floor":1},{"not_picked":["Guardian:TemporalShield","Guardian:SphericShield"],"picked":"Guardian:Gem_Fragmented","floor":2},{"not_picked":["infinitespire:Starlight","infinitespire:FinalStrike"],"picked":"infinitespire:Execution","floor":3},{"not_picked":["Guardian:Reroute","Guardian:Suspension"],"picked":"Guardian:Gem_Crimson","floor":8},{"not_picked":["Guardian:TemporalShield","Guardian:Reroute"],"picked":"Guardian:Gem_Yellow","floor":10},{"not_picked":["Guardian:Gem_Lightblue","Guardian:Reroute"],"picked":"Guardian:RollAttack","floor":12},{"not_picked":["Guardian:Gem_Red","Guardian:PrimingBeam"],"picked":"Guardian:Gem_Green","floor":13},{"not_picked":["Guardian:Repulse","Guardian:GuardianWhirl"],"picked":"Guardian:Incinerate","floor":14},{"not_picked":["Guardian:BaubleBeam","Guardian:TimeSifter"],"picked":"Guardian:Gem_Orange","floor":16},{"not_picked":["Guardian:ChargeCore+1","Guardian:ShieldSpikes"],"picked":"Guardian:Gem_Cyan","floor":18},{"not_picked":["Guardian:ShieldCharger+1","Guardian:Suspension"],"picked":"Guardian:WalkerClaw","floor":20},{"not_picked":["Guardian:Reroute","Guardian:SpikerProtocol"],"picked":"Guardian:Gem_Red","floor":21},{"not_picked":["Guardian:FierceBash","Guardian:Harden"],"picked":"Guardian:Planning+1","floor":23},{"not_picked":["Guardian:Recover+1","Guardian:ChargeCore+1"],"picked":"Guardian:Reroute","floor":25},{"not_picked":["Guardian:PrismaticBeam","Guardian:TemporalStrike"],"picked":"Guardian:Gem_White","floor":28},{"not_picked":["Guardian:PolyBeam","Guardian:Recover"],"picked":"Guardian:Suspension","floor":30},{"not_picked":["Guardian:RefractedBeam+1","Guardian:PrimingBeam"],"picked":"Guardian:Reroute","floor":31},{"not_picked":["Guardian:ExploitGems","Guardian:StasisStrike"],"picked":"Guardian:Gem_Synthetic","floor":33},{"not_picked":["Guardian:FloatingOrbs+1","Guardian:ChargeUp"],"picked":"Guardian:Gem_Cyan","floor":35},{"not_picked":["Guardian:TemporalStrike","Guardian:PolyBeam+1"],"picked":"Guardian:VentSteam","floor":44},{"not_picked":["Guardian:CompilePackage","Guardian:ChargeUp+1"],"picked":"Guardian:WalkerClaw+1","floor":45},{"not_picked":["Guardian:Harden+1","Guardian:Emergency"],"picked":"Guardian:Gem_Cyan","floor":46},{"not_picked":["Guardian:Recover+1","Guardian:SentryBeam+1"],"picked":"Guardian:VentSteam+1","floor":47}],"player_experience":166168,"relics_obtained":[{"floor":9,"key":"Potion Belt"},{"floor":12,"key":"Tea:ReiMu"},{"floor":13,"key":"Art of War"},{"floor":20,"key":"Nunchaku"},{"floor":23,"key":"Boot"},{"floor":25,"key":"Replay:Kaleidoscope"},{"floor":26,"key":"White Beast Statue"},{"floor":39,"key":"Meat on the Bone"},{"floor":41,"key":"Ring of Searing"},{"floor":41,"key":"Ring of Fury"},{"floor":43,"key":"RuthlessExorcism:ReiMu"}],"event_choices":[{"damage_healed":0,"gold_gain":100,"player_choice":"Pray","damage_taken":0,"max_hp_gain":0,"max_hp_loss":0,"event_name":"Golden Shrine","floor":22,"gold_loss":0}],"is_beta":false,"boss_relics":[{"not_picked":["expansioncontent:StudyCardRelic","Astrolabe"],"picked":"ChewingGum"},{"not_picked":["hubris:CrackedHourglass","Runic Dome"],"picked":"Snecko Heart"}],"items_purged_floors":[27],"is_endless":false,"potions_floor_spawned":[8,12,16,21,23,28,30,31,33,35,44,45,46,47],"ascension_level":2}}