{"host":"3xtugoueioptrf1x","time":1611554095,"event":{"mods":["BaseMod","Colored Powertips","Minty Spire (QoL Compilation)","Rare Cards Sparkle","StSLib"],"gold_per_floor":[116,116,133,152,172,172,17,17,43,43,43,73,87,107,107,206,206,216,126,50,50,61,61,61,61,61,61,73,73,92,124,124,222,222,240,240,257,84,94,94,129,129,183,183,200,218,93,113,113,113],"floor_reached":51,"language":"ENG","playtime":6745,"items_purged":["Defend_B","Zap","Parasite"],"score":712,"play_id":"08dcc258-6abe-421e-8cd4-fa4bdea92221","local_time":"20210125005455","is_ascension_mode":false,"campfire_choices":[{"data":"Coolheaded","floor":6,"key":"SMITH"},{"data":"Buffer","floor":8,"key":"SMITH"},{"floor":15,"key":"REST"},{"data":"Blizzard","floor":23,"key":"SMITH"},{"data":"Coolheaded","floor":25,"key":"SMITH"},{"data":"Coolheaded","floor":29,"key":"SMITH"},{"floor":32,"key":"REST"},{"data":"Defragment","floor":40,"key":"SMITH"},{"data":"Capacitor","floor":42,"key":"SMITH"},{"floor":44,"key":"REST"},{"data":"Force Field","floor":49,"key":"SMITH"}],"circlet_count":0,"master_deck":["Defend_B+1","Defend_B+1","Defragment+1","Force Field+1","Undo+1","Force Field+1","Heatsinks","Coolheaded+1","Buffer+1","Capacitor+1","Blizzard+1","Coolheaded+1","Glacier","Loop","Coolheaded+1","Coolheaded+1","Machine Learning","Defragment+1","Capacitor+1"],"relics":["Astrolabe","DataDisk","Toy Ornithopter","Empty Cage","Meat on the Bone","Dream Catcher","Philosopher\u0027s Stone","War Paint","Regal Pillow"],"acts_visited":["Exordium","TheCity","TheBeyond"],"potions_floor_usage":[16,31,50,50,50],"damage_taken":[{"damage":0,"enemies":"2 Louse","floor":1,"turns":3},{"damage":12,"enemies":"Small Slimes","floor":3,"turns":6},{"damage":6,"enemies":"Jaw Worm","floor":4,"turns":6},{"damage":26,"enemies":"Lots of Slimes","floor":5,"turns":9},{"damage":10,"enemies":"3 Louse","floor":13,"turns":6},{"damage":0,"enemies":"Large Slime","floor":14,"turns":7},{"damage":14,"enemies":"Hexaghost","floor":16,"turns":14},{"damage":0,"enemies":"Chosen","floor":18,"turns":10},{"damage":10,"enemies":"2 Thieves","floor":19,"turns":5},{"damage":6,"enemies":"Shelled Parasite and Fungi","floor":22,"turns":14},{"damage":20,"enemies":"Snake Plant","floor":28,"turns":10},{"damage":0,"enemies":"Cultist and Chosen","floor":30,"turns":12},{"damage":23,"enemies":"Gremlin Leader","floor":31,"turns":11},{"damage":10,"enemies":"Collector","floor":33,"turns":13},{"damage":11,"enemies":"3 Darklings","floor":35,"turns":9},{"damage":0,"enemies":"Orb Walker","floor":37,"turns":9},{"damage":25,"enemies":"Sphere and 2 Shapes","floor":39,"turns":10},{"damage":0,"enemies":"Nemesis","floor":41,"turns":13},{"damage":0,"enemies":"Writhing Mass","floor":45,"turns":10},{"damage":0,"enemies":"Transient","floor":46,"turns":5},{"damage":4,"enemies":"3 Darklings","floor":48,"turns":7},{"damage":20,"enemies":"Time Eater","floor":50,"turns":15}],"seed_played":"-5254619558752588414","potions_obtained":[{"floor":1,"key":"Strength Potion"},{"floor":13,"key":"Energy Potion"},{"floor":14,"key":"CultistPotion"},{"floor":30,"key":"LiquidBronze"},{"floor":31,"key":"Strength Potion"},{"floor":33,"key":"SpeedPotion"},{"floor":46,"key":"LiquidBronze"}],"is_trial":false,"path_per_floor":["M","$","M","M","M","R","$","R","T","?","$","?","M","M","R","B",null,"M","M","$","?","M","R","$","R","T","?","M","R","M","E","R","B",null,"M","?","M","$","M","R","E","R","T","R","M","M","$","M","R","B",null],"character_chosen":"DEFECT","items_purchased":["Buffer","Glacier","Defragment"],"campfire_rested":3,"item_purchase_floors":[7,20,38],"current_hp_per_floor":[75,75,63,57,31,31,31,31,31,19,19,19,9,9,31,22,75,75,65,65,65,59,59,59,59,59,59,39,39,39,33,55,45,75,64,57,57,57,44,44,44,44,44,75,75,75,72,68,68,57],"gold":113,"neow_bonus":"BOSS_RELIC","is_daily":false,"chose_seed":false,"campfire_upgraded":8,"win_rate":0.0,"timestamp":1611554095,"path_taken":["M","$","M","M","M","R","$","R","T","?","$","?","M","M","R","BOSS","M","M","$","?","M","R","$","R","T","?","M","R","M","E","R","BOSS","M","?","M","$","M","R","E","R","T","R","M","M","$","M","R","BOSS"],"items_purchased_type":["Card","Card","Card"],"build_version":"2020-12-22","purchased_purges":3,"victory":true,"max_hp_per_floor":[75,75,75,75,75,75,75,75,75,75,75,75,75,75,75,75,75,75,75,75,75,75,75,75,75,75,75,75,75,75,75,75,75,75,75,75,75,75,75,75,75,75,75,75,75,75,72,72,72,72],"card_choices":[{"not_picked":["Go for the Eyes","Scrape"],"picked":"Force Field","floor":1},{"not_picked":["Sunder","Recycle","Stack"],"picked":"SKIP","floor":3},{"not_picked":["Melter","Turbo"],"picked":"Heatsinks","floor":4},{"not_picked":["Leap","Redo"],"picked":"Coolheaded","floor":5},{"not_picked":["Double Energy","Rebound"],"picked":"Capacitor","floor":13},{"not_picked":["Fusion","White Noise"],"picked":"Blizzard","floor":14},{"not_picked":["Barrage","Go for the Eyes+1"],"picked":"Coolheaded","floor":18},{"not_picked":["Recycle+1","Compile Driver","Turbo"],"picked":"SKIP","floor":19},{"not_picked":["Rebound","Compile Driver"],"picked":"Loop","floor":22},{"not_picked":["Turbo+1","Rebound","Coolheaded"],"picked":"SKIP","floor":28},{"not_picked":["Double Energy","Force Field","Streamline"],"picked":"SKIP","floor":30},{"not_picked":["Turbo","Ball Lightning+1"],"picked":"Coolheaded+1","floor":31},{"not_picked":["Reboot","Meteor Strike"],"picked":"Machine Learning","floor":33},{"not_picked":["Ball Lightning+1","Gash+1","FTL"],"picked":"SKIP","floor":35},{"not_picked":["Go for the Eyes+1","Heatsinks","Steam"],"picked":"SKIP","floor":37},{"not_picked":["Stack","Undo","Darkness"],"picked":"SKIP","floor":39},{"not_picked":["Chaos","FTL+1"],"picked":"Capacitor+1","floor":41},{"not_picked":["Redo+1","Gash+1","Barrage"],"picked":"SKIP","floor":45},{"not_picked":["Rip and Tear","Ball Lightning+1","Hologram+1"],"picked":"SKIP","floor":46},{"not_picked":["Blizzard+1","Coolheaded+1","Chaos+1"],"picked":"SKIP","floor":48}],"player_experience":152722,"relics_obtained":[{"floor":9,"key":"DataDisk"},{"floor":26,"key":"Meat on the Bone"},{"floor":31,"key":"Dream Catcher"},{"floor":41,"key":"War Paint"},{"floor":43,"key":"Regal Pillow"}],"event_choices":[{"damage_healed":0,"gold_gain":0,"player_choice":"Success","damage_taken":12,"relics_obtained":["Toy Ornithopter"],"max_hp_gain":0,"max_hp_loss":0,"event_name":"Scrap Ooze","floor":10,"gold_loss":0},{"damage_healed":0,"gold_gain":30,"player_choice":"Searched \u00272\u0027 times","damage_taken":0,"max_hp_gain":0,"max_hp_loss":0,"event_name":"Dead Adventurer","floor":12,"gold_loss":0},{"cards_removed":["Defend_B"],"damage_healed":0,"gold_gain":0,"player_choice":"Elegance","damage_taken":0,"max_hp_gain":0,"max_hp_loss":0,"event_name":"Back to Basics","floor":21,"gold_loss":0},{"damage_healed":0,"gold_gain":0,"player_choice":"Read","damage_taken":0,"max_hp_gain":0,"max_hp_loss":0,"event_name":"The Library","floor":27,"gold_loss":0,"cards_obtained":["Coolheaded"]},{"damage_healed":0,"gold_gain":0,"player_choice":"Damaged","damage_taken":7,"max_hp_gain":0,"max_hp_loss":0,"event_name":"Wheel of Change","floor":36,"gold_loss":0}],"is_beta":false,"boss_relics":[{"not_picked":["Pandora\u0027s Box","Black Star"],"picked":"Empty Cage"},{"not_picked":["Snecko Eye","Velvet Choker"],"picked":"Philosopher\u0027s Stone"}],"items_purged_floors":[7,38,47],"is_endless":false,"potions_floor_spawned":[1,13,14,30,31,33,46],"ascension_level":0}}