{"host":"kh6fvhxn285ncg0o","time":1611615509,"event":{"mods":["Act Like it!","BaseMod","Colored Map","Friendly Minions","Keyboard Shortcuts","Minty Spire (QoL Compilation)","Quick Restart","Relic Stats","StSLib","SuperFastMode","UnlockEverythingMod"],"gold_per_floor":[114,114,164,179,179,189,189,205,250,263,263,298,278,293,293,367,367,380,398,412,423,442,442,442],"floor_reached":23,"language":"KOR","playtime":588,"items_purged":[],"score":394,"play_id":"e8ed8b4a-a187-4561-8f8b-e9583616ed30","local_time":"20210126075829","is_ascension_mode":true,"campfire_choices":[{"data":"Dropkick","floor":7,"key":"SMITH"},{"data":"Uppercut","floor":11,"key":"SMITH"},{"data":"Fire Breathing","floor":15,"key":"SMITH"}],"circlet_count":0,"master_deck":["AscendersBane","Strike_R","Strike_R","Strike_R","Strike_R","Strike_R","Defend_R","Defend_R","Defend_R","Defend_R","Bash","Intimidate","Shrug It Off","Dropkick+1","Uppercut+1","Fire Breathing+1","Barricade","Immolate","Dark Embrace"],"relics":["Runic Pyramid","Matryoshka","Bag of Marbles","Nunchaku","Bottled Tornado","Busted Crown"],"acts_visited":["Exordium","TheCity"],"potions_floor_usage":[8,16,19,23],"damage_taken":[{"damage":7,"enemies":"Jaw Worm","floor":1,"turns":3},{"damage":4,"enemies":"Cultist","floor":4,"turns":4},{"damage":0,"enemies":"Small Slimes","floor":6,"turns":4},{"damage":7,"enemies":"Gremlin Gang","floor":8,"turns":6},{"damage":4,"enemies":"Lots of Slimes","floor":10,"turns":7},{"damage":21,"enemies":"Gremlin Nob","floor":12,"turns":4},{"damage":8,"enemies":"Exordium Wildlife","floor":14,"turns":4},{"damage":1,"enemies":"Slime Boss","floor":16,"turns":9},{"damage":0,"enemies":"Chosen","floor":18,"turns":3},{"damage":10,"enemies":"Spheric Guardian","floor":19,"turns":5},{"damage":13,"enemies":"Chosen and Byrds","floor":20,"turns":4},{"damage":5,"enemies":"3 Cultists","floor":21,"turns":5},{"damage":37,"enemies":"Shelled Parasite and Fungi","floor":22,"turns":4},{"damage":29,"enemies":"Slavers","floor":23,"turns":1}],"seed_played":"-412555998879205051","potions_obtained":[{"floor":6,"key":"PowerPotion"},{"floor":8,"key":"SmokeBomb"},{"floor":12,"key":"FairyPotion"},{"floor":13,"key":"HeartOfIron"},{"floor":18,"key":"SteroidPotion"},{"floor":22,"key":"Regen Potion"}],"is_trial":false,"path_per_floor":["M","?","?","M","T","M","R","M","T","M","R","E","?","M","R","B",null,"M","M","M","M","M","E"],"character_chosen":"IRONCLAD","items_purchased":[],"campfire_rested":0,"item_purchase_floors":[],"current_hp_per_floor":[61,61,61,57,57,57,57,50,50,46,46,25,25,17,17,16,60,60,50,37,32,22,0,0],"gold":442,"neow_bonus":"BOSS_RELIC","is_daily":false,"chose_seed":false,"campfire_upgraded":3,"win_rate":0.0,"timestamp":1611615509,"path_taken":["M","?","?","?","?","M","R","M","T","M","R","E","?","M","R","BOSS","M","?","?","M","M","E"],"items_purchased_type":[],"build_version":"2020-12-22","purchased_purges":0,"victory":false,"max_hp_per_floor":[75,75,75,75,75,75,75,75,75,75,75,75,75,75,75,75,75,75,75,75,75,75,75,75],"relic_stats":{"Nunchaku":[7],"Busted Crown":10,"counters":[14,63],"obtain_stats":[{"Nunchaku":9,"Matryoshka":5,"Busted Crown":17,"Bag of Marbles":9,"Bottled Tornado":12,"Burning Blood":0,"Runic Pyramid":0},{"Nunchaku":4,"Matryoshka":2,"Busted Crown":8,"Bag of Marbles":4,"Bottled Tornado":6,"Burning Blood":0,"Runic Pyramid":0},{"Nunchaku":17,"Matryoshka":7,"Busted Crown":41,"Bag of Marbles":17,"Bottled Tornado":28,"Burning Blood":0,"Runic Pyramid":0}]},"card_choices":[{"not_picked":["Clash","Cleave"],"picked":"Intimidate","floor":1},{"not_picked":["Warcry","Clothesline"],"picked":"Shrug It Off","floor":4},{"not_picked":["Anger","Flex"],"picked":"Dropkick","floor":6},{"not_picked":["Spot Weakness","Cleave"],"picked":"Uppercut","floor":8},{"not_picked":["Clash","Wild Strike"],"picked":"Fire Breathing","floor":10},{"not_picked":["Ghostly Armor","Flex","Clash"],"picked":"SKIP","floor":12},{"not_picked":["Thunderclap","Sentinel"],"picked":"Barricade","floor":14},{"not_picked":["Impervious","Brutality"],"picked":"Immolate","floor":16},{"not_picked":["Anger"],"picked":"SKIP","floor":18},{"not_picked":["True Grit"],"picked":"SKIP","floor":19},{"not_picked":["Clothesline"],"picked":"SKIP","floor":20},{"not_picked":["Thunderclap"],"picked":"SKIP","floor":21},{"not_picked":[],"picked":"Dark Embrace","floor":22}],"player_experience":1270659,"relics_obtained":[{"floor":5,"key":"Matryoshka"},{"floor":9,"key":"Bag of Marbles"},{"floor":9,"key":"Nunchaku"},{"floor":12,"key":"Bottled Tornado"}],"event_choices":[{"damage_healed":0,"gold_gain":0,"player_choice":"Ignored","damage_taken":0,"max_hp_gain":0,"max_hp_loss":0,"event_name":"Liars Game","floor":2,"gold_loss":0},{"damage_healed":0,"gold_gain":50,"player_choice":"Pray","damage_taken":0,"max_hp_gain":0,"max_hp_loss":0,"event_name":"Golden Shrine","floor":3,"gold_loss":0},{"damage_healed":0,"gold_gain":0,"player_choice":"Bought 1 Potion","damage_taken":0,"max_hp_gain":0,"max_hp_loss":0,"event_name":"The Woman in Blue","floor":13,"gold_loss":0}],"is_beta":false,"boss_relics":[{"not_picked":["Astrolabe","Ectoplasm"],"picked":"Busted Crown"}],"items_purged_floors":[],"is_endless":false,"potions_floor_spawned":[6,8,12,18,22],"killed_by":"Slavers","ascension_level":20}}