{"host":"1zwnl30z3cyaxn7y","time":1611559482,"event":{"mods":["BaseMod","Downfall","Minty Spire (QoL Compilation)","Replay The Spire","StSLib","The Bug Knight","The Servant 0.9.4","Warlord Emblem"],"gold_per_floor":[119,133,151,151,1,98,123,142,168,168,168,168,179,179,179,284,284,294,294,294,307,307,307,336,29,29,29,41,41,41],"floor_reached":29,"language":"ZHS","playtime":1737,"items_purged":["HollowMod:NailStrikeStart"],"score":291,"play_id":"b8619cf0-c9de-433c-bed3-a5b0148e99be","local_time":"20210125152442","is_ascension_mode":false,"campfire_choices":[{"data":"HollowMod:DoubleDash","floor":10,"key":"SMITH"},{"data":"HollowMod:FastStrike","floor":12,"key":"SMITH"},{"floor":15,"key":"REST"}],"circlet_count":0,"master_deck":["HollowMod:NailStrikeStart","HollowMod:NailStrikeStart","HollowMod:QuickDashStart","HollowMod:QuickDashStart","HollowMod:FocusHealStart+1","HollowMod:PogoStrike","HollowMod:MantisMark","HollowMod:DoubleDash+1","HollowMod:MantisMark","HollowMod:VengefulSpirit+1","HollowMod:HeavyBlow","HollowMod:SoulMaster","HollowMod:FastStrike+1","HollowMod:SoulSplash","CommonCold","HollowMod:AwokenDreamNail","HollowMod:MantisMark","HollowMod:DescendingDark+1","HollowMod:SoulMaster","HollowMod:BlackTendrils","HollowMod:SoulStrike+1","HollowMod:BaldurShell+1","HollowMod:HowlingWraiths"],"relics":["HollowMod:VesselMask","HollowMod:StagPassRelic","Replay:Wax Seal","Bag of Preparation","ReplayTheSpireMod:Ring of Exchange","ReplayTheSpireMod:Ring of Addiction","Potion Belt","Chameleon Ring","Honey Jar","Nilry\u0027s Codex","Blue Candle","Golden Egg","Unceasing Top"],"acts_visited":["Exordium","TheCity"],"potions_floor_usage":[7,16,16,18,18,18,21,24,24,24,28],"damage_taken":[{"damage":4,"enemies":"Cultist","floor":1,"turns":4},{"damage":0,"enemies":"Small Slimes","floor":2,"turns":2},{"damage":2,"enemies":"2 Louse","floor":3,"turns":3},{"damage":12,"enemies":"Gremlin Nob","floor":7,"turns":4},{"damage":5,"enemies":"Looter","floor":8,"turns":4},{"damage":6,"enemies":"Large Slime","floor":13,"turns":2},{"damage":0,"enemies":"Slime Boss","floor":16,"turns":4},{"damage":10,"enemies":"Shell Parasite","floor":18,"turns":3},{"damage":22,"enemies":"2 Thieves","floor":21,"turns":3},{"damage":17,"enemies":"Slavers","floor":24,"turns":5},{"damage":5,"enemies":"Centurion and Healer","floor":28,"turns":7},{"damage":55,"enemies":"Shelled Parasite and Fungi","floor":29,"turns":3}],"seed_played":"2000759475535542615","potions_obtained":[{"floor":3,"key":"ColorlessPotion"},{"floor":7,"key":"Venom Potion"},{"floor":13,"key":"PowerPotion"},{"floor":14,"key":"Fire Potion"},{"floor":14,"key":"SpeedPotion"},{"floor":14,"key":"Fire Potion"},{"floor":16,"key":"Toxic Potion"},{"floor":21,"key":"champ:CounterPotion"},{"floor":23,"key":"Block Potion"},{"floor":23,"key":"SneckoOil"}],"is_trial":false,"path_per_floor":["M","M","M","?","?","?","E","M","T","R","?","R","M","?","R","B",null,"M","?","?","M","?","R","E","$","T","$","M","M"],"character_chosen":"THE_BUGKNIGHT","items_purchased":["Block Potion","Dexterity Potion","Swift Potion","HollowMod:BaldurShell"],"campfire_rested":1,"item_purchase_floors":[25,25,25,25],"current_hp_per_floor":[70,76,80,80,80,45,39,40,40,40,40,40,40,40,66,72,89,89,73,68,52,52,52,44,44,44,44,45,0,0],"gold":41,"neow_bonus":"TWENTY_PERCENT_HP_BONUS","is_daily":false,"chose_seed":false,"campfire_upgraded":2,"win_rate":0.0,"timestamp":1611559482,"path_taken":["M","M","M","?","?","?","E","M","T","R","?","R","M","?","R","BOSS","M","?","?","M","?","R","E","$","T","?","M","M"],"items_purchased_type":["Potion","Potion","Potion","Card"],"build_version":"2020-12-22","purchased_purges":1,"victory":false,"max_hp_per_floor":[89,89,89,89,89,89,89,89,89,89,89,89,89,89,89,89,89,89,89,89,89,89,89,89,89,89,89,87,87,87],"card_choices":[{"not_picked":["HollowMod:InfectedAttack","HollowMod:ShapeofUnn"],"picked":"HollowMod:MantisMark","floor":1},{"not_picked":["HollowMod:GrimmsGift","HollowMod:BlackTendrils"],"picked":"HollowMod:DoubleDash","floor":2},{"not_picked":["HollowMod:DoubleDash","HollowMod:BaldurShell"],"picked":"HollowMod:MantisMark","floor":3},{"not_picked":["HollowMod:SoulEater","HollowMod:DreamGate"],"picked":"HollowMod:HeavyBlow","floor":6},{"not_picked":["HollowMod:InfectedCysts","HollowMod:DreamGate"],"picked":"HollowMod:SoulMaster","floor":7},{"not_picked":["HollowMod:TaintedHusks","HollowMod:HuntersJournal"],"picked":"HollowMod:FastStrike","floor":8},{"not_picked":["HollowMod:MonarchWings","HollowMod:SoulEater"],"picked":"HollowMod:SoulSplash","floor":13},{"not_picked":["HollowMod:theNailsmith","HollowMod:ElderbugsWisdom"],"picked":"HollowMod:AwokenDreamNail","floor":16},{"not_picked":["HollowMod:LifebloodCocoon+1","HollowMod:TaintedHusks+1","HollowMod:SharpenedNail"],"picked":"HollowMod:MantisMark","floor":18},{"not_picked":["HollowMod:InfectedAttack","HollowMod:SharpenedShadows","HollowMod:BlackTendrils"],"picked":"HollowMod:DescendingDark+1","floor":21},{"not_picked":["HollowMod:DescendingDark+1","HollowMod:PerfectDash","HollowMod:BlackTendrils+1"],"picked":"HollowMod:SoulStrike+1","floor":24},{"not_picked":["HollowMod:CoiledNail","HollowMod:PerfectDash","HollowMod:InfectedCysts"],"picked":"HollowMod:HowlingWraiths","floor":28}],"player_experience":282026,"relics_obtained":[{"floor":7,"key":"Replay:Wax Seal"},{"floor":9,"key":"Bag of Preparation"},{"floor":14,"key":"ReplayTheSpireMod:Ring of Exchange"},{"floor":14,"key":"ReplayTheSpireMod:Ring of Addiction"},{"floor":14,"key":"Potion Belt"},{"floor":14,"key":"Chameleon Ring"},{"floor":19,"key":"Nilry\u0027s Codex"},{"floor":24,"key":"Golden Egg"},{"floor":26,"key":"Unceasing Top"}],"event_choices":[{"damage_healed":0,"gold_gain":0,"player_choice":"Grow","damage_taken":0,"max_hp_gain":0,"max_hp_loss":0,"event_name":"Living Wall","floor":11,"gold_loss":0,"cards_upgraded":["HollowMod:FocusHealStart"]},{"damage_healed":0,"gold_gain":0,"player_choice":"Obtained Book","damage_taken":16,"max_hp_gain":0,"max_hp_loss":0,"event_name":"Cursed Tome","floor":19,"gold_loss":0},{"damage_healed":0,"gold_gain":0,"cards_transformed":["HollowMod:QuickDashStart","HollowMod:NailStrikeStart"],"player_choice":"Became Test Subject","damage_taken":0,"max_hp_gain":0,"max_hp_loss":0,"event_name":"Drug Dealer","floor":22,"gold_loss":0,"cards_obtained":["HollowMod:SoulMaster","HollowMod:BlackTendrils"]}],"is_beta":false,"boss_relics":[{"not_picked":["Orrery","Snecko Eye"],"picked":"Honey Jar"}],"items_purged_floors":[25],"is_endless":false,"potions_floor_spawned":[3,7,13,16,21],"killed_by":"Shelled Parasite and Fungi","ascension_level":0}}