{"host":"fligtxqnrbjmaaid","time":1611554386,"event":{"mods":["ATMod(°¢èªMod)","AchievementEnabler","Act Like it!","BaseMod","Dota2Spire","Downfall","Hallownest","Infinite Spire","Lobotomy","Marisa£¨ìFÓê¡¡Ä§ÀíÉ³£©","Minty Spire (QoL Compilation)","Replay The Spire","StSLib","The Blackbeard","The Construct","The Cursed","The Gatherer","The Runesmith","[IsaacMod]ÒÔÈö¼âËþ"],"gold_per_floor":[115,115,115,133,152,152,227,238,264,281,281,301,311,329,329,431,431,448,448],"floor_reached":18,"language":"ZHS","playtime":885,"items_purged":[],"score":158,"play_id":"e50d9777-9606-423d-b86c-6b521a96f537","local_time":"20210125135946","is_ascension_mode":false,"campfire_choices":[{"floor":6,"key":"RECALL"},{"floor":15,"key":"REST"}],"circlet_count":0,"master_deck":["Strike_R","Strike_R","Strike_R","Defend_R","Defend_R","Defend_R","Defend_R","Bash","DoctorFetus+1","Anger","Sentinel","Blood for Blood","Anger","Metallicize","Dual Wield","Anger","Barricade"],"relics":["Burning Blood","HushsDoor","KeepersGift","AT_ATBox","AT_ChloranthyRing","Ring of Misfortune","Ring of Hypnosis","infinitespire:Burning Sword"],"acts_visited":["Exordium","TheCity"],"potions_floor_usage":[16,16,16],"damage_taken":[{"damage":6,"enemies":"Jaw Worm","floor":1,"turns":3},{"damage":5,"enemies":"Small Slimes","floor":4,"turns":4},{"damage":13,"enemies":"2 Louse","floor":5,"turns":4},{"damage":14,"enemies":"Blue Slaver","floor":8,"turns":4},{"damage":17,"enemies":"Large Slime","floor":10,"turns":5},{"damage":4,"enemies":"Looter","floor":12,"turns":3},{"damage":9,"enemies":"Blue Slaver","floor":13,"turns":5},{"damage":22,"enemies":"Lots of Slimes","floor":14,"turns":3},{"damage":24,"enemies":"Hexaghost","floor":16,"turns":6},{"damage":5,"enemies":"Chosen","floor":18,"turns":4}],"seed_played":"5162444873219919122","potions_obtained":[{"floor":1,"key":"Dota2Spire:Clarity"},{"floor":4,"key":"SteroidPotion"},{"floor":10,"key":"Fire Potion"},{"floor":14,"key":"BloodPotion"},{"floor":16,"key":"BlessingOfTheForge"},{"floor":18,"key":"Dota2Spire:Clarity"}],"is_trial":false,"path_per_floor":["M","?","?","M","M","R","?","M","T","M","?","M","M","M","R","B",null,"M"],"character_chosen":"IRONCLAD","items_purchased":[],"campfire_rested":1,"item_purchase_floors":[],"current_hp_per_floor":[80,80,73,74,67,67,56,48,48,37,37,39,36,20,44,42,80,80,80],"gold":448,"neow_bonus":"UPGRADE_CARD","is_daily":false,"chose_seed":false,"campfire_upgraded":0,"win_rate":0.0,"timestamp":1611554386,"path_taken":["M","?","?","M","M","R","?","M","T","M","?","M","M","?","R","BOSS","M"],"items_purchased_type":[],"build_version":"2020-12-22","purchased_purges":0,"victory":false,"max_hp_per_floor":[80,80,80,80,80,80,80,80,80,80,80,80,80,80,80,80,80,80,80],"card_choices":[{"not_picked":[],"picked":"DoctorFetus","floor":0},{"not_picked":["AT_CaressingTears","Perfected Strike"],"picked":"Anger","floor":1},{"not_picked":["Perfected Strike","True Grit"],"picked":"Sentinel","floor":4},{"not_picked":["Clash","Carnage"],"picked":"Blood for Blood","floor":5},{"not_picked":["Bomb","ReplayTheSpireMod:LeadingStrike"],"picked":"Anger","floor":8},{"not_picked":["Offering","Pommel Strike","Intimidate"],"picked":"SKIP","floor":10},{"not_picked":["AT_BodySlamDance","Havoc"],"picked":"Metallicize","floor":12},{"not_picked":["Body Slam","Sword Boomerang"],"picked":"Dual Wield","floor":13},{"not_picked":["Sword Boomerang","Intimidate"],"picked":"Anger","floor":14},{"not_picked":["Replay:Many Hands","Reaper"],"picked":"Barricade","floor":16}],"player_experience":70886,"relics_obtained":[{"floor":9,"key":"AT_ChloranthyRing"},{"floor":11,"key":"Ring of Misfortune"},{"floor":11,"key":"Ring of Hypnosis"}],"event_choices":[{"cards_removed":["Strike_R"],"damage_healed":0,"gold_gain":0,"player_choice":"Forget","damage_taken":0,"max_hp_gain":0,"max_hp_loss":0,"event_name":"Living Wall","floor":2,"gold_loss":0},{"cards_removed":["Strike_R"],"damage_healed":0,"gold_gain":0,"player_choice":"Card Removal","damage_taken":7,"max_hp_gain":0,"max_hp_loss":0,"event_name":"Golden Wing","floor":3,"gold_loss":0},{"damage_healed":0,"gold_gain":75,"player_choice":"Gather Gold","damage_taken":11,"max_hp_gain":0,"max_hp_loss":0,"event_name":"World of Goop","floor":7,"gold_loss":0}],"is_beta":false,"boss_relics":[{"not_picked":["Mark of Pain","AT_MortalBlade"],"picked":"infinitespire:Burning Sword"},{"not_picked":[]}],"items_purged_floors":[],"is_endless":false,"potions_floor_spawned":[1,4,10,12,14,16,18],"killed_by":"Chosen","ascension_level":0}}