{"host":"kw4o7b3ro2ktmmbe","time":1611575271,"event":{"mods":["BaseMod","Evolution","Minty Spire (QoL Compilation)","StSLib","The Druid"],"gold_per_floor":[114,125,125,143,143,177,202,214,253,265,296,326,358,470,482,592,604,636,648,660,597,626,669,681,122,177,177,177,177,177,190,190,287,287,305,305,323,104,115,115,143,143,167,167,167],"floor_reached":44,"language":"ENG","playtime":2492,"items_purged":["theDruid:Defend_O"],"score":712,"play_id":"90db38c3-fea5-4dbe-9585-83fea80be3f4","local_time":"20210126004751","is_ascension_mode":true,"campfire_choices":[{"data":"theDruid:TwilightsCall","floor":8,"key":"SMITH"},{"floor":15,"key":"REST"},{"floor":24,"key":"REST"},{"data":"theDruid:SerratedFlesh","floor":28,"key":"SMITH"},{"floor":32,"key":"REST"},{"data":"theDruid:Starfall","floor":40,"key":"SMITH"}],"circlet_count":0,"master_deck":["theDruid:Defend_O+1","theDruid:WildSlash","theDruid:TwilightsCall+1","theDruid:RockSlide","theDruid:Starfall","theDruid:Infestation+1","theDruid:BrambleLash","theDruid:SerratedFlesh+1","theDruid:Starfall+1","theDruid:BrambleLash","theDruid:InsectSwarm","theDruid:InsectSwarm","Bite","Bite","Bite","Bite","Bite","theDruid:Restoration","theDruid:FullMoon+1","Madness","Madness","theDruid:TwilightsCall+1","theDruid:TakeShelter+1","theDruid:PouncingStrike+1","theDruid:BristlingDefense"],"relics":["EVO:Axolotl","Snecko Eye","MawBank","War Paint","Sozu","Nunchaku","Pear","Lantern","TheAbacus","Bag of Marbles","Enchiridion","Cursed Key","Omamori","Ancient Tea Set","Boot"],"acts_visited":["Exordium","TheCity","TheBeyond"],"potions_floor_usage":[6,7,16,23,33],"damage_taken":[{"damage":0,"enemies":"2 Louse","floor":1,"turns":6},{"damage":6,"enemies":"Cultist","floor":2,"turns":4},{"damage":0,"enemies":"Small Slimes","floor":4,"turns":5},{"damage":19,"enemies":"Lagavulin","floor":6,"turns":5},{"damage":12,"enemies":"Looter","floor":7,"turns":3},{"damage":1,"enemies":"Exordium Wildlife","floor":11,"turns":3},{"damage":0,"enemies":"3 Louse","floor":12,"turns":2},{"damage":0,"enemies":"2 Fungi Beasts","floor":13,"turns":2},{"damage":0,"enemies":"Slime Boss","floor":16,"turns":5},{"damage":17,"enemies":"Spheric Guardian","floor":18,"turns":3},{"damage":24,"enemies":"2 Thieves","floor":22,"turns":3},{"damage":16,"enemies":"Gremlin Leader","floor":23,"turns":4},{"damage":4,"enemies":"Centurion and Healer","floor":31,"turns":3},{"damage":30,"enemies":"Collector","floor":33,"turns":6},{"damage":0,"enemies":"Orb Walker","floor":35,"turns":2},{"damage":15,"enemies":"3 Darklings","floor":37,"turns":3},{"damage":28,"enemies":"Transient","floor":39,"turns":5},{"damage":34,"enemies":"Giant Head","floor":41,"turns":7},{"damage":29,"enemies":"4 Shapes","floor":44,"turns":1}],"seed_played":"7581453649817526611","potions_obtained":[{"floor":1,"key":"AttackPotion"},{"floor":3,"key":"Ancient Potion"},{"floor":3,"key":"SteroidPotion"},{"floor":4,"key":"ColorlessPotion"},{"floor":6,"key":"LiquidMemories"},{"floor":16,"key":"Strength Potion"}],"is_trial":false,"path_per_floor":["M","M","?","M","$","E","M","R","T","?","M","M","M","?","R","B",null,"M","?","?","?","M","E","R","$","T","?","R","?","?","M","R","B",null,"M","?","M","$","M","R","E","?","T","M"],"character_chosen":"DRUID","items_purchased":["Pear","Lantern","theDruid:InsectSwarm","TheAbacus","Omamori"],"campfire_rested":3,"item_purchase_floors":[25,25,25,25,38],"current_hp_per_floor":[75,69,69,69,69,50,38,38,38,38,37,37,37,37,59,59,75,58,44,44,44,20,4,28,38,38,38,38,22,22,28,46,26,62,62,54,41,41,29,29,23,23,23,0,0],"gold":167,"neow_bonus":"BOSS_RELIC","is_daily":false,"chose_seed":false,"campfire_upgraded":3,"win_rate":0.0,"timestamp":1611575271,"path_taken":["M","M","?","?","?","E","M","R","T","?","M","M","?","?","R","BOSS","M","?","?","?","?","E","R","$","T","?","R","?","?","M","R","BOSS","M","?","M","$","M","R","E","?","T","?"],"items_purchased_type":["Relic","Relic","Card","Relic","Relic"],"build_version":"2020-12-22","purchased_purges":1,"victory":false,"max_hp_per_floor":[75,75,75,75,75,75,75,75,75,75,75,75,75,75,75,75,75,75,80,80,80,80,80,80,90,90,90,90,90,62,62,62,62,62,62,62,62,62,62,62,62,62,62,62,62],"card_choices":[{"not_picked":["theDruid:Gore","theDruid:WallofRoots","theDruid:PlagueClaw"],"picked":"SKIP","floor":1},{"not_picked":["theDruid:Resupply","theDruid:ExposingSlash"],"picked":"theDruid:TwilightsCall","floor":2},{"not_picked":["theDruid:Swipe","theDruid:Gore"],"picked":"theDruid:RockSlide","floor":4},{"not_picked":["theDruid:Thornburst","theDruid:Resupply"],"picked":"theDruid:Starfall","floor":6},{"not_picked":["theDruid:WallofRoots","theDruid:ThickHide"],"picked":"theDruid:Infestation","floor":7},{"not_picked":["theDruid:ThornStrike","theDruid:Prowl","theDruid:AstralShield"],"picked":"SKIP","floor":11},{"not_picked":["theDruid:ExposingSlash","theDruid:IronClaw"],"picked":"theDruid:BrambleLash","floor":12},{"not_picked":["theDruid:PlagueClaw","theDruid:IronClaw","theDruid:Resupply"],"picked":"SKIP","floor":13},{"not_picked":["theDruid:Restoration","theDruid:TearOpen"],"picked":"theDruid:SerratedFlesh","floor":16},{"not_picked":["theDruid:Resourcefulness","theDruid:FuriousSlash"],"picked":"theDruid:Starfall","floor":18},{"not_picked":["theDruid:Prowl","theDruid:Swipe","theDruid:FelineGrace+1"],"picked":"SKIP","floor":22},{"not_picked":["theDruid:ExposingSlash+1","theDruid:Resourcefulness"],"picked":"theDruid:InsectSwarm","floor":23},{"not_picked":["theDruid:WildArmor","theDruid:AstralShield+1","theDruid:Gore"],"picked":"SKIP","floor":31},{"not_picked":["theDruid:IronbarkArmor","theDruid:WildFrenzy"],"picked":"theDruid:Restoration","floor":33},{"not_picked":["theDruid:BagofTricks","theDruid:ViralBites"],"picked":"theDruid:FullMoon+1","floor":35},{"not_picked":["theDruid:Prowl+1","theDruid:Starfall"],"picked":"theDruid:TwilightsCall+1","floor":37},{"not_picked":["theDruid:Recoil","theDruid:Thornburst"],"picked":"theDruid:TakeShelter+1","floor":39},{"not_picked":["theDruid:ThornStrike","theDruid:Earthquake"],"picked":"theDruid:PouncingStrike+1","floor":41}],"player_experience":1875713,"relics_obtained":[{"floor":6,"key":"MawBank"},{"floor":9,"key":"War Paint"},{"floor":23,"key":"Nunchaku"},{"floor":26,"key":"Bag of Marbles"},{"floor":29,"key":"Enchiridion"},{"floor":41,"key":"Ancient Tea Set"},{"floor":43,"key":"Boot"}],"event_choices":[{"damage_healed":0,"gold_gain":0,"player_choice":"Got Potions","damage_taken":0,"max_hp_gain":0,"max_hp_loss":0,"event_name":"Lab","floor":3,"gold_loss":0},{"cards_removed":["theDruid:BriarArmor"],"damage_healed":0,"gold_gain":0,"player_choice":"Offered Basic","damage_taken":0,"max_hp_gain":0,"max_hp_loss":0,"event_name":"Bonfire Elementals","floor":10,"gold_loss":0},{"damage_healed":0,"gold_gain":100,"player_choice":"Pray","damage_taken":0,"max_hp_gain":0,"max_hp_loss":0,"event_name":"Golden Shrine","floor":14,"gold_loss":0},{"damage_healed":0,"gold_gain":0,"player_choice":"Shed Blood","damage_taken":19,"max_hp_gain":5,"max_hp_loss":0,"event_name":"Forgotten Altar","floor":19,"gold_loss":0},{"damage_healed":0,"gold_gain":0,"player_choice":"Read","damage_taken":0,"max_hp_gain":0,"max_hp_loss":0,"event_name":"The Library","floor":20,"gold_loss":0,"cards_obtained":["theDruid:BrambleLash"]},{"cards_removed":["theDruid:Defend_O"],"damage_healed":0,"gold_gain":0,"player_choice":"Gave Gold","damage_taken":0,"max_hp_gain":0,"max_hp_loss":0,"event_name":"Beggar","floor":21,"gold_loss":75},{"damage_healed":0,"gold_gain":0,"player_choice":"Ignored","damage_taken":0,"max_hp_gain":0,"max_hp_loss":0,"event_name":"Ghosts","floor":27,"gold_loss":0},{"damage_healed":0,"gold_gain":0,"player_choice":"Obtained Book","damage_taken":16,"max_hp_gain":0,"max_hp_loss":0,"event_name":"Cursed Tome","floor":29,"gold_loss":0},{"damage_healed":0,"gold_gain":0,"player_choice":"Became a vampire","damage_taken":0,"max_hp_gain":0,"max_hp_loss":28,"event_name":"Vampires","floor":30,"gold_loss":0,"cards_obtained":["Bite","Bite","Bite","Bite","Bite"]},{"damage_healed":0,"gold_gain":0,"player_choice":"Embrace Madness","damage_taken":8,"max_hp_gain":0,"max_hp_loss":0,"event_name":"Winding Halls","floor":36,"gold_loss":0,"cards_obtained":["Madness","Madness"]},{"damage_healed":0,"gold_gain":0,"cards_transformed":["theDruid:Defend_O"],"player_choice":"Transformed","damage_taken":0,"max_hp_gain":0,"max_hp_loss":0,"event_name":"Transmorgrifier","floor":42,"gold_loss":0,"cards_obtained":["theDruid:BristlingDefense"]}],"is_beta":false,"boss_relics":[{"not_picked":["Velvet Choker","Calling Bell"],"picked":"Sozu"},{"not_picked":["Pandora\u0027s Box","Black Star"],"picked":"Cursed Key"}],"items_purged_floors":[38],"is_endless":false,"potions_floor_spawned":[1,4,6,16,18,31,39],"killed_by":"4 Shapes","ascension_level":4}}