{"host":"jqa9y4qkalbx8qgz","time":1611574469,"event":{"mods":["Act Like it!","BaseMod","BetterRewards","CCEM","Downfall","Gensokyo","Marisa????????","Minty Spire (QoL Compilation)","Permanent Neow","Relic Stats","Replay The Spire","StSLib","Wandering Minibosses"],"gold_per_floor":[115,132,149,168,14,43,54,83,83,83,115,131,81,101,101,200,200,213,463,463,480,494,527,527,553,553,17,49,366,366,377,377,482,482,492,492,502,8,19,48,2,246,270,270,270,299,455,509,509,509,509,509,29,101,101],"floor_reached":56,"language":"ENG","playtime":5215,"items_purged":["Strike_MRS","Strike_MRS"],"score":2064,"play_id":"34afa52a-3689-406d-9ce0-6d5528e58d21","local_time":"20210125143429","is_ascension_mode":true,"campfire_choices":[{"data":"Gensokyo:BlessingOfFortitude","floor":15.0,"key":"SMITH"},{"data":"OortCloud","floor":24.0,"key":"SMITH"},{"floor":32.0,"key":"RECALL"},{"data":"Gensokyo:ManorOfTheDishes","floor":45,"key":"SMITH"},{"data":"UltimateShortwave","floor":49,"key":"SMITH"},{"data":"BlazeAway","floor":52,"key":"SMITH"}],"circlet_count":0,"master_deck":["Defend_MRS","MasterSpark","UpSweep","IllusionStar","Singularity","Singularity","DarkMatter","IllusionStar","Good Instincts","OrrerysSun","AsteroidBelt","SporeBomb","MillisecondPulsars","EarthLightRay","FinalSpark","MachineGunSpark","PowerUp","Gensokyo:BlessingOfFortitude+1","AsteroidBelt","UltimateShortwave+1","MilkyWay+1","EnergyFlow","GravityBeat","OortCloud+1","Gensokyo:ManorOfTheDishes+1","MagicChant+1","MagicAbsorber+1","AsteroidBelt","ManaRampage","EventHorizon","Gensokyo:RPG","FairyDestructionRay+1","IllusionStar+1","6A+1","WitchOfGreed","GalacticHalo","GalacticHalo","AsteroidBelt","BlazeAway+1","WitchOfGreed+1","OortCloud+1","Singularity+1","AsteroidBelt","PowerUp+1"],"relics":["MiniHakkero","Blood Vial","CCEMRelics:WrappedPresent","FossilizedHelix","Ancient Tea Set","CCEMRelics:D6","ReplayTheSpireMod:TigerMarble","Happy Flower","Oddly Smooth Stone","Onion Ring","Nunchaku","Replay:Grab Bag","Coffee Dripper","SacredBark","Gensokyo:ConquerorOfFear","Potion Belt","Omamori","Counterbalance","Strange Spoon","Slimebound:StickyStick","Blue Doll","Honey Jar","Calipers","Chemical X","SimpleLauncher","Pen Nib","ReplayTheSpireMod:Shallot","Bottled Flame","Chameleon Ring","Torii","Lantern","Gensokyo:DualWield","Ginger","TungstenRod","Vajra","ReplayTheSpireMod:Lightbulb","Divine Protection","Pet Ghost"],"acts_visited":["Exordium","Gensokyo:Gensokyo","Gensokyo:Gensokyoer","TheEnding"],"potions_floor_usage":[55,55,55,55,55,55,55,55,55,55,55,55],"damage_taken":[{"damage":0.0,"enemies":"Gensokyo:2_Kodama","floor":1.0,"turns":6.0},{"damage":0.0,"enemies":"Gensokyo:Gryphon","floor":2.0,"turns":4.0},{"damage":0.0,"enemies":"Gensokyo:3_Fairies","floor":3.0,"turns":4.0},{"damage":0.0,"enemies":"Gensokyo:2_Rabbits","floor":4.0,"turns":6.0},{"damage":12.0,"enemies":"Gensokyo:Cirno","floor":6.0,"turns":7.0},{"damage":0.0,"enemies":"Gensokyo:Gryphon_and_Rabbit","floor":7.0,"turns":4.0},{"damage":0.0,"enemies":"Gensokyo:Mamizou","floor":8.0,"turns":7.0},{"damage":0.0,"enemies":"Gensokyo:Aya","floor":11.0,"turns":4.0},{"damage":0.0,"enemies":"Gensokyo:CorruptedTreant","floor":12.0,"turns":3.0},{"damage":0.0,"enemies":"Gensokyo:2_Rabbits","floor":14.0,"turns":4.0},{"damage":2.0,"enemies":"Gensokyo:Kokoro","floor":16.0,"turns":10.0},{"damage":0.0,"enemies":"Gensokyo:3_Dogs","floor":18.0,"turns":4.0},{"damage":0.0,"enemies":"Gensokyo:2_Gloops","floor":21.0,"turns":4.0},{"damage":0.0,"enemies":"Gensokyo:Slime_Group","floor":22.0,"turns":5.0},{"damage":7.0,"enemies":"Gensokyo:Tenshi","floor":23.0,"turns":4.0},{"damage":6.0,"enemies":"Gensokyo:Reisen","floor":25.0,"turns":5.0},{"damage":24.0,"enemies":"Gensokyo:Tenshi","floor":28.0,"turns":6.0},{"damage":0.0,"enemies":"Gensokyo:Swordslinger","floor":29.0,"turns":3.0},{"damage":0.0,"enemies":"Gensokyo:3_Gloops","floor":31.0,"turns":5.0},{"damage":0.0,"enemies":"Gensokyo:Eternal_Rivals","floor":33.0,"turns":8.0},{"damage":0.0,"enemies":"Gensokyo:3_Boulders","floor":35.0,"turns":3.0},{"damage":0.0,"enemies":"Gensokyo:AncientGuardian","floor":37.0,"turns":1.0},{"damage":0.0,"enemies":"Gensokyo:AtlasGolem","floor":39.0,"turns":24.0},{"damage":0,"enemies":"Gensokyo:Doremy","floor":40,"turns":4},{"damage":0,"enemies":"Gensokyo:Kasen","floor":42,"turns":5},{"damage":0,"enemies":"Gensokyo:Doremy","floor":46,"turns":3},{"damage":0,"enemies":"Gensokyo:Rafflesia","floor":47,"turns":4},{"damage":0,"enemies":"Gensokyo:Shinki","floor":50,"turns":6},{"damage":0,"enemies":"Shield and Spear","floor":54,"turns":4},{"damage":0,"enemies":"The Heart","floor":55,"turns":3}],"seed_played":"-7739783669305678118","potions_obtained":[{"floor":6.0,"key":"LiquidBronze"},{"floor":7.0,"key":"Venom Potion"},{"floor":12.0,"key":"Elixir"},{"floor":14.0,"key":"EntropicBrew"},{"floor":23.0,"key":"Weak Potion"},{"floor":29.0,"key":"Strength Potion"},{"floor":31.0,"key":"DuplicationPotion"},{"floor":33.0,"key":"SteroidPotion"},{"floor":37.0,"key":"Fire Potion"},{"floor":40,"key":"ShroomBrew"},{"floor":42,"key":"AttackPotion"},{"floor":47,"key":"Strength Potion"},{"floor":48,"key":"EssenceOfSteel"},{"floor":54,"key":"LiquidMemories"},{"floor":54,"key":"DistilledChaos"}],"is_trial":false,"path_per_floor":["M","M","M","M","$","E","M","E","T","?","E","M","?","M","R","B",null,"M","?","?","M","M","E","R","E","T","COS","E","M","?","M","R","B",null,"M","?","M","COS","M","E","$","E","T","?","R","E","M","?","R","B",null,"R","$","E","B",null],"character_chosen":"MARISA","items_purchased":["Blood Vial","CCEMRelics:WrappedPresent","IllusionStar","Singularity","DarkMatter","IllusionStar","Ancient Tea Set","Good Instincts","SkillPotion","ReplayTheSpireMod:TigerMarble","WitchOfGreed","GalacticHalo","ReplayTheSpireMod:Lightbulb","Divine Protection","AsteroidBelt"],"campfire_rested":0,"item_purchase_floors":[0,0,0,0,0,0,0,0,0,5,41,41,53,53,53],"current_hp_per_floor":[39,41,43,45,45,35,37,43,43,43,49,55,55,61,61,65,80,80,76,76,76,76,69,69,69,69,69,51,53,53,59,59,65,76,76,76,76,76,76,76,76,76,76,76,76,76,76,58,58,64,76,76,76,76,76],"gold":101,"neow_bonus":"","is_daily":false,"chose_seed":false,"campfire_upgraded":5,"win_rate":0.0,"timestamp":1611574469,"path_taken":["M","M","M","?","$","E","M","E","T","?","E","M","?","?","R","BOSS","BOSS","M","?","?","M","M","E","R","E","T","COS","E","M","?","M","R","BOSS","BOSS","M","?","M","COS","M","E","$","E","T","?","R","E","M","?","R","BOSS","R","$","E","BOSS"],"items_purchased_type":["Relic","Relic","Card","Card","Card","Card","Relic","Card","Potion","Relic","Card","Card","Relic","Relic","Card"],"build_version":"2020-12-22","purchased_purges":2,"victory":true,"max_hp_per_floor":[80,80,80,80,80,80,80,80,80,80,80,80,80,80,80,80,80,80,76,76,76,76,76,76,76,76,76,76,76,76,76,76,76,76,76,76,76,76,76,76,76,76,76,76,76,76,76,76,76,76,76,76,76,76,76],"relic_stats":{"Blood Vial":34,"Strange Spoon":[73],"Nunchaku":[47],"Happy Flower":[44],"Torii":28,"counters":[187,1067],"Pen Nib":[18],"Chemical X":[1],"Ginger":[7],"obtain_stats":[{"CCEMRelics:PorcelainBowl":9,"Gensokyo:UndefinedDarkness":30,"downfall:HeartBlessingGreen":18,"Ginger":44,"CCEMRelics:DerglesHeadphones":45,"Old Coin":48,"Blood Vial":42,"Sundial":46,"MealTicket":30,"Kunai":56,"Replay:Wax Seal":44,"Replay:Bottled Steam":13,"Blue Candle":10,"Counterbalance":26,"Velvet Choker":17,"BreadOfAWashokuLover":42,"Pen Nib":0,"Akabeko":38,"CCEMRelics:FestiveHat":13,"Bird Faced Urn":29,"Gensokyo:YoukaiFlower":12,"MiniHakkero":0,"StrikeDummy":42,"Gensokyo:MarisaImprobabilityPotion":23,"Unceasing Top":37,"AmplifyWand":54,"Regal Pillow":9,"Lantern":45,"Torii":45,"Singing Bowl":26,"CCEMRelics:WrappedPresent":44,"StoneCalendar":0,"Painkiller Herb":35,"Blue Doll":49,"Bag of Preparation":31,"SproutingBranch":38,"Ancient Tea Set":13,"Gensokyo:PortableGap":3,"Smiling Mask":7,"Pet Ghost":54,"Shovel":0,"Toolbox":44,"Gensokyo:OccultBall":4,"WingedGreaves":0,"Chemical X":22,"CCEMRelics:WhiteRose":7,"InkBottle":27,"CCEMRelics:OrganicArmor":40,"Potion Belt":43,"downfall:HeartBlessingRed":44,"PreservedInsect":10,"Omamori":27,"MawBank":27,"Replay:Arrowhead":53,"Busted Crown":34,"Ornamental Fan":26,"Orrery":0,"Art of War":6,"ReplayTheSpireMod:Lightbulb":53,"Toy Ornithopter":28,"Ice Cream":42,"Divine Protection":53,"Calipers":35,"Gremlin Horn":28,"CeramicFish":48,"Vajra":52,"Sozu":17,"Lizard Tail":44,"Centennial Puzzle":46,"HornCleat":25,"Strawberry":21,"Honey Jar":34,"Philosopher\u0027s Stone":34,"Prayer Wheel":0,"CCEMRelics:D6":0,"Iron Hammer":32,"RampagingMagicTools":17,"Toxic Egg 2":22,"Happy Flower":21,"Ring of Hypnosis":31,"Replay:Grab Bag":17,"Oddly Smooth Stone":6,"Du-Vu Doll":0,"OrangePellets":44,"Bottled Flame":40,"ReplayTheSpireMod:Shallot":40,"Shuriken":30,"Molten Egg 2":0,"Onion Ring":8,"Black Star":34,"ReplayTheSpireMod:TigerMarble":5,"CCEMRelics:WarHorn":42,"Meat on the Bone":55,"Pocketwatch":30,"Darkstone Periapt":7,"SacredBark":17,"Gensokyo:MarisaIngredientList":10,"CCEMRelics:Pendulum":53,"Mango":24,"Gensokyo:NagashiBinaDoll":5,"expansioncontent:StudyCardRelic":17,"Gensokyo:DualWield":44,"ClockworkSouvenir":21,"Frozen Eye":30,"Dream Catcher":8,"Nunchaku":8,"Gensokyo:MarisaPhilosophersStone":8,"TheAbacus":44,"Chameleon Ring":42,"Mummified Hand":40,"CCEMRelics:OverlyComfyChair":26,"downfall:HeartBlessingBlue":44,"Slimebound:StickyStick":24,"Gambling Chip":24,"Pantograph":54,"Tiny Chest":30,"Replay:Bottled Snecko":0,"SimpleLauncher":20,"CCEMRelics:Barrel":9,"Quantum Egg":43,"Gensokyo:ConquerorOfFear":31,"Gensokyo:CelestialsFlawlessClothing":14,"Orichalcum":54,"Medical Kit":44,"White Beast Statue":54,"Mercury Hourglass":46,"Calling Bell":42,"Peace Pipe":12,"Strange Spoon":20,"ShroomBag":31,"Gensokyo:EmptyGrave":39,"Anchor":44,"CaptainsWheel":11,"wanderingMiniBosses:CarrionFlame":11,"CCEMRelics:GrindingGear":26,"CCEMRelics:TinyMinotavrHorn":47,"Bag of Marbles":53,"Snack Pack":8,"Coffee Dripper":17,"Membership Card":47,"TungstenRod":23,"FossilizedHelix":0},{"CCEMRelics:PorcelainBowl":29,"Gensokyo:UndefinedDarkness":74,"downfall:HeartBlessingGreen":66,"Ginger":48,"CCEMRelics:DerglesHeadphones":49,"Old Coin":83,"Blood Vial":79,"Sundial":21,"MealTicket":113,"Kunai":88,"Replay:Wax Seal":148,"Replay:Bottled Steam":129,"Blue Candle":104,"Counterbalance":173,"Velvet Choker":108,"BreadOfAWashokuLover":118,"Pen Nib":24,"Akabeko":116,"CCEMRelics:FestiveHat":32,"Bird Faced Urn":74,"Gensokyo:YoukaiFlower":4,"MiniHakkero":0,"StrikeDummy":79,"Gensokyo:MarisaImprobabilityPotion":8,"Unceasing Top":43,"AmplifyWand":23,"Regal Pillow":60,"Lantern":81,"Torii":81,"Singing Bowl":111,"CCEMRelics:WrappedPresent":20,"StoneCalendar":88,"Painkiller Herb":142,"Blue Doll":152,"Bag of Preparation":114,"SproutingBranch":79,"Ancient Tea Set":5,"Gensokyo:PortableGap":26,"Smiling Mask":58,"Pet Ghost":186,"Shovel":157,"Toolbox":20,"Gensokyo:OccultBall":54,"WingedGreaves":52,"Chemical X":110,"CCEMRelics:WhiteRose":124,"InkBottle":112,"CCEMRelics:OrganicArmor":19,"Potion Belt":47,"downfall:HeartBlessingRed":80,"PreservedInsect":104,"Omamori":112,"MawBank":11,"Replay:Arrowhead":155,"Busted Crown":42,"Ornamental Fan":38,"Orrery":24,"Art of War":28,"ReplayTheSpireMod:Lightbulb":185,"Toy Ornithopter":12,"Ice Cream":47,"Divine Protection":185,"Calipers":178,"Gremlin Horn":12,"CeramicFish":83,"Vajra":86,"Sozu":34,"Lizard Tail":20,"Centennial Puzzle":21,"HornCleat":38,"Strawberry":36,"Honey Jar":177,"Philosopher\u0027s Stone":14,"Prayer Wheel":24,"CCEMRelics:D6":157,"Iron Hammer":140,"RampagingMagicTools":66,"Toxic Egg 2":135,"Happy Flower":7,"Ring of Hypnosis":139,"Replay:Grab Bag":168,"Oddly Smooth Stone":90,"Du-Vu Doll":24,"OrangePellets":20,"Bottled Flame":181,"ReplayTheSpireMod:Shallot":181,"Shuriken":13,"Molten Egg 2":88,"Onion Ring":164,"Black Star":77,"ReplayTheSpireMod:TigerMarble":161,"CCEMRelics:WarHorn":79,"Meat on the Bone":24,"Pocketwatch":113,"Darkstone Periapt":3,"SacredBark":168,"Gensokyo:MarisaIngredientList":4,"CCEMRelics:Pendulum":22,"Mango":9,"Gensokyo:NagashiBinaDoll":54,"expansioncontent:StudyCardRelic":6,"Gensokyo:DualWield":182,"ClockworkSouvenir":36,"Frozen Eye":12,"Dream Catcher":29,"Nunchaku":92,"Gensokyo:MarisaPhilosophersStone":103,"TheAbacus":118,"Chameleon Ring":182,"Mummified Hand":19,"CCEMRelics:OverlyComfyChair":72,"downfall:HeartBlessingBlue":80,"Slimebound:StickyStick":111,"Gambling Chip":9,"Pantograph":155,"Tiny Chest":40,"Replay:Bottled Snecko":120,"SimpleLauncher":7,"CCEMRelics:Barrel":4,"Quantum Egg":147,"Gensokyo:ConquerorOfFear":75,"Gensokyo:CelestialsFlawlessClothing":5,"Orichalcum":23,"Medical Kit":20,"White Beast Statue":155,"Mercury Hourglass":21,"Calling Bell":79,"Peace Pipe":94,"Strange Spoon":7,"ShroomBag":75,"Gensokyo:EmptyGrave":79,"Anchor":20,"CaptainsWheel":93,"wanderingMiniBosses:CarrionFlame":30,"CCEMRelics:GrindingGear":10,"CCEMRelics:TinyMinotavrHorn":50,"Bag of Marbles":22,"Snack Pack":124,"Coffee Dripper":168,"Membership Card":21,"TungstenRod":37,"FossilizedHelix":157},{"CCEMRelics:PorcelainBowl":119,"Gensokyo:UndefinedDarkness":393,"downfall:HeartBlessingGreen":334,"Ginger":239,"CCEMRelics:DerglesHeadphones":242,"Old Coin":455,"Blood Vial":419,"Sundial":77,"MealTicket":651,"Kunai":498,"Replay:Wax Seal":857,"Replay:Bottled Steam":741,"Blue Candle":585,"Counterbalance":988,"Velvet Choker":624,"BreadOfAWashokuLover":685,"Pen Nib":97,"Akabeko":672,"CCEMRelics:FestiveHat":137,"Bird Faced Urn":393,"Gensokyo:YoukaiFlower":14,"MiniHakkero":0,"StrikeDummy":419,"Gensokyo:MarisaImprobabilityPotion":30,"Unceasing Top":201,"AmplifyWand":88,"Regal Pillow":298,"Lantern":439,"Torii":439,"Singing Bowl":636,"CCEMRelics:WrappedPresent":76,"StoneCalendar":503,"Painkiller Herb":825,"Blue Doll":874,"Bag of Preparation":654,"SproutingBranch":419,"Ancient Tea Set":18,"Gensokyo:PortableGap":104,"Smiling Mask":291,"Pet Ghost":1064,"Shovel":907,"Toolbox":76,"Gensokyo:OccultBall":272,"WingedGreaves":267,"Chemical X":630,"CCEMRelics:WhiteRose":715,"InkBottle":646,"CCEMRelics:OrganicArmor":72,"Potion Belt":234,"downfall:HeartBlessingRed":428,"PreservedInsect":597,"Omamori":641,"MawBank":41,"Replay:Arrowhead":893,"Busted Crown":195,"Ornamental Fan":173,"Orrery":97,"Art of War":113,"ReplayTheSpireMod:Lightbulb":1060,"Toy Ornithopter":42,"Ice Cream":234,"Divine Protection":1060,"Calipers":1012,"Gremlin Horn":43,"CeramicFish":455,"Vajra":490,"Sozu":149,"Lizard Tail":76,"Centennial Puzzle":83,"HornCleat":173,"Strawberry":161,"Honey Jar":1010,"Philosopher\u0027s Stone":56,"Prayer Wheel":97,"CCEMRelics:D6":907,"Iron Hammer":810,"RampagingMagicTools":334,"Toxic Egg 2":777,"Happy Flower":27,"Ring of Hypnosis":803,"Replay:Grab Bag":966,"Oddly Smooth Stone":512,"Du-Vu Doll":97,"OrangePellets":76,"Bottled Flame":1042,"ReplayTheSpireMod:Shallot":1042,"Shuriken":49,"Molten Egg 2":503,"Onion Ring":945,"Black Star":413,"ReplayTheSpireMod:TigerMarble":927,"CCEMRelics:WarHorn":419,"Meat on the Bone":91,"Pocketwatch":651,"Darkstone Periapt":11,"SacredBark":966,"Gensokyo:MarisaIngredientList":14,"CCEMRelics:Pendulum":87,"Mango":35,"Gensokyo:NagashiBinaDoll":272,"expansioncontent:StudyCardRelic":23,"Gensokyo:DualWield":1047,"ClockworkSouvenir":161,"Frozen Eye":45,"Dream Catcher":119,"Nunchaku":523,"Gensokyo:MarisaPhilosophersStone":583,"TheAbacus":685,"Chameleon Ring":1043,"Mummified Hand":69,"CCEMRelics:OverlyComfyChair":380,"downfall:HeartBlessingBlue":428,"Slimebound:StickyStick":636,"Gambling Chip":35,"Pantograph":893,"Tiny Chest":182,"Replay:Bottled Snecko":696,"SimpleLauncher":27,"CCEMRelics:Barrel":14,"Quantum Egg":851,"Gensokyo:ConquerorOfFear":398,"Gensokyo:CelestialsFlawlessClothing":18,"Orichalcum":90,"Medical Kit":76,"White Beast Statue":893,"Mercury Hourglass":77,"Calling Bell":419,"Peace Pipe":534,"Strange Spoon":27,"ShroomBag":398,"Gensokyo:EmptyGrave":419,"Anchor":76,"CaptainsWheel":529,"wanderingMiniBosses:CarrionFlame":126,"CCEMRelics:GrindingGear":38,"CCEMRelics:TinyMinotavrHorn":247,"Bag of Marbles":87,"Snack Pack":715,"Coffee Dripper":966,"Membership Card":83,"TungstenRod":165,"FossilizedHelix":907}],"TungstenRod":1},"card_choices":[{"not_picked":["LuminesStrike","6A","GrandCross"],"picked":"SKIP","floor":1.0},{"not_picked":["ManaConvection","ShootTheMoon"],"picked":"OrrerysSun","floor":2.0},{"not_picked":["EnergyFlow","ManaRampage"],"picked":"AsteroidBelt","floor":3.0},{"not_picked":["PropBag","OrrerysSun"],"picked":"SporeBomb","floor":4.0},{"not_picked":["MagicAbsorber","NonDirectionalLaser"],"picked":"MillisecondPulsars","floor":6.0},{"not_picked":["GravityBeat","OneTimeOff"],"picked":"EarthLightRay","floor":7.0},{"not_picked":["WitchLeyline","MillisecondPulsars","Acceleration"],"picked":"SKIP","floor":8.0},{"not_picked":["DragonMeteor","StarBarrage"],"picked":"MachineGunSpark","floor":11.0},{"not_picked":["WitchLeyline","DoubleSpark"],"picked":"PowerUp","floor":12.0},{"not_picked":["SuperNova","MachineGunSpark"],"picked":"AsteroidBelt","floor":14.0},{"not_picked":["BigCrunch","StarDustReverie"],"picked":"UltimateShortwave","floor":16.0},{"not_picked":["MeteoricShower","EnergyFlow+1"],"picked":"MilkyWay+1","floor":18.0},{"not_picked":["ChargingUp","GrandCross"],"picked":"EnergyFlow","floor":21.0},{"not_picked":["SporeBomb","GrandCross+1"],"picked":"GravityBeat","floor":22.0},{"not_picked":["DoubleSpark+1","MachineGunSpark+1"],"picked":"OortCloud","floor":23.0},{"not_picked":["RefractionSpark","ShootingEcho","EscapeVelocity"],"picked":"SKIP","floor":25.0},{"not_picked":["NonDirectionalLaser+1","MagicAbsorber+1"],"picked":"MagicChant+1","floor":28.0},{"not_picked":["DC","GravityBeat"],"picked":"MagicAbsorber+1","floor":28.0},{"not_picked":["Orbital","OneTimeOff+1"],"picked":"AsteroidBelt","floor":29.0},{"not_picked":["NonDirectionalLaser","MaximisePower","DC+1"],"picked":"SKIP","floor":31.0},{"not_picked":["CollectingQuirk","BigCrunch"],"picked":"ManaRampage","floor":33.0},{"not_picked":["AsteroidBelt","GasGiant","NonDirectionalLaser+1"],"picked":"EventHorizon","floor":35.0},{"not_picked":["EnergyRecoil","DarkSpark+1","GalacticHalo"],"picked":"FairyDestructionRay+1","floor":37.0},{"not_picked":["Acceleration+1","AsteroidBelt","CollectingQuirk"],"picked":"IllusionStar+1","floor":39.0},{"not_picked":["Singularity","EventHorizon+1","MaximisePower"],"picked":"6A+1","floor":40},{"not_picked":["MysteriousBeam+1","PowerUp","ChargingUp+1"],"picked":"AsteroidBelt","floor":42},{"not_picked":["OpenUniverse+1","GalacticHalo","DoubleSpark+1"],"picked":"BlazeAway","floor":46},{"not_picked":["MeteoricShower","NonDirectionalLaser","MaximisePower"],"picked":"WitchOfGreed+1","floor":47},{"not_picked":["AsteroidBelt","IllusionStar+1","6A+1"],"picked":"OortCloud+1","floor":48},{"not_picked":["WitchOfGreed+1","LuminesStrike+1","DC+1"],"picked":"Singularity+1","floor":48},{"not_picked":["ChargeUpSpray","EventHorizon","BlazingStar"],"picked":"PowerUp+1","floor":54}],"player_experience":308509,"relics_obtained":[{"floor":0.0,"key":"CCEMRelics:D6"},{"floor":6.0,"key":"Happy Flower"},{"floor":8.0,"key":"Oddly Smooth Stone"},{"floor":8.0,"key":"Onion Ring"},{"floor":11.0,"key":"Nunchaku"},{"floor":21.0,"key":"Gensokyo:ConquerorOfFear"},{"floor":23.0,"key":"Potion Belt"},{"floor":25.0,"key":"Omamori"},{"floor":26.0,"key":"Counterbalance"},{"floor":28.0,"key":"Slimebound:StickyStick"},{"floor":40,"key":"ReplayTheSpireMod:Shallot"},{"floor":40,"key":"Bottled Flame"},{"floor":42,"key":"Torii"},{"floor":43,"key":"Lantern"},{"floor":46,"key":"TungstenRod"},{"floor":48,"key":"Vajra"},{"floor":54,"key":"Pet Ghost"}],"event_choices":[],"is_beta":false,"boss_relics":[{"not_picked":["CCEMRelics:TransientCore","bronze:MakeshiftBattery"],"picked":"Replay:Grab Bag"},{"not_picked":["Cursed Key","CCEMRelics:GreenEgg"],"picked":"Coffee Dripper"},{"not_picked":["Snecko Eye","Snecko Heart"],"picked":"SacredBark"},{"not_picked":["Astrolabe","Black Star"],"picked":"Honey Jar"}],"items_purged_floors":[0,0],"is_endless":false,"potions_floor_spawned":[6,7,12,14,23,29,31,33,37,40,42],"ascension_level":1}}