{"host":"p62uqwu04pp7leh9","time":1611573719,"event":{"mods":["BaseMod","Block Reminder","Colored Map","Colored Powertips","Minty Spire (QoL Compilation)","Relic Stats"],"gold_per_floor":[11,11,34,52,67,106,120,143,168,3,98,157,241,316,316,316,316],"floor_reached":16,"language":"ENG","playtime":1154,"items_purged":[],"score":139,"play_id":"8dfda7b7-49bf-4a10-8ab2-02303be6ba19","local_time":"20210125052159","is_ascension_mode":true,"campfire_choices":[{"data":"HandOfGreed","floor":15,"key":"SMITH"}],"circlet_count":0,"master_deck":["Strike_R","Strike_R","Strike_R","Defend_R","Defend_R","Defend_R","Defend_R","Bash","Bludgeon","Ghostly Armor","Shrug It Off","Body Slam","Thunderclap","Bloodletting","Bludgeon","HandOfGreed+1","Intimidate"],"relics":["Burning Blood","Golden Idol","Omamori","Tiny Chest","Centennial Puzzle","PreservedInsect"],"acts_visited":["Exordium"],"potions_floor_usage":[6,12,12,14],"damage_taken":[{"damage":0,"enemies":"Small Slimes","floor":1,"turns":3},{"damage":0,"enemies":"Jaw Worm","floor":3,"turns":3},{"damage":0,"enemies":"Cultist","floor":4,"turns":3},{"damage":6,"enemies":"Looter","floor":5,"turns":3},{"damage":10,"enemies":"3 Sentries","floor":6,"turns":6},{"damage":8,"enemies":"Exordium Wildlife","floor":7,"turns":6},{"damage":3,"enemies":"Blue Slaver","floor":8,"turns":1},{"damage":26,"enemies":"Lots of Slimes","floor":11,"turns":10},{"damage":12,"enemies":"Lagavulin","floor":12,"turns":6},{"damage":6,"enemies":"3 Louse","floor":13,"turns":8},{"damage":16,"enemies":"3 Sentries","floor":14,"turns":9},{"damage":36,"enemies":"Hexaghost","floor":16,"turns":9}],"seed_played":"5459290037393810317","potions_obtained":[{"floor":1,"key":"SkillPotion"},{"floor":4,"key":"Swift Potion"},{"floor":5,"key":"Explosive Potion"},{"floor":12,"key":"Fire Potion"},{"floor":13,"key":"Ancient Potion"},{"floor":14,"key":"SmokeBomb"}],"is_trial":false,"path_per_floor":["M","?","M","M","M","E","M","M","T","$","M","E","M","E","R","B"],"character_chosen":"IRONCLAD","items_purchased":["HandOfGreed"],"campfire_rested":0,"item_purchase_floors":[10],"current_hp_per_floor":[80,60,66,72,72,68,66,69,69,69,49,43,43,33,33,0,0],"gold":316,"neow_bonus":"TRANSFORM_TWO_CARDS","is_daily":false,"chose_seed":false,"campfire_upgraded":1,"win_rate":0.0,"timestamp":1611573719,"path_taken":["M","?","M","M","M","E","M","M","T","$","M","E","M","E","R","BOSS"],"items_purchased_type":["Card"],"build_version":"2020-12-22","purchased_purges":0,"victory":false,"max_hp_per_floor":[80,80,80,80,80,80,80,80,80,80,80,80,80,80,80,80,80],"relic_stats":{"Centennial Puzzle":[9],"counters":[12,67],"Golden Idol":51,"Tiny Chest":0,"PreservedInsect":0,"obtain_stats":[{"Centennial Puzzle":12,"Golden Idol":2,"Tiny Chest":9,"PreservedInsect":14,"Omamori":6,"Burning Blood":0},{"Centennial Puzzle":9,"Golden Idol":1,"Tiny Chest":7,"PreservedInsect":11,"Omamori":5,"Burning Blood":0},{"Centennial Puzzle":41,"Golden Idol":3,"Tiny Chest":25,"PreservedInsect":58,"Omamori":18,"Burning Blood":0}],"Burning Blood":60},"card_choices":[{"not_picked":["Warcry","Perfected Strike"],"picked":"Shrug It Off","floor":1},{"not_picked":["Clash","Cleave"],"picked":"Body Slam","floor":3},{"not_picked":["Disarm","Battle Trance"],"picked":"Thunderclap","floor":4},{"not_picked":["Pummel","Flame Barrier"],"picked":"Bloodletting","floor":5},{"not_picked":["True Grit","Anger","Twin Strike"],"picked":"SKIP","floor":6},{"not_picked":["Wild Strike","Pommel Strike","Twin Strike"],"picked":"SKIP","floor":7},{"not_picked":["Clothesline","Metallicize"],"picked":"Bludgeon","floor":8},{"not_picked":["Reckless Charge","Whirlwind"],"picked":"Intimidate","floor":11},{"not_picked":["Thunderclap","Rage","Pummel"],"picked":"SKIP","floor":12},{"not_picked":["Pommel Strike","Flex","Heavy Blade"],"picked":"SKIP","floor":13},{"not_picked":["Sword Boomerang","Clothesline","Burning Pact"],"picked":"SKIP","floor":14}],"player_experience":332151,"relics_obtained":[{"floor":6,"key":"Omamori"},{"floor":9,"key":"Tiny Chest"},{"floor":12,"key":"Centennial Puzzle"},{"floor":14,"key":"PreservedInsect"}],"event_choices":[{"damage_healed":0,"gold_gain":0,"player_choice":"Take Damage","damage_taken":20,"relics_obtained":["Golden Idol"],"max_hp_gain":0,"max_hp_loss":0,"event_name":"Golden Idol","floor":2,"gold_loss":0}],"is_beta":false,"boss_relics":[],"items_purged_floors":[],"is_endless":false,"potions_floor_spawned":[1,4,5,12,13,14],"killed_by":"Hexaghost","ascension_level":2}}