{"host":"bpkhhmvsfrvlto2l","time":1611592187,"event":{"mods":["2.2 Compatiblity","AchievementEnabler","Act Like it!","AlwaysNeverKeys","Aspiration","BaseMod","Better Silent Start","Challenge The Spire","Colored Map","Colored Powertips","Custom Start","Energized Spire","Friendly Minions","GifTheSpireLib","Halation","Hubris","Infinite Spire","Ironclad Rager","Mimic Mod","Minty Spire (QoL Compilation)","Permanent Neow","Quick Restart","Random Character Button","Relic Sorter","Replay The Spire","Spikes Relics","StSLib","Stuff the Spire","Swap Starting Deck Mod","Trackpad"],"gold_per_floor":[115,115,128,128,143,174,194,221,254,254,34,93,93,107,107,205,255,272,272,272,272,172,172,206,206,230,245,245,260,277,277,277],"floor_reached":31,"language":"ENG","playtime":868,"items_purged":["Regret","Decay"],"score":453,"play_id":"2d94de36-2633-4727-888a-38e7499a3f5f","local_time":"20210125112947","is_ascension_mode":true,"campfire_choices":[{"floor":13,"key":"REST"},{"floor":15,"key":"REST"},{"data":"Pray","floor":23,"key":"SMITH"},{"floor":25,"key":"REST"}],"circlet_count":0,"master_deck":["ReachHeaven","ReachHeaven","ReachHeaven","ReachHeaven","Prostrate","Prostrate","Prostrate","Prostrate+1","Prostrate","Pray+1","MasterReality+1","Alpha+1","Injury"],"relics":["PureWater","halation:PinkSoulGem","swapstartingdeckmod:DeadBlossom","StuffTheSpire:RedRose","infinitespire:EmpoweringShard","ReplayTheSpireMod:Lightbulb","Centennial Puzzle","Molten Egg 2","Guide Book","Tiny House","Matryoshka","infinitespire:PuzzleCube","Orichalcum"],"acts_visited":["Exordium","TheCity"],"potions_floor_usage":[14,14,16,27],"damage_taken":[{"damage":0,"enemies":"Small Slimes","floor":1,"turns":2},{"damage":7,"enemies":"2 Louse","floor":3,"turns":2},{"damage":6,"enemies":"Jaw Worm","floor":5,"turns":2},{"damage":17,"enemies":"Lagavulin","floor":6,"turns":3},{"damage":2,"enemies":"Exordium Wildlife","floor":7,"turns":2},{"damage":0,"enemies":"Gremlin Nob","floor":8,"turns":2},{"damage":4,"enemies":"Gremlin Gang","floor":9,"turns":3},{"damage":2,"enemies":"Gremlin Gang","floor":14,"turns":3},{"damage":33,"enemies":"The Guardian","floor":16,"turns":5},{"damage":6,"enemies":"3 Byrds","floor":18,"turns":2},{"damage":25,"enemies":"Gremlin Leader","floor":24,"turns":3},{"damage":2,"enemies":"2 Thieves","floor":27,"turns":2},{"damage":0,"enemies":"Snecko","floor":29,"turns":2},{"damage":4,"enemies":"Cultist and Chosen","floor":30,"turns":3},{"damage":16,"enemies":"Book of Stabbing","floor":31,"turns":1}],"seed_played":"-4814957332859491022","potions_obtained":[{"floor":1,"key":"Reflective Coating"},{"floor":7,"key":"DistilledChaos"},{"floor":14,"key":"GamblersBrew"},{"floor":17,"key":"Cursed Concoction"},{"floor":24,"key":"SkillPotion"},{"floor":30,"key":"Strength Potion"}],"is_trial":false,"path_per_floor":["M","?","M","$","M","E","M","E","MIM","?","$","?","R","M","R","B",null,"M","?","$","?","$","R","E","R","T","M","?","M","M","E"],"character_chosen":"WATCHER","items_purchased":["Guide Book"],"campfire_rested":3,"item_purchase_floors":[11],"current_hp_per_floor":[65,65,58,58,52,35,33,33,29,29,29,29,40,38,49,16,41,35,35,35,35,35,35,10,22,22,20,20,20,16,0,0],"gold":277,"neow_bonus":"","is_daily":false,"chose_seed":false,"campfire_upgraded":1,"win_rate":0.0,"timestamp":1611592187,"path_taken":["M","?","M","$","M","E","M","E","MIM","?","$","?","R","M","R","BOSS","M","?","$","?","$","R","E","R","T","M","?","?","M","E"],"items_purchased_type":["Relic"],"build_version":"2020-12-22","purchased_purges":2,"victory":false,"max_hp_per_floor":[72,72,72,72,72,72,72,72,72,72,72,72,72,72,72,72,77,77,77,77,77,77,77,77,77,77,77,77,77,77,77,77],"card_choices":[{"not_picked":["BowlingBash","FlurryOfBlows","Crescendo"],"picked":"SKIP","floor":1},{"not_picked":["Sanctity","ClearTheMind"],"picked":"MasterReality","floor":6},{"not_picked":["FollowUp","ClearTheMind"],"picked":"Alpha","floor":8},{"not_picked":["Weave+1","FlurryOfBlows+1","Replay:DivineShield"],"picked":"SKIP","floor":18},{"not_picked":["Replay:Vibes","FlyingSleeves+1","Pray"],"picked":"SKIP","floor":24},{"not_picked":["CutThroughFate+1","EmptyBody","BowlingBash+1"],"picked":"SKIP","floor":27},{"not_picked":["SashWhip+1","FlurryOfBlows+1","SignatureMove+1"],"picked":"SKIP","floor":29},{"not_picked":["Swivel","Replay:ManipulateFuture","CutThroughFate+1"],"picked":"SKIP","floor":30}],"player_experience":109668,"relics_obtained":[{"floor":6,"key":"infinitespire:EmpoweringShard"},{"floor":8,"key":"ReplayTheSpireMod:Lightbulb"},{"floor":9,"key":"Centennial Puzzle"},{"floor":24,"key":"Matryoshka"},{"floor":26,"key":"infinitespire:PuzzleCube"},{"floor":26,"key":"Orichalcum"}],"event_choices":[{"damage_healed":0,"gold_gain":59,"player_choice":"Gained Gold","damage_taken":0,"max_hp_gain":0,"max_hp_loss":0,"event_name":"Golden Wing","floor":12,"gold_loss":0},{"damage_healed":0,"gold_gain":0,"player_choice":"Smashed Altar","damage_taken":0,"max_hp_gain":0,"max_hp_loss":0,"event_name":"Forgotten Altar","floor":21,"gold_loss":0,"cards_obtained":["Decay"]},{"damage_healed":0,"gold_gain":0,"player_choice":"Ignored","damage_taken":0,"max_hp_gain":0,"max_hp_loss":0,"event_name":"The Mausoleum","floor":28,"gold_loss":0}],"is_beta":false,"boss_relics":[{"not_picked":["Snecko Eye","Ectoplasm"],"picked":"Tiny House"}],"items_purged_floors":[11,22],"is_endless":false,"potions_floor_spawned":[1,7,14,24,30],"killed_by":"Book of Stabbing","ascension_level":8}}