{"host":"hbvn1mkfq2iixsau","time":1611605828,"event":{"mods":["AchievementEnabler","Act Like it!","BaseMod","Better Altar","Better Match","Better Sensory Stone","Better Skull","Better Third Choice","Challenge The Spire","Colored Map","Displayed Cursed Tome","Minty Spire (QoL Compilation)","Quick Restart","Relic Stats","Shop Mod","StSLib","The Jungle"],"gold_per_floor":[512,99,130,165,190,190,190,38,67,96,125,125,125,125,157,188,221,255],"floor_reached":19,"language":"ENG","playtime":986,"items_purged":[],"score":468,"play_id":"e562891f-8753-4f6e-9ade-86aec6ce9b3b","local_time":"20210125221708","daily_mods":["challengethespire:Silver Difficulty","challengethespire:Elite Rush","Uncertain Future"],"is_ascension_mode":true,"campfire_choices":[{"floor":7.0,"key":"REST"},{"floor":13,"key":"REST"},{"data":"Demon Form","floor":14,"key":"SMITH"}],"circlet_count":0,"master_deck":["AscendersBane","Strike_R","Strike_R","Strike_R","Strike_R","Strike_R+1","Defend_R","Defend_R","Defend_R+1","Defend_R","Bash","Mayhem","The Bomb","Feed","Inflame","Feed+1","Pummel","Inflame","Spot Weakness","Demon Form+1","CurseOfTheBell","Limit Break+1","Sword Boomerang","Limit Break"],"relics":["Burning Blood","Black Star","Sling","PreservedInsect","TungstenRod","FossilizedHelix","MealTicket","Bronze Scales","Blood Vial","White Beast Statue","Charon\u0027s Ashes","SlaversCollar","Red Skull","Oddly Smooth Stone","Happy Flower","Whetstone","The Courier","Pen Nib","Shuriken","Calling Bell","Ancient Tea Set","InkBottle","Lizard Tail","Bottled Tornado","Bag of Marbles","Dead Branch","Nunchaku","War Paint","Calipers","Darkstone Periapt","Regal Pillow"],"acts_visited":["Exordium"],"potions_floor_usage":[10,15,18],"damage_taken":[{"damage":27.0,"enemies":"3 Sentries","floor":3.0,"turns":4.0},{"damage":0.0,"enemies":"Lagavulin","floor":4.0,"turns":4.0},{"damage":9.0,"enemies":"3 Sentries","floor":5.0,"turns":4.0},{"damage":27.0,"enemies":"Gremlin Leader","floor":9.0,"turns":4.0},{"damage":18,"enemies":"Gremlin Leader","floor":10,"turns":5},{"damage":14,"enemies":"Book of Stabbing","floor":11,"turns":4},{"damage":30,"enemies":"Reptomancer","floor":15,"turns":4},{"damage":18,"enemies":"Nemesis","floor":16,"turns":5},{"damage":0,"enemies":"Giant Head","floor":17,"turns":4},{"damage":49,"enemies":"Shield and Spear","floor":18,"turns":4}],"seed_played":"5147037258463991505","potions_obtained":[{"floor":3.0,"key":"Explosive Potion"},{"floor":4.0,"key":"Regen Potion"},{"floor":9.0,"key":"FearPotion"},{"floor":10,"key":"Ancient Potion"},{"floor":15,"key":"Swift Potion"},{"floor":17,"key":"Fire Potion"},{"floor":18,"key":"CultistPotion"}],"is_trial":true,"path_per_floor":["$","$","E","E","E","T","R","$","E","E","E","T","R","R","E","E","E","E",null],"character_chosen":"IRONCLAD","items_purchased":["TungstenRod","Mayhem","The Bomb","Feed","Inflame","Red Skull"],"campfire_rested":2,"item_purchase_floors":[1,1,2,2,2,8],"current_hp_per_floor":[72,72,51,57,62,62,86,86,65,64,61,61,87,87,65,55,63,22],"gold":255,"neow_bonus":"","is_daily":false,"chose_seed":false,"campfire_upgraded":1,"win_rate":0.0,"timestamp":1611605828,"path_taken":["$","$","E","E","E","T","R","$","E","E","E","T","R","R","E","E","E","E"],"items_purchased_type":["Relic","Card","Card","Card","Card","Relic"],"build_version":"2020-12-22","purchased_purges":0,"victory":true,"max_hp_per_floor":[80,80,80,80,86,86,86,86,86,86,89,89,89,89,89,89,89,89],"relic_stats":{"Darkstone Periapt":0,"Regal Pillow":0,"Happy Flower":[8],"counters":[10,42],"Dead Branch":[9],"PreservedInsect":546,"Charon\u0027s Ashes":[91],"Pen Nib":[2],"Whetstone":["Feed","Strike_R"],"War Paint":["Defend_R","Limit Break"],"Burning Blood":60,"Blood Vial":14,"Lizard Tail":0,"Nunchaku":[1],"Shuriken":[4],"Bronze Scales":[100],"MealTicket":0,"Black Star":10,"obtain_stats":[{"Darkstone Periapt":18,"Regal Pillow":18,"Calipers":17,"Whetstone":10,"Bottled Tornado":15,"Sling":0,"Ancient Tea Set":12,"Burning Blood":0,"Blood Vial":4,"Lizard Tail":12,"Nunchaku":16,"MealTicket":3,"Red Skull":8,"InkBottle":12,"Happy Flower":9,"Dead Branch":16,"Oddly Smooth Stone":9,"PreservedInsect":0,"Charon\u0027s Ashes":5,"The Courier":10,"Pen Nib":11,"War Paint":17,"White Beast Statue":5,"Calling Bell":12,"SlaversCollar":6,"Shuriken":11,"Bronze Scales":4,"Black Star":0,"Bag of Marbles":15,"TungstenRod":1,"FossilizedHelix":3},{"Darkstone Periapt":10,"Regal Pillow":10,"Calipers":9,"Whetstone":5,"Bottled Tornado":7,"Sling":0,"Ancient Tea Set":6,"Burning Blood":0,"Blood Vial":2,"Lizard Tail":6,"Nunchaku":8,"MealTicket":1,"Red Skull":3,"InkBottle":6,"Happy Flower":4,"Dead Branch":8,"Oddly Smooth Stone":4,"PreservedInsect":0,"Charon\u0027s Ashes":3,"The Courier":5,"Pen Nib":6,"War Paint":9,"White Beast Statue":3,"Calling Bell":6,"SlaversCollar":3,"Shuriken":6,"Bronze Scales":2,"Black Star":0,"Bag of Marbles":7,"TungstenRod":0,"FossilizedHelix":1},{"Darkstone Periapt":42,"Regal Pillow":42,"Calipers":38,"Whetstone":21,"Bottled Tornado":29,"Sling":0,"Ancient Tea Set":25,"Burning Blood":0,"Blood Vial":8,"Lizard Tail":25,"Nunchaku":34,"MealTicket":4,"Red Skull":12,"InkBottle":25,"Happy Flower":16,"Dead Branch":34,"Oddly Smooth Stone":16,"PreservedInsect":0,"Charon\u0027s Ashes":12,"The Courier":21,"Pen Nib":25,"War Paint":38,"White Beast Statue":12,"Calling Bell":25,"SlaversCollar":12,"Shuriken":25,"Bronze Scales":8,"Black Star":0,"Bag of Marbles":29,"TungstenRod":0,"FossilizedHelix":4}],"TungstenRod":23,"InkBottle":[5]},"card_choices":[],"player_experience":243115,"relics_obtained":[{"floor":3.0,"key":"FossilizedHelix"},{"floor":3.0,"key":"MealTicket"},{"floor":4.0,"key":"Bronze Scales"},{"floor":4.0,"key":"Blood Vial"},{"floor":5.0,"key":"White Beast Statue"},{"floor":5.0,"key":"Charon\u0027s Ashes"},{"floor":9.0,"key":"Oddly Smooth Stone"},{"floor":9.0,"key":"Happy Flower"},{"floor":10,"key":"Whetstone"},{"floor":10,"key":"The Courier"},{"floor":11,"key":"Pen Nib"},{"floor":11,"key":"Shuriken"},{"floor":12,"key":"Ancient Tea Set"},{"floor":12,"key":"InkBottle"},{"floor":12,"key":"Lizard Tail"},{"floor":15,"key":"Bottled Tornado"},{"floor":15,"key":"Bag of Marbles"},{"floor":16,"key":"Dead Branch"},{"floor":16,"key":"Nunchaku"},{"floor":17,"key":"War Paint"},{"floor":17,"key":"Calipers"},{"floor":18,"key":"Darkstone Periapt"},{"floor":18,"key":"Regal Pillow"}],"event_choices":[],"is_beta":false,"boss_relics":[{"not_picked":["Velvet Choker","Sozu"],"picked":"SlaversCollar"},{"not_picked":["Coffee Dripper","Runic Pyramid"],"picked":"Calling Bell"}],"items_purged_floors":[],"is_endless":false,"potions_floor_spawned":[3,4,9,10,11,15,16,17,18],"ascension_level":10}}