{"host":"gttgmv2wah99hzdm","time":1611615232,"event":{"mods":["AchievementEnabler","BaseMod","Bestiary","Block Reminder","Filter the Spire","Minty Spire (QoL Compilation)","Relic Stats","Weighted Paths","ojb\u0027s Info Mod"],"gold_per_floor":[116,130,148,159,159,159,159],"floor_reached":6,"language":"ENG","playtime":479,"items_purged":[],"score":76,"play_id":"85e64457-1312-4f01-980c-7808fbf7f30f","local_time":"20210125165352","is_ascension_mode":true,"campfire_choices":[],"circlet_count":0,"master_deck":["AscendersBane","Strike_R","Strike_R","Strike_R","Strike_R","Strike_R","Defend_R","Defend_R","Defend_R","Defend_R","Bash","CurseOfTheBell","Pommel Strike","Demon Form","Wild Strike"],"relics":["Calling Bell","PreservedInsect","Blue Candle","Mango"],"acts_visited":["Exordium"],"potions_floor_usage":[6,6],"damage_taken":[{"damage":19,"enemies":"Jaw Worm","floor":1,"turns":7},{"damage":7,"enemies":"Cultist","floor":2,"turns":3},{"damage":3,"enemies":"Small Slimes","floor":3,"turns":4},{"damage":34,"enemies":"Red Slaver","floor":4,"turns":5},{"damage":36,"enemies":"Gremlin Nob","floor":6,"turns":3}],"seed_played":"-5400513814815616415","potions_obtained":[{"floor":2,"key":"Fruit Juice"},{"floor":4,"key":"SkillPotion"}],"is_trial":false,"path_per_floor":["M","M","M","M","?","E"],"character_chosen":"IRONCLAD","items_purchased":[],"campfire_rested":0,"item_purchase_floors":[],"current_hp_per_floor":[63,56,53,19,19,0,0],"gold":159,"neow_bonus":"BOSS_RELIC","is_daily":false,"chose_seed":false,"campfire_upgraded":0,"win_rate":0.0,"timestamp":1611615232,"path_taken":["M","M","M","M","?","E"],"items_purchased_type":[],"build_version":"2020-12-22","purchased_purges":0,"victory":false,"max_hp_per_floor":[89,89,89,89,89,94,94],"relic_stats":{"counters":[5,22],"Blue Candle":[2],"PreservedInsect":22,"obtain_stats":[{"Calling Bell":0,"Blue Candle":0,"Mango":0,"PreservedInsect":0,"Burning Blood":0},{"Calling Bell":0,"Blue Candle":0,"Mango":0,"PreservedInsect":0,"Burning Blood":0},{"Calling Bell":0,"Blue Candle":0,"Mango":0,"PreservedInsect":0,"Burning Blood":0}]},"card_choices":[{"not_picked":["Havoc","Seeing Red","Entrench"],"picked":"SKIP","floor":1},{"not_picked":["True Grit","Second Wind"],"picked":"Pommel Strike","floor":2},{"not_picked":["Dark Embrace","Shrug It Off"],"picked":"Demon Form","floor":3},{"not_picked":["Pommel Strike","Cleave"],"picked":"Wild Strike","floor":4}],"player_experience":1070755,"relics_obtained":[{"floor":0,"key":"PreservedInsect"},{"floor":0,"key":"Blue Candle"},{"floor":0,"key":"Mango"}],"event_choices":[{"damage_healed":0,"gold_gain":0,"player_choice":"0 cards matched","damage_taken":0,"max_hp_gain":0,"max_hp_loss":0,"event_name":"Match and Keep!","floor":5,"gold_loss":0,"cards_obtained":[]}],"is_beta":false,"boss_relics":[],"items_purged_floors":[],"is_endless":false,"potions_floor_spawned":[2,4],"killed_by":"Gremlin Nob","ascension_level":20}}