{"host":"59cc6k4ir9ghxqag","time":1611575363,"event":{"mods":["100% Spire Juice","Arknights The Spire","BaseMod","Colored Powertips","Hermit","Infinite Spire","Lobotomy","Marisa£®ÏF”Í°°ƒß¿Ì…≥£©","Minty Spire (QoL Compilation)","Remilia£®¿Ÿ√◊¿Ú—«£©","Replay The Spire","StSLib","The Bug Knight","The Cursed","°æ“≈ŒÔø®≈∆°øREMEMod"],"gold_per_floor":[130,380,6,6,16,16,16,58,58,90,90,90,90,90,90,220,220,220,220],"floor_reached":18,"language":"ZHS","playtime":1337,"items_purged":["ats:Charging Defense"],"score":189,"play_id":"29717d22-6771-45c8-af59-c75e408041ce","local_time":"20210125194923","daily_mods":["SealedDeck","Diverse","Heirloom","Flight","Lethality"],"is_ascension_mode":false,"campfire_choices":[{"data":"BloodySeventeenLaser","floor":11,"key":"SMITH"},{"data":"Distraction","floor":15,"key":"SMITH"}],"circlet_count":0,"master_deck":["Moonworks:SakisCookie","LuminesStrike","Seeing Red","HollowMod:DoubleDash","hermit:ItchyTrigger","Distraction+1","HollowMod:CloakDash","WitchOfGreed","m_Survivalism","m_Survivalism","BloodySeventeenLaser+1","Metallicize"],"relics":["Unceasing Top","replay:Trail_Library","REME_ComplimentaryCards","infinitespire:Joker Card","REME_PuzzleBoxRelic","Tiny Chest","Gremlin Food","Blue Doll","Iron Hammer","Smiling Mask","Peace Pipe","Philosopher\u0027s Stone"],"acts_visited":["Exordium","TheCity"],"potions_floor_usage":[8,16],"damage_taken":[{"damage":9,"enemies":"infinitespire:Voidling","floor":1,"turns":3},{"damage":0,"enemies":"Jaw Worm","floor":5,"turns":2},{"damage":19,"enemies":"Gremlin Nob","floor":8,"turns":4},{"damage":0,"enemies":"Lagavulin","floor":10,"turns":5},{"damage":41,"enemies":"Hexaghost","floor":16,"turns":9},{"damage":0,"enemies":"3 Byrds","floor":18,"turns":1}],"seed_played":"702826508510350489","potions_obtained":[{"floor":7,"key":"Milkshake"},{"floor":7,"key":"Block Potion"},{"floor":7,"key":"SpeedPotion"},{"floor":8,"key":"LifebloodPotion"},{"floor":8,"key":"Energy Potion"},{"floor":16,"key":"Regen Potion"}],"is_trial":true,"path_per_floor":["M","WH","$","WH","M","WH","WH","E","T","E","R","WH","WH","WH","R","B",null,"M"],"character_chosen":"WATCHER","items_purchased":["REME_PuzzleBoxRelic","Tiny Chest"],"campfire_rested":0,"item_purchase_floors":[3,3],"current_hp_per_floor":[63,63,63,63,63,63,63,46,46,52,52,59,44,32,32,4,79,79,79],"gold":220,"neow_bonus":"RANDOM_COLORLESS_2","is_daily":false,"chose_seed":false,"campfire_upgraded":2,"win_rate":0.0,"timestamp":1611575363,"path_taken":["M","WH","$","WH","M","WH","WH","E","T","E","R","WH","WH","WH","R","BOSS","M"],"items_purchased_type":["Relic","Relic"],"build_version":"2020-12-22","purchased_purges":1,"victory":false,"max_hp_per_floor":[72,72,72,72,72,72,72,72,72,72,72,79,79,79,79,79,79,79,79],"card_choices":[{"not_picked":["Acceleration","TheCursedMod:Obscuration","MysteriousBeam"],"picked":"SKIP","floor":1},{"not_picked":["TheCursedMod:CircleOfFlame","Backflip","HollowMod:ChannelNail"],"picked":"SKIP","floor":5},{"not_picked":["PowerUp","Moonworks:DeployBits"],"picked":"BloodySeventeenLaser","floor":8},{"not_picked":["ats:Absolute Focus","HollowMod:LifebloodCocoon"],"picked":"Metallicize","floor":10}],"player_experience":512004,"relics_obtained":[{"floor":8,"key":"Blue Doll"},{"floor":9,"key":"Iron Hammer"},{"floor":10,"key":"Smiling Mask"}],"event_choices":[{"damage_healed":0,"gold_gain":0,"player_choice":"Got Potions","damage_taken":0,"max_hp_gain":0,"max_hp_loss":0,"event_name":"Lab","floor":7,"gold_loss":0}],"is_beta":false,"boss_relics":[{"not_picked":["Replay:Ancient Bell","ReplayTheSpireMod:SealedPack"],"picked":"Philosopher\u0027s Stone"}],"items_purged_floors":[3],"is_endless":false,"potions_floor_spawned":[8],"killed_by":"3 Byrds","ascension_level":0}}