{"host":"zqowyf7xxb4s9ib0","time":1611539553,"event":{"mods":["BaseMod","Better Note","Colored Map","Colored Powertips","Downfall","Highlight Path","Minty Spire (QoL Compilation)","Permanent Neow","Quick Restart","StSLib"],"gold_per_floor":[99,99,109,109,129,148,174,274,274,305,205,236,255,276,294,294,294,294],"floor_reached":16,"language":"ENG","playtime":879,"items_purged":[],"score":110,"play_id":"3c143d0b-4453-4c52-8dc5-d24e97969e76","local_time":"20210124175233","is_ascension_mode":false,"campfire_choices":[{"data":"bronze:Goto","floor":1,"key":"SMITH"},{"floor":9,"key":"RECALL"},{"data":"bronze:Branch","floor":11,"key":"SMITH"}],"circlet_count":0,"master_deck":["bronze:Strike","bronze:Strike","bronze:Strike","bronze:Defend","bronze:Defend","bronze:Defend","bronze:Defend","bronze:Replicate","bronze:Goto+1","bronze:FineTuning","bronze:BronzeOrb","bronze:Branch+1","bronze:OilSpill","bronze:WhirlingStrike"],"relics":["bronze:BronzeCore","Bronze Scales","PreservedInsect","Oddly Smooth Stone","downfall:HeartBlessingRed","MealTicket","Odd Mushroom"],"acts_visited":["Exordium"],"potions_floor_usage":[16,16],"damage_taken":[{"damage":0,"enemies":"Cultist","floor":3,"turns":3},{"damage":0,"enemies":"2 Louse","floor":5,"turns":3},{"damage":0,"enemies":"Small Slimes","floor":6,"turns":6},{"damage":13,"enemies":"Gremlin Nob","floor":10,"turns":3},{"damage":12,"enemies":"3 Sentries","floor":12,"turns":9},{"damage":1,"enemies":"3 Louse","floor":13,"turns":4},{"damage":1,"enemies":"The Mushroom Lair","floor":14,"turns":4},{"damage":0,"enemies":"Large Slime","floor":15,"turns":4},{"damage":67,"enemies":"WA_ARCHETYPE_RETAIN","floor":16,"turns":16}],"seed_played":"-6883772286303578293","potions_obtained":[{"floor":10,"key":"Explosive Potion"},{"floor":13,"key":"Energy Potion"}],"is_trial":false,"path_per_floor":["R","?","M","?","M","M","T","?","R","E","R","E","M","?","M","B"],"character_chosen":"THE_AUTOMATON","items_purchased":[],"campfire_rested":0,"item_purchase_floors":[],"current_hp_per_floor":[70,75,75,75,75,75,75,75,75,62,62,50,49,48,48,0,0,0],"gold":294,"neow_bonus":"RANDOM_COMMON_RELIC","is_daily":false,"chose_seed":false,"campfire_upgraded":2,"win_rate":0.0,"timestamp":1611539553,"path_taken":["R","?","M","?","?","M","T","?","R","E","R","E","M","?","M","BOSS"],"items_purchased_type":[],"build_version":"2020-12-22","purchased_purges":0,"victory":false,"max_hp_per_floor":[70,75,75,75,75,75,75,75,75,75,75,75,75,75,75,75,75,75],"card_choices":[{"not_picked":["bronze:Shield","bronze:Flail"],"picked":"bronze:FineTuning","floor":3},{"not_picked":["bronze:DarkDash","bronze:DelayedGuard","bronze:Backtrace"],"picked":"SKIP","floor":5},{"not_picked":["bronze:DelayedSlice","bronze:CutThrough"],"picked":"bronze:Branch","floor":6},{"not_picked":["bronze:CutThrough","bronze:ChildClass","bronze:Flail"],"picked":"SKIP","floor":10},{"not_picked":["bronze:Deprecate","bronze:Overload","bronze:DelayedGuard"],"picked":"SKIP","floor":12},{"not_picked":["bronze:Deprecate","bronze:Invalidate"],"picked":"bronze:OilSpill","floor":13},{"not_picked":["bronze:DelayedGuard","bronze:DelayedSlice"],"picked":"bronze:WhirlingStrike","floor":14},{"not_picked":["bronze:MaxOutput","bronze:BuggyMess","bronze:ChildClass"],"picked":"SKIP","floor":15}],"player_experience":503802,"relics_obtained":[{"floor":7,"key":"PreservedInsect"},{"floor":10,"key":"Oddly Smooth Stone"},{"floor":12,"key":"MealTicket"},{"floor":14,"key":"Odd Mushroom"}],"event_choices":[{"damage_healed":0,"gold_gain":0,"player_choice":"Donut","damage_taken":0,"max_hp_gain":5,"max_hp_loss":0,"event_name":"Big Fish","floor":2,"gold_loss":0},{"damage_healed":0,"gold_gain":0,"player_choice":"Fought Mushrooms","damage_taken":0,"max_hp_gain":0,"max_hp_loss":0,"event_name":"Mushrooms","floor":14,"gold_loss":0}],"is_beta":false,"boss_relics":[],"items_purged_floors":[],"is_endless":false,"potions_floor_spawned":[10,13],"killed_by":"WA_ARCHETYPE_RETAIN","ascension_level":0}}