{"host":"kzg3uglj8yekbxlz","time":1611543473,"event":{"mods":["Act Like it!","Alarm Clock","BaseMod","Better Synergies","Better Vampires","CapriCore","Challenge The Spire","Curses Come First","Displayed Cursed Tome","Downfall","Evolution","FoggyMod","Gensokyo","Hallownest","Highlight Path","KinomotoSakuraMod(木之本樱)","Koishi","Lobotomy","LobotomyExtend","Marisa（F雨　魔理沙）","Minty Spire (QoL Compilation)","Poem Panic","Poor People Problems","Prisma Mod","Shop Mod","StSLib","The Administrix","The Alterego","The Bug Knight","The Hierophant","The Immortal","TheWitcher","WarShipGirlsR/战舰少女R mod","Yuri Mod","残留之物"],"gold_per_floor":[99,199,199,273,293,293,293,13,13,59,69,33,33,33,44,44,29,29,29,29,46,120,120,120,120,54,0,10,45,63,63,79,60,60,80,9,9,34,48,61,32,58,58,58,69,372,372,272,272,272,237,487,520,594,610,610,610,610,340,360,694,710,610,610,610,610,557,573,573,0,0,0,0,0,0,0,0,210,229,331,331,231,248,248,265,68,68,68,68,68,68,34,52,52,52,52,65,65,65,65,96,87,87,87,87],"floor_reached":96,"language":"ZHS","playtime":9720,"items_purged":["Slimebound:Split","Pain","Slimebound:LivingWall","Slimebound:SlimeSpikes","Slimebound:OozeBath+1","Slimebound:SlimeBarrage+1"],"score":1896,"play_id":"0f700a55-4205-4424-b456-394fb85eef36","local_time":"20210125105752","is_ascension_mode":true,"campfire_choices":[{"data":"Slimebound:MassFeed","floor":1.0,"key":"SMITH"},{"data":"Slimebound:CorrosiveSpit","floor":13.0,"key":"SMITH"},{"data":"Slimebound:CheckThePlaybook","floor":14.0,"key":"SMITH"},{"floor":21.0,"key":"RECALL"},{"data":"Slimebound:FormOfPuddle","floor":23.0,"key":"SMITH"},{"data":"Slimebound:OozeBath","floor":27.0,"key":"SMITH"},{"floor":39.0,"key":"DIG"},{"floor":44.0,"key":"DIG"},{"data":"Slimebound:Recycling","floor":57.0,"key":"SMITH"},{"data":"Slimebound:Grow","floor":56.0,"key":"SMITH"},{"data":"Slimebound:Chomp","floor":55.0,"key":"SMITH"},{"floor":63.0,"key":"DIG"},{"floor":72.0,"key":"DIG"},{"floor":77.0,"key":"DIG"},{"floor":79.0,"key":"DIG"},{"floor":85,"key":"DIG"},{"floor":93,"key":"DIG"}],"circlet_count":0,"master_deck":["Slimebound:Tackle+1","Slimebound:CorrosiveSpit+1","Slimebound:ComboTackle+1","Slimebound:RollThrough+1","Slimebound:CheckThePlaybook+1","Slimebound:MassFeed+1","Slimebound:Recycling+1","Slimebound:FormOfPuddle+1","Slimebound:SlimeSpikes+1","Slimebound:Recollect+1","Slimebound:SlimeSpikes+1","Slimebound:GoopSpray+1","Slimebound:LivingWall+1","Gensokyo:CrescentMoonSlash+1","Slimebound:SplitLeeching+1","Slimebound:GoopSpray+1","Slimebound:FinishingTackle+1","Slimebound:SlimeSpikes+1","Slimebound:OozeBath+1","Slimebound:Chomp+1","Slimebound:SplitLeeching+1","Slimebound:Grow+1","Gensokyo:ReactiveArmor","Slimebound:LeechEnergy+1","Gensokyo:ShootingStar+1","Gensokyo:UnhurriedMind+1","Slimebound:SlimeSlap+1","Slimebound:GoopSpray+1","Slimebound:RollThrough+1"],"relics":["Slimebound:AbsorbEndCombat","EVO:Axolotl","Gensokyo:PortableGap","The Courier","LetterFromLob","Toxic Egg 2","Gensokyo:NagashiBinaDoll","Art of War","Gensokyo:LunaticRedEyes","Letter Opener","Shovel","MerchantsRug","HollowMod:QueensCombRelic","Bag of Preparation","Slimebound:MaxSlimesRelic","Smiling Mask","PlaceholderMod:SoulofChaos","Coffee Dripper","downfall:HeartBlessingRed","Happy Flower","Akabeko","Gensokyo:SongOfSouls","Membership Card","Blood Vial","Bottled Lightning","ClockworkSouvenir","downfall:HeartBlessingGreen","Ornamental Fan","InkBottle","Eternal Feather","Boot","Gensokyo:RedStar","PlaceholderMod:LiveLive","downfall:HeartBlessingBlue","Oddly Smooth Stone","Bag of Marbles","Ice Cream","Anchor","Toy Ornithopter","HollowMod:LifeEnderRelic","Centennial Puzzle","SnafuTest:BearRelic","Lantern","Mercury Hourglass","Nunchaku","PlaceholderMod:DaolothFragment"],"acts_visited":["Exordium","Gensokyo:Gensokyo","Gensokyo:Gensokyoer","TheEnding"],"potions_floor_usage":[94],"damage_taken":[{"damage":16.0,"enemies":"Gensokyo:Gryphon","floor":5.0,"turns":3.0},{"damage":25.0,"enemies":"downfall:FleeingMerchant","floor":8.0,"turns":4.0},{"damage":7.0,"enemies":"Gensokyo:2_Kodama","floor":11.0,"turns":4.0},{"damage":18.0,"enemies":"downfall:FleeingMerchant","floor":12.0,"turns":4.0},{"damage":0.0,"enemies":"Gensokyo:Python","floor":15.0,"turns":3.0},{"damage":0.0,"enemies":"downfall:FleeingMerchant","floor":15.0,"turns":4.0},{"damage":6.0,"enemies":"Gensokyo:Gryphon_and_Rabbit","floor":19.0,"turns":5.0},{"damage":14.0,"enemies":"downfall:FleeingMerchant","floor":24.0,"turns":3.0},{"damage":0.0,"enemies":"Gensokyo:Python_and_Kodama","floor":26.0,"turns":2.0},{"damage":1.0,"enemies":"Gensokyo:Mamizou","floor":27.0,"turns":5.0},{"damage":0.0,"enemies":"Gensokyo:LivingMonolith","floor":28.0,"turns":2.0},{"damage":0.0,"enemies":"Gensokyo:VengefulSpirit","floor":31.0,"turns":3.0},{"damage":0.0,"enemies":"Gensokyo:5_Fairies","floor":35.0,"turns":3.0},{"damage":0.0,"enemies":"Gensokyo:Python_and_Kodama","floor":36.0,"turns":3.0},{"damage":0.0,"enemies":"Gensokyo:Cirno","floor":38.0,"turns":4.0},{"damage":0.0,"enemies":"Gensokyo:2_Rabbits","floor":41.0,"turns":3.0},{"damage":0.0,"enemies":"DF_ARCHETYPE_STREAMLINE","floor":42.0,"turns":5.0},{"damage":0.0,"enemies":"Gensokyo:Reisen","floor":49.0,"turns":5.0},{"damage":0.0,"enemies":"Gensokyo:2_Gloops","floor":51.0,"turns":5.0},{"damage":0.0,"enemies":"Gensokyo:3_Dogs","floor":56.0,"turns":4.0},{"damage":8.0,"enemies":"Gensokyo:Tenshi","floor":57.0,"turns":6.0},{"damage":0.0,"enemies":"Gensokyo:Slime_Group","floor":58.0,"turns":3.0},{"damage":0.0,"enemies":"Gensokyo:Wraith","floor":58.0,"turns":2.0},{"damage":2.0,"enemies":"Gensokyo:Monolith_and_Dog","floor":68.0,"turns":3.0},{"damage":1.0,"enemies":"Gensokyo:3_Gloops","floor":69.0,"turns":4.0},{"damage":0.0,"enemies":"IC_MUSHROOM_ARCHETYPE","floor":70.0,"turns":4.0},{"damage":0.0,"enemies":"Gensokyo:3_Boulders","floor":73.0,"turns":2.0},{"damage":0.0,"enemies":"Gensokyo:3_Bats","floor":75.0,"turns":3.0},{"damage":0.0,"enemies":"Gensokyo:3_Bats","floor":80.0,"turns":5.0},{"damage":0,"enemies":"Gensokyo:Dusk_and_Dawn","floor":83,"turns":2},{"damage":0,"enemies":"Gensokyo:3_Boulders","floor":87,"turns":1},{"damage":0,"enemies":"WA_ARCHETYPE_DIVINITY","floor":88,"turns":5},{"damage":5,"enemies":"downfall:CharBossMerchant","floor":91,"turns":4},{"damage":0,"enemies":"downfall:NeowBoss","floor":94,"turns":10},{"damage":58,"enemies":"downfall:NeowBossFinal","floor":95,"turns":5}],"seed_played":"4100603254112317018","potions_obtained":[{"floor":15.0,"key":"BlessingOfTheForge"},{"floor":19.0,"key":"FearPotion"},{"floor":26.0,"key":"Weak Potion"},{"floor":27.0,"key":"SteroidPotion"},{"floor":31.0,"key":"Fire Potion"},{"floor":38.0,"key":"GamblersBrew"},{"floor":41.0,"key":"ColorlessPotion"},{"floor":42.0,"key":"Guardian:BlockOnCardUsePotion"},{"floor":51.0,"key":"FearPotion"},{"floor":58.0,"key":"SteroidPotion"},{"floor":70.0,"key":"Regen Potion"},{"floor":91,"key":"Swift Potion"}],"is_trial":false,"path_per_floor":["R","?","?","T","M","?","T","$","?","T","M","$","R","E","M","R","$","?","?","?","M","T","R","?","R","$","?","M","E","M","R","$","$","?","M","$","T","T","M","M","COS","E","R","?","M","B",null,"R","?","?","$","?","E","T","M","?","T","?","COS","M","E","M","R","R","R","?","$","M","T","?","T","$","R","$","?","T","?","M","M","B",null,"R","M","?","M","$","R","T","R","?","M","COS","M","?","R","T","M","B",null,null,"E","$","R","B","B",null],"character_chosen":"SLIMEBOUND","items_purchased":["Toxic Egg 2","Slimebound:SlimeSpikes+1","Shovel","MerchantsRug","Slimebound:GoopSpray+1","Slimebound:Replication+1","Membership Card","Ornamental Fan","Bag of Marbles","Ice Cream","Anchor","Fire Potion","SkillPotion","Lantern","Mercury Hourglass","Nunchaku"],"campfire_rested":0,"item_purchase_floors":[8,12,24,24,29,32,47,57,76,76,76,92,92,92,92,92],"current_hp_per_floor":[65,65,59,59,49,49,49,30,30,30,37,23,23,23,29,29,37,37,27,41,51,51,51,51,51,45,72,80,60,57,57,57,57,35,55,55,55,55,61,61,61,61,61,49,69,69,69,69,72,75,78,77,81,81,84,87,90,93,93,96,104,111,108,105,105,108,111,114,117,120,120,120,120,123,126,129,132,135,135,135,135,145,152,155,158,158,158,158,158,158,158,158,169,172,172,175,187,187,187,187,186,186,187,187,137],"gold":87,"neow_bonus":"","is_daily":false,"chose_seed":false,"campfire_upgraded":8,"win_rate":0.0,"timestamp":1611543472,"path_taken":["R","?","?","?","?","?","T","$","?","?","?","?","R","E","M","R","?","?","?","?","?","T","R","?","R","?","?","?","E","M","R","?","$","?","?","?","T","?","?","?","COS","E","R","?","M","BOSS","R","?","?","?","?","E","T","?","?","?","?","COS","?","E","M","R","R","R","?","?","?","?","?","T","$","R","?","?","?","?","?","M","BOSS","R","?","?","?","$","R","T","R","?","?","COS","?","?","R","?","M","BOSS","E","$","R","BOSS","BOSS"],"items_purchased_type":["Relic","Card","Relic","Relic","Card","Card","Relic","Relic","Relic","Relic","Relic","Potion","Potion","Card","Relic","Relic"],"build_version":"2020-12-22","purchased_purges":6,"victory":true,"max_hp_per_floor":[65,65,59,59,63,63,63,63,63,63,71,71,71,71,72,72,72,72,72,72,80,80,80,80,80,84,84,92,60,57,57,57,57,57,61,61,61,61,61,61,61,61,61,61,69,69,69,69,72,75,78,77,81,81,84,87,90,93,93,96,110,111,108,105,105,108,111,114,117,120,120,120,120,123,126,129,132,135,135,135,135,145,152,155,158,158,158,158,158,158,158,158,169,172,172,175,187,187,187,187,187,187,187,187,191],"card_choices":[{"not_picked":["Slimebound:SplitBruiser","Slimebound:ItLooksTasty"],"picked":"Slimebound:FormOfPuddle","floor":5.0},{"not_picked":[],"picked":"Slimebound:OozeBath","floor":6.0},{"not_picked":["Slimebound:GrowthPunch","Slimebound:SplitMire"],"picked":"Slimebound:SlimeSpikes","floor":8.0},{"not_picked":["Slimebound:LeechingTouch","Slimebound:SplitAcid+1"],"picked":"Slimebound:Recollect+1","floor":11.0},{"not_picked":["Slimebound:SplitAcid+1","Slimebound:Prepare+1","Slimebound:FlameTackle"],"picked":"SKIP","floor":12.0},{"not_picked":["Slimebound:ItLooksTasty","Slimebound:PressTheAttack"],"picked":"Slimebound:GoopSpray+1","floor":15.0},{"not_picked":["Slimebound:Grow","Slimebound:Schlurp+1"],"picked":"Slimebound:LivingWall+1","floor":15.0},{"not_picked":["Slimebound:MegaLick+1","Slimebound:ComboTackle","Slimebound:Recycling"],"picked":"SKIP","floor":19.0},{"not_picked":["Slimebound:LevelUp","Slimebound:DivideAndConquer","Slimebound:ItLooksTasty"],"picked":"SKIP","floor":24.0},{"not_picked":["Slimebound:Nibble","Slimebound:FinishingTackle","Slimebound:SplitMire+1"],"picked":"SKIP","floor":26.0},{"not_picked":["Slimebound:PressTheAttack","Slimebound:ItLooksTasty","Slimebound:ViciousTackle"],"picked":"SKIP","floor":27.0},{"not_picked":["Slimebound:SlimeSpikes+1","Slimebound:LeechEnergy"],"picked":"Slimebound:SplitLeeching+1","floor":28.0},{"not_picked":["Slimebound:SplitMire+1","Slimebound:ComboTackle","Slimebound:PressTheAttack"],"picked":"SKIP","floor":31.0},{"not_picked":["Slimebound:Dissolve+1","Slimebound:ItLooksTasty","Slimebound:ForwardTackle"],"picked":"SKIP","floor":35.0},{"not_picked":["Slimebound:AcidTongue","Slimebound:DivideAndConquer","Slimebound:SplitBruiser+1"],"picked":"SKIP","floor":36.0},{"not_picked":["Slimebound:SamplingLick+1","Slimebound:GoopTackle"],"picked":"Slimebound:FinishingTackle","floor":38.0},{"not_picked":["Slimebound:SamplingLick+1","Slimebound:SplitSpecialist+1"],"picked":"Slimebound:SlimeSpikes+1","floor":41.0},{"not_picked":["Slimebound:Recycling","Slimebound:DuplicatedForm"],"picked":"Slimebound:OozeBath+1","floor":42.0},{"not_picked":["Slimebound:SplitAcid+1","Slimebound:GoopSpray+1"],"picked":"Slimebound:Chomp","floor":49.0},{"not_picked":["Slimebound:GrowthPunch","Slimebound:TongueLash"],"picked":"Slimebound:SplitLeeching+1","floor":51.0},{"not_picked":["Slimebound:LeadByExample","Slimebound:PressTheAttack+1","Slimebound:SplitLeeching+1"],"picked":"SKIP","floor":56.0},{"not_picked":["Slimebound:RejuvenatingLick+1","Slimebound:TongueLash+1"],"picked":"Slimebound:SlimeBarrage+1","floor":57.0},{"not_picked":["Slimebound:FinishingTackle","Slimebound:ComboTackle","Slimebound:ViciousTackle+1"],"picked":"SKIP","floor":58.0},{"not_picked":["Slimebound:PressTheAttack","Slimebound:SplitLeeching+1","Slimebound:SplitMire+1"],"picked":"SKIP","floor":58.0},{"not_picked":["Slimebound:Schlurp+1","Slimebound:FinishingTackle"],"picked":"Slimebound:LeechEnergy+1","floor":68.0},{"not_picked":["Slimebound:DivideAndConquer","Slimebound:Nibble","Slimebound:Equalize"],"picked":"SKIP","floor":69.0},{"not_picked":[],"picked":"Gensokyo:ShootingStar","floor":70.0},{"not_picked":["Slimebound:Dissolve+1","Slimebound:SamplingLick+1","Slimebound:SplitMire+1"],"picked":"SKIP","floor":73.0},{"not_picked":["Slimebound:GoopSpray+1","Slimebound:ItLooksTasty+1","Slimebound:RollThrough"],"picked":"SKIP","floor":75.0},{"not_picked":["Gensokyo:UnlikelyAid+1","Gensokyo:DreamlikeParadise+1"],"picked":"Gensokyo:UnhurriedMind+1","floor":80.0},{"not_picked":["Slimebound:RejuvenatingLick+1","Slimebound:GoopSpray+1"],"picked":"Slimebound:SlimeSlap+1","floor":83},{"not_picked":["Slimebound:Prepare+1","Slimebound:SplitBruiser+1"],"picked":"Slimebound:GoopSpray+1","floor":83},{"not_picked":["Slimebound:SamplingLick+1","Slimebound:Overexert"],"picked":"Slimebound:RollThrough+1","floor":87},{"not_picked":["Slimebound:FinishingTackle","Slimebound:SamplingLick+1","Slimebound:BestDefense"],"picked":"SKIP","floor":91}],"player_experience":673943,"relics_obtained":[{"floor":4.0,"key":"The Courier"},{"floor":5.0,"key":"LetterFromLob"},{"floor":10.0,"key":"Art of War"},{"floor":20.0,"key":"Letter Opener"},{"floor":27.0,"key":"HollowMod:QueensCombRelic"},{"floor":33.0,"key":"Bottled Tornado"},{"floor":34.0,"key":"Bag of Preparation"},{"floor":38.0,"key":"Slimebound:MaxSlimesRelic"},{"floor":39.0,"key":"Smiling Mask"},{"floor":44.0,"key":"Happy Flower"},{"floor":49.0,"key":"Blood Vial"},{"floor":50.0,"key":"Bottled Lightning"},{"floor":53.0,"key":"StoneCalendar"},{"floor":57.0,"key":"Mango"},{"floor":59.0,"key":"InkBottle"},{"floor":61.0,"key":"Eternal Feather"},{"floor":63.0,"key":"Boot"},{"floor":66.0,"key":"Pantograph"},{"floor":72.0,"key":"Oddly Smooth Stone"},{"floor":77.0,"key":"Toy Ornithopter"},{"floor":78.0,"key":"HollowMod:LifeEnderRelic"},{"floor":79.0,"key":"Whetstone"},{"floor":85,"key":"Centennial Puzzle"},{"floor":86,"key":"bronze:DecasWashers"},{"floor":91,"key":"SnafuTest:BearRelic"},{"floor":93,"key":"PlaceholderMod:DaolothFragment"}],"event_choices":[],"is_beta":false,"boss_relics":[{"not_picked":["Cursed Key","Sozu"],"picked":"Coffee Dripper"},{"not_picked":["sneckomod:SneckoTalon","Fusion Hammer"],"picked":"PlaceholderMod:LiveLive"}],"items_purged_floors":[8,24,32,47,57,76],"is_endless":false,"potions_floor_spawned":[15,19,26,27,31,38,41,42,51,58,70,73,75,91],"ascension_level":1}}