{"host":"guv5thfpx4d8ikzb","time":1611615494,"event":{"mods":["2.2 Compatiblity","AchievementEnabler","BaseMod","Block Reminder","Colored Map","Colored Powertips","Downfall","Minty Spire (QoL Compilation)","Permanent Neow","Quick Restart","Relic Stats","Replay The Spire","StSLib"],"gold_per_floor":[99,111,111,126,301,60,132,122,132,151,151,186,186,199,216,315,315,315,315,335,535,552,552,627,655,670,698,712,743,743,386,401,505,505,505,522,541,74,92,92,119,119,119,149,169,189,189,216,232,232,232,261,236,236,236,236],"floor_reached":57,"language":"ENG","playtime":4638,"items_purged":["bronze:Strike","bronze:Defend+1"],"score":1934,"play_id":"c355499f-ea89-4bcc-bb34-1d1c248832d6","local_time":"20210125175814","is_ascension_mode":true,"campfire_choices":[{"data":"Dramatic Entrance","floor":1.0,"key":"SMITH"},{"data":"bronze:Goto","floor":1.0,"key":"SMITH"},{"data":"bronze:ForLoop","floor":8.0,"key":"SMITH"},{"data":"bronze:Invalidate","floor":8.0,"key":"SMITH"},{"data":"bronze:Replicate","floor":11.0,"key":"SMITH"},{"data":"bronze:BugBarrage","floor":11.0,"key":"SMITH"},{"data":"bronze:BugBarrage","floor":18.0,"key":"SMITH"},{"data":"bronze:Defend","floor":18.0,"key":"SMITH"},{"data":"bronze:DelayedGuard","floor":23.0,"key":"SMITH"},{"data":"bronze:Defend","floor":23.0,"key":"SMITH"},{"data":"bronze:Defend","floor":30.0,"key":"SMITH"},{"data":"bronze:Defend","floor":30.0,"key":"SMITH"},{"floor":35.0,"key":"REST"},{"floor":42.0,"key":"REST"},{"floor":54,"key":"REST"}],"circlet_count":0,"master_deck":["bronze:Defend+1","bronze:Defend+1","bronze:Defend+1","bronze:Replicate+1","bronze:Goto+1","Dramatic Entrance+1","bronze:ForLoop+1","bronze:Invalidate+1","bronze:ClassDefault+1","bronze:Boost+1","bronze:BugBarrage+1","bronze:Verify+1","bronze:BugBarrage+1","bronze:TinkerersToolbox+1","bronze:BugBarrage+1","bronze:DelayedGuard+1","bronze:SpaghettiCode+1","bronze:Return+1","bronze:BuggyMess+1","bronze:ItsAFeature+1","bronze:Terminator+1","bronze:AlphaBuild+1","AbeCurse","bronze:Repair+1","bronze:Repulsor+1","expansioncontent:Chronoboost+1","bronze:Philosophize+1","bronze:BugBarrage+1","bronze:Iterate+1","bronze:Boost+1","bronze:FindAndReplace+1","expansioncontent:QuickStudy+1","bronze:MaxOutput+1","bronze:MaxOutput+1"],"relics":["bronze:BronzeCore","Replay:Arrowhead","Black Star","Golden Egg","ReplayTheSpireMod:Lightbulb","Toolbox","Replay:Baseball","Eternal Feather","downfall:HeartBlessingRed","downfall:HeartBlessingGreen","downfall:HeartBlessingBlue","Ancient Tea Set","Blue Candle","downfall:ShatteredFragment","ChewingGum","StrikeDummy","Dead Branch","Replay:WaspNest","Quantum Egg","bronze:SilverBullet","Tiny Chest","downfall:BrokenWingStatue","Replay:Accelerometer","Prayer Wheel","Thread and Needle","Boot","Abe\u0027s Treasure","ClockworkSouvenir","Bag of Marbles","PreservedInsect","bronze:BottledCode","Torii","Whetstone","Ornamental Fan","CaptainsWheel","Kunai","Durian","Pet Ghost","bronze:BronzeIdol","OrangePellets","Nunchaku"],"acts_visited":["Exordium","TheCity","TheBeyond","TheEnding"],"potions_floor_usage":[56],"damage_taken":[{"damage":3.0,"enemies":"Small Slimes","floor":2.0,"turns":2.0},{"damage":1.0,"enemies":"Cultist","floor":4.0,"turns":3.0},{"damage":0.0,"enemies":"downfall:FleeingMerchant","floor":6.0,"turns":4.0},{"damage":0.0,"enemies":"2 Louse","floor":9.0,"turns":1.0},{"damage":8.0,"enemies":"Exordium Wildlife","floor":10.0,"turns":2.0},{"damage":5.0,"enemies":"Replay:BlueRogue","floor":12.0,"turns":3.0},{"damage":0.0,"enemies":"Blue Slaver","floor":14.0,"turns":1.0},{"damage":0.0,"enemies":"Lots of Slimes","floor":15.0,"turns":1.0},{"damage":19.0,"enemies":"WA_ARCHETYPE_RETAIN","floor":16.0,"turns":4.0},{"damage":0.0,"enemies":"Chosen","floor":19.0,"turns":1.0},{"damage":0.0,"enemies":"3 Byrds","floor":20.0,"turns":2.0},{"damage":3.0,"enemies":"Centurion and Healer","floor":22.0,"turns":3.0},{"damage":0.0,"enemies":"Slavers","floor":25.0,"turns":1.0},{"damage":0.0,"enemies":"Snake Plant","floor":26.0,"turns":2.0},{"damage":0.0,"enemies":"Book of Stabbing","floor":27.0,"turns":2.0},{"damage":0.0,"enemies":"Chosen and Byrds","floor":28.0,"turns":1.0},{"damage":15.0,"enemies":"Slavers","floor":29.0,"turns":2.0},{"damage":0.0,"enemies":"downfall:FleeingMerchant","floor":31.0,"turns":3.0},{"damage":0.0,"enemies":"Shelled Parasite and Fungi","floor":32.0,"turns":2.0},{"damage":2.0,"enemies":"DF_ARCHETYPE_CLAW","floor":33.0,"turns":4.0},{"damage":0.0,"enemies":"Orb Walker","floor":36.0,"turns":2.0},{"damage":1.0,"enemies":"3 Darklings","floor":37.0,"turns":1.0},{"damage":0.0,"enemies":"Jaw Worm Horde","floor":39.0,"turns":1.0},{"damage":0,"enemies":"Reptomancer","floor":44,"turns":2},{"damage":1,"enemies":"Sphere and 2 Shapes","floor":45,"turns":1},{"damage":0,"enemies":"Spire Growth","floor":46,"turns":3},{"damage":0,"enemies":"R_Hoarder","floor":48,"turns":3},{"damage":0,"enemies":"Maw","floor":49,"turns":2},{"damage":1,"enemies":"IC_BLOCK_ARCHETYPE","floor":50,"turns":3},{"damage":1,"enemies":"downfall:CharBossMerchant","floor":52,"turns":3},{"damage":3,"enemies":"downfall:NeowBoss","floor":55,"turns":8},{"damage":0,"enemies":"downfall:NeowBossFinal","floor":56,"turns":6}],"seed_played":"-302093599232893187","potions_obtained":[{"floor":3.0,"key":"bronze:CleanCodePotion"},{"floor":3.0,"key":"Fire Potion"},{"floor":3.0,"key":"SmokeBomb"},{"floor":9.0,"key":"Slimebound:ThreeZeroPotion"},{"floor":12.0,"key":"Elixir"},{"floor":27.0,"key":"LiquidMemories"},{"floor":33.0,"key":"Block Potion"}],"is_trial":false,"path_per_floor":["R","M","?","M","?","$","T","R","M","M","R","E","?","M","M","B",null,"R","M","M","?","M","R","T","E","M","E","M","E","R","$","M","B",null,"R","M","M","$","M","?","T","R","?","E","M","M","T","E","M","B",null,"E","$","R","B","B",null],"character_chosen":"THE_AUTOMATON","items_purchased":["bronze:Boost","Replay:Baseball","ReplayTheSpireMod:Lightbulb","Toolbox","bronze:ItsAFeature","Thread and Needle","Boot","bronze:Terminator","bronze:Repulsor","ClockworkSouvenir","Bag of Marbles","expansioncontent:Chronoboost","bronze:BronzeIdol","OrangePellets","Nunchaku","bronze:FindAndReplace","expansioncontent:QuickStudy"],"campfire_rested":3,"item_purchase_floors":[6,6,6,6,31,31,31,31,38,38,38,38,53,53,53,53,53],"current_hp_per_floor":[63,60,60,59,59,59,59,75,75,67,76,71,50,50,50,31,68,77,77,77,77,74,80,80,80,80,80,80,65,74,74,74,72,78,80,80,79,79,79,69,69,80,70,70,69,69,69,70,70,69,70,74,74,75,72,72],"gold":236,"neow_bonus":"RANDOM_COLORLESS","is_daily":false,"chose_seed":false,"campfire_upgraded":12,"win_rate":0.0,"timestamp":1611615494,"path_taken":["R","M","?","?","?","$","T","R","M","M","R","E","?","?","M","BOSS","R","M","M","?","M","R","T","E","M","E","?","E","R","$","M","BOSS","R","M","M","$","M","?","T","R","?","E","M","M","?","E","M","BOSS","E","$","R","BOSS","BOSS"],"items_purchased_type":["Card","Relic","Relic","Relic","Card","Relic","Relic","Card","Card","Relic","Relic","Card","Relic","Relic","Relic","Card","Card"],"build_version":"2020-12-22","purchased_purges":2,"victory":true,"max_hp_per_floor":[70,70,70,70,70,70,70,80,80,80,80,80,80,80,80,80,80,80,80,80,80,80,80,80,80,80,80,80,80,80,80,80,80,80,80,80,80,80,80,80,80,80,70,70,70,70,70,70,70,70,70,75,75,75,75,75],"relic_stats":{"Torii":0,"counters":[32,79],"Blue Candle":[9],"Dead Branch":[176],"Eternal Feather":53,"PreservedInsect":234,"Whetstone":["bronze:BugBarrage"],"Boot":[2],"OrangePellets":[16],"Nunchaku":[4],"Ornamental Fan":[76],"Tiny Chest":1,"Prayer Wheel":7,"Black Star":7,"Kunai":[16],"obtain_stats":[{"Golden Egg":6,"Replay:Accelerometer":29,"bronze:BronzeCore":0,"Torii":44,"downfall:HeartBlessingGreen":8,"Whetstone":44,"Ancient Tea Set":12,"Boot":31,"Pet Ghost":52,"ClockworkSouvenir":38,"Nunchaku":53,"downfall:BrokenWingStatue":13,"downfall:HeartBlessingBlue":8,"Toolbox":6,"Tiny Chest":27,"Prayer Wheel":29,"Kunai":48,"downfall:ShatteredFragment":13,"downfall:HeartBlessingRed":8,"Blue Candle":12,"Dead Branch":25,"Quantum Egg":25,"Eternal Feather":7,"Thread and Needle":31,"Replay:WaspNest":25,"PreservedInsect":41,"Replay:Arrowhead":0,"bronze:BronzeIdol":53,"bronze:BottledCode":43,"OrangePellets":53,"Replay:Baseball":6,"CaptainsWheel":48,"Ornamental Fan":47,"ChewingGum":17,"Black Star":0,"Bag of Marbles":38,"Durian":52,"ReplayTheSpireMod:Lightbulb":6,"StrikeDummy":24,"bronze:SilverBullet":27,"Abe\u0027s Treasure":34},{"Golden Egg":3,"Replay:Accelerometer":17,"bronze:BronzeCore":0,"Torii":24,"downfall:HeartBlessingGreen":3,"Whetstone":24,"Ancient Tea Set":6,"Boot":18,"Pet Ghost":30,"ClockworkSouvenir":22,"Nunchaku":30,"downfall:BrokenWingStatue":6,"downfall:HeartBlessingBlue":3,"Toolbox":3,"Tiny Chest":15,"Prayer Wheel":17,"Kunai":27,"downfall:ShatteredFragment":6,"downfall:HeartBlessingRed":3,"Blue Candle":6,"Dead Branch":13,"Quantum Egg":13,"Eternal Feather":3,"Thread and Needle":18,"Replay:WaspNest":13,"PreservedInsect":23,"Replay:Arrowhead":0,"bronze:BronzeIdol":30,"bronze:BottledCode":23,"OrangePellets":30,"Replay:Baseball":3,"CaptainsWheel":27,"Ornamental Fan":26,"ChewingGum":9,"Black Star":0,"Bag of Marbles":22,"Durian":30,"ReplayTheSpireMod:Lightbulb":3,"StrikeDummy":12,"bronze:SilverBullet":15,"Abe\u0027s Treasure":20},{"Golden Egg":9,"Replay:Accelerometer":35,"bronze:BronzeCore":0,"Torii":50,"downfall:HeartBlessingGreen":9,"Whetstone":50,"Ancient Tea Set":15,"Boot":38,"Pet Ghost":65,"ClockworkSouvenir":47,"Nunchaku":65,"downfall:BrokenWingStatue":15,"downfall:HeartBlessingBlue":9,"Toolbox":9,"Tiny Chest":32,"Prayer Wheel":35,"Kunai":57,"downfall:ShatteredFragment":15,"downfall:HeartBlessingRed":9,"Blue Candle":15,"Dead Branch":28,"Quantum Egg":28,"Eternal Feather":9,"Thread and Needle":38,"Replay:WaspNest":28,"PreservedInsect":48,"Replay:Arrowhead":0,"bronze:BronzeIdol":65,"bronze:BottledCode":48,"OrangePellets":65,"Replay:Baseball":9,"CaptainsWheel":57,"Ornamental Fan":54,"ChewingGum":21,"Black Star":0,"Bag of Marbles":47,"Durian":65,"ReplayTheSpireMod:Lightbulb":9,"StrikeDummy":27,"bronze:SilverBullet":32,"Abe\u0027s Treasure":44}]},"card_choices":[{"not_picked":["Replay:Sssssssssshield","Replay:Bootleg Shield Generator"],"picked":"Dramatic Entrance","floor":0.0},{"not_picked":["bronze:BitShift","bronze:BuggyMess"],"picked":"bronze:ForLoop","floor":2.0},{"not_picked":["bronze:Frontload","bronze:Deprecate"],"picked":"bronze:Invalidate","floor":4.0},{"not_picked":["bronze:OilSpill","bronze:CloningBeam"],"picked":"bronze:ClassDefault","floor":6.0},{"not_picked":["bronze:Invalidate","bronze:Shield","bronze:NullPointer"],"picked":"SKIP","floor":9.0},{"not_picked":["bronze:Mutator","bronze:Frontload"],"picked":"bronze:BugBarrage","floor":10.0},{"not_picked":["bronze:Terminator","bronze:Frontload"],"picked":"bronze:Verify","floor":12.0},{"not_picked":["bronze:BronzeArmor","bronze:WhirlingStrike"],"picked":"bronze:BugBarrage","floor":14.0},{"not_picked":["bronze:FineTuning","bronze:Allocate","bronze:CloningBeam"],"picked":"SKIP","floor":15.0},{"not_picked":["bronze:ShipIt","bronze:Format"],"picked":"bronze:TinkerersToolbox","floor":16.0},{"not_picked":["bronze:ForceShield+1","bronze:Invalidate"],"picked":"bronze:BugBarrage+1","floor":19.0},{"not_picked":["bronze:Shield","bronze:Allocate+1"],"picked":"bronze:DelayedGuard","floor":20.0},{"not_picked":["bronze:Separator+1","bronze:WhirlingStrike+1","bronze:CutThrough"],"picked":"SKIP","floor":22.0},{"not_picked":["bronze:ClassDefault","bronze:Constructor"],"picked":"bronze:SpaghettiCode","floor":25.0},{"not_picked":["bronze:DelayedGuard","bronze:Shield"],"picked":"bronze:Return+1","floor":26.0},{"not_picked":["bronze:ChosenStrike+1","bronze:DelayedSlice","bronze:OilSpill"],"picked":"SKIP","floor":27.0},{"not_picked":["bronze:Refactor+1","bronze:Backtrace","bronze:Overheat"],"picked":"SKIP","floor":28.0},{"not_picked":["bronze:BugBarrage","bronze:Fortify","bronze:ClassDefault+1"],"picked":"SKIP","floor":29.0},{"not_picked":["bronze:Break","bronze:CutThrough"],"picked":"bronze:BuggyMess","floor":31.0},{"not_picked":["bronze:WildBeam","bronze:FollowUp","bronze:Terminator"],"picked":"SKIP","floor":32.0},{"not_picked":["bronze:Turbo","bronze:Branch","bronze:Return+1"],"picked":"SKIP","floor":32.0},{"not_picked":["bronze:Break","bronze:TinkerersToolbox"],"picked":"bronze:AlphaBuild","floor":33.0},{"not_picked":["bronze:DelayedGuard","bronze:Overheat","bronze:DarkDash+1"],"picked":"SKIP","floor":36.0},{"not_picked":["bronze:Invalidate","bronze:Return","bronze:WildBeam+1"],"picked":"SKIP","floor":36.0},{"not_picked":["bronze:DelayedSlice+1","bronze:FineTuning"],"picked":"bronze:Repair+1","floor":37.0},{"not_picked":["bronze:BuggyMess","bronze:Safeguard+1","bronze:WhirlingStrike+1"],"picked":"SKIP","floor":37.0},{"not_picked":["bronze:Overheat","bronze:Fortify+1"],"picked":"bronze:Philosophize+1","floor":39.0},{"not_picked":["bronze:BitShift","bronze:Backtrace","bronze:DelayedSlice"],"picked":"SKIP","floor":39.0},{"not_picked":["bronze:DigitalCarnage+1","bronze:Repair"],"picked":"bronze:BugBarrage","floor":44},{"not_picked":["bronze:FollowUp+1","bronze:Frontload","bronze:BronzeOrb"],"picked":"SKIP","floor":45},{"not_picked":["bronze:Repair","bronze:Refactor","bronze:Separator"],"picked":"SKIP","floor":45},{"not_picked":["bronze:CutThrough","bronze:OilSpill","bronze:Terminator"],"picked":"SKIP","floor":46},{"not_picked":["bronze:ChosenStrike+1","bronze:Separator+1","bronze:Deprecate"],"picked":"SKIP","floor":46},{"not_picked":["bronze:BitShift","bronze:ForceShield"],"picked":"bronze:Iterate+1","floor":48},{"not_picked":["bronze:Overload","bronze:DarkDash+1","bronze:CutThrough"],"picked":"SKIP","floor":49},{"not_picked":["bronze:Optimize","bronze:Invalidate+1","bronze:ChildClass+1"],"picked":"SKIP","floor":49},{"not_picked":["bronze:Allocate","bronze:Overload"],"picked":"bronze:Boost+1","floor":52}],"player_experience":1111157,"relics_obtained":[{"floor":7.0,"key":"Eternal Feather"},{"floor":12.0,"key":"Ancient Tea Set"},{"floor":12.0,"key":"Blue Candle"},{"floor":24.0,"key":"StrikeDummy"},{"floor":25.0,"key":"Dead Branch"},{"floor":25.0,"key":"Replay:WaspNest"},{"floor":27.0,"key":"bronze:SilverBullet"},{"floor":27.0,"key":"Tiny Chest"},{"floor":29.0,"key":"Replay:Accelerometer"},{"floor":29.0,"key":"Prayer Wheel"},{"floor":41.0,"key":"PreservedInsect"},{"floor":44,"key":"Torii"},{"floor":44,"key":"Whetstone"},{"floor":47,"key":"Ornamental Fan"},{"floor":48,"key":"CaptainsWheel"},{"floor":48,"key":"Kunai"},{"floor":52,"key":"Durian"},{"floor":52,"key":"Pet Ghost"}],"event_choices":[{"damage_healed":0.0,"max_hp_gain":0.0,"max_hp_loss":0.0,"gold_gain":0.0,"event_name":"Lab","player_choice":"Got Potions","floor":3.0,"gold_loss":0.0,"damage_taken":0.0},{"damage_healed":0.0,"max_hp_gain":0.0,"max_hp_loss":0.0,"gold_gain":200.0,"event_name":"Wheel of Change","player_choice":"Gold","floor":21.0,"gold_loss":0.0,"damage_taken":0.0}],"is_beta":false,"boss_relics":[{"not_picked":["Kintsugi","Empty Cage"],"picked":"ChewingGum"},{"not_picked":["Pandora\u0027s Box","Snecko Heart"],"picked":"Abe\u0027s Treasure"}],"items_purged_floors":[6,31],"is_endless":false,"potions_floor_spawned":[4,9,12,15,16,22,25,27,28,33,36,37,45],"ascension_level":6}}