{"host":"uv5ws9rdk87e8i5k","time":1611549139,"event":{"mods":["AchievementEnabler","BaseMod","Colored Map","Minty Spire (QoL Compilation)","StSLib","SuperFastMode","The Necromancer"],"gold_per_floor":[367,542,112,123,142,175,193,206,281,307,307,334,334,350,350,447,447,463,10,20,20,37,37,63,75,87,99,144,169,199,229,241,357,369,399,411,437,449,449],"floor_reached":38,"language":"ENG","playtime":891,"items_purged":["Doubt"],"score":601,"play_id":"9853ebc8-d826-487b-906a-d7c9d026476e","local_time":"20210124223219","is_ascension_mode":true,"campfire_choices":[{"data":"Summon_Undead_Army","floor":11,"key":"SMITH"},{"floor":13,"key":"REST"},{"data":"Summon_Undead_Army","floor":15,"key":"SMITH"},{"data":"Summon_Vampire_Lady","floor":23,"key":"SMITH"},{"data":"Summon_Undead_Army","floor":25,"key":"SMITH"},{"data":"Summon_Undead_Army","floor":27,"key":"SMITH"},{"data":"Shade_Step","floor":32,"key":"SMITH"}],"circlet_count":0,"master_deck":["Strike_W","Strike_W","Strike_W","Strike_W","Defend_W","Defend_W","Defend_W","Defend_W","Negative_Energy_Arrows","Bone_Wall","Parasite","Blood_Whip","Finger_Of_Death","Negative_Energy_Javelin","Flesh_Made_Foul","Necrotic_Claws","Shade_Step+1","Summon_Undead_Army+1","Summon_Undead_Army+1","Shade_Step+1","Summon_Vampire_Lady+1","Spectral_Armor+1","Stop_Heart+1","Summon_Undead_Army+1","Stop_Heart+1","Life_Tap+1","Uncharnel+1","Summon_Undead_Army+1","Hellfire","Hellfire","Bone_Armor+1","Uncharnel+1","Summon_Undead_Army+1","Summon_Vampire_Lady+1","Madness+1","Madness+1"],"relics":["Vampire_Amulet","Lantern","Ancient Tea Set","Art of War","Toxic Egg 2","Incense Burner","PreservedInsect","Black Star","Anchor","Orrery","MawBank","Bag of Preparation","Frozen Egg 2","Juzu Bracelet","Calipers","Velvet Choker"],"acts_visited":["Exordium","TheCity","TheBeyond"],"potions_floor_usage":[6,8,12,18,29,31,33,38],"damage_taken":[{"damage":7,"enemies":"Small Slimes","floor":1,"turns":4},{"damage":9,"enemies":"Jaw Worm","floor":4,"turns":3},{"damage":0,"enemies":"2 Louse","floor":5,"turns":2},{"damage":16,"enemies":"3 Sentries","floor":6,"turns":5},{"damage":18,"enemies":"Large Slime","floor":7,"turns":4},{"damage":10,"enemies":"Exordium Thugs","floor":8,"turns":4},{"damage":25,"enemies":"Gremlin Nob","floor":10,"turns":4},{"damage":15,"enemies":"3 Sentries","floor":12,"turns":5},{"damage":2,"enemies":"Blue Slaver","floor":14,"turns":2},{"damage":30,"enemies":"Hexaghost","floor":16,"turns":8},{"damage":18,"enemies":"2 Thieves","floor":18,"turns":4},{"damage":2,"enemies":"Chosen","floor":20,"turns":4},{"damage":52,"enemies":"Snecko","floor":22,"turns":5},{"damage":11,"enemies":"Slavers","floor":24,"turns":4},{"damage":1,"enemies":"Book of Stabbing","floor":28,"turns":3},{"damage":1,"enemies":"Snake Plant","floor":29,"turns":2},{"damage":9,"enemies":"Chosen and Byrds","floor":30,"turns":3},{"damage":0,"enemies":"Centurion and Healer","floor":31,"turns":5},{"damage":63,"enemies":"Automaton","floor":33,"turns":7},{"damage":6,"enemies":"3 Shapes","floor":35,"turns":3},{"damage":55,"enemies":"3 Darklings","floor":37,"turns":4},{"damage":47,"enemies":"2 Orb Walkers","floor":38,"turns":3}],"seed_played":"6346700312179017282","potions_obtained":[{"floor":1,"key":"Explosive Potion"},{"floor":6,"key":"BlessingOfTheForge"},{"floor":7,"key":"FairyPotion"},{"floor":10,"key":"FearPotion"},{"floor":12,"key":"Fire Potion"},{"floor":24,"key":"SteroidPotion"},{"floor":28,"key":"Fruit Juice"},{"floor":29,"key":"DuplicationPotion"},{"floor":30,"key":"Regen Potion"},{"floor":37,"key":"AttackPotion"}],"is_trial":false,"path_per_floor":["M","?","$","M","M","E","M","M","T","E","R","E","R","M","R","B",null,"M","$","M","?","M","R","E","R","T","R","E","M","M","M","R","B",null,"M","?","M","?"],"character_chosen":"NECROMANCER","items_purchased":["Finger_Of_Death","Lantern","Ancient Tea Set","Stop_Heart+1","Anchor","Summon_Undead_Army","Orrery"],"campfire_rested":1,"item_purchase_floors":[3,3,3,19,19,19,19],"current_hp_per_floor":[70,70,70,63,67,57,43,37,37,14,14,5,27,27,27,22,75,67,67,75,75,34,34,35,35,35,35,36,42,37,59,59,14,80,80,70,35,0,0],"gold":449,"neow_bonus":"TWO_FIFTY_GOLD","is_daily":false,"chose_seed":false,"campfire_upgraded":6,"win_rate":0.0,"timestamp":1611549139,"path_taken":["M","?","$","M","M","E","M","M","T","E","R","E","R","M","R","BOSS","M","$","M","?","M","R","E","R","T","R","E","M","M","M","R","BOSS","M","?","M","?"],"items_purchased_type":["Card","Relic","Relic","Card","Relic","Card","Relic"],"build_version":"2020-12-22","purchased_purges":1,"victory":false,"max_hp_per_floor":[75,75,75,75,75,75,75,75,75,75,75,75,75,75,75,75,75,75,75,75,75,75,75,75,75,75,75,75,80,80,80,80,80,80,80,80,80,80,80],"card_choices":[{"not_picked":["Whirlwind_of_Bones","Violent_Necrosis"],"picked":"Blood_Whip","floor":1},{"not_picked":["Toxic_Smoke_Screen","Strike_from_Beyond"],"picked":"Negative_Energy_Javelin","floor":4},{"not_picked":["Death_March_Dance","Blood_Whip"],"picked":"Flesh_Made_Foul","floor":5},{"not_picked":["Slay_Living","Acid_Javelin"],"picked":"Necrotic_Claws","floor":6},{"not_picked":["Finger_Of_Death","Flesh_Made_Foul"],"picked":"Shade_Step","floor":7},{"not_picked":["Scare","Vampiric_Strike"],"picked":"Summon_Undead_Army","floor":8},{"not_picked":["Bone_Shift+1","Slay_Living"],"picked":"Summon_Undead_Army","floor":10},{"not_picked":["Siphon_Strength+1","Bone_Armor+1"],"picked":"Shade_Step+1","floor":12},{"not_picked":["Scare+1","Shackles_Of_Pain+1","Negative_Energy_Bomb"],"picked":"SKIP","floor":14},{"not_picked":["Blood_Magic","Cloudkill+1"],"picked":"Summon_Vampire_Lady","floor":16},{"not_picked":["Bone_Bullets","Bone_Armor+1"],"picked":"Spectral_Armor+1","floor":18},{"not_picked":["Bone_Armor+1","Bone_Bullets"],"picked":"Stop_Heart+1","floor":19},{"not_picked":["Death_March_Dance","Flesh_Made_Foul+1"],"picked":"Life_Tap+1","floor":19},{"not_picked":["Negative_Energy_Mist+1","Bone_Armor+1"],"picked":"Uncharnel+1","floor":20},{"not_picked":["Bone_Bullets","Death_March_Dance"],"picked":"Hellfire","floor":22},{"not_picked":["Consume_Illness+1","Flesh_Made_Foul+1"],"picked":"Hellfire","floor":24},{"not_picked":["Strike_from_Beyond","Skeleton_Dragon+1","Negative_Energy_Bomb"],"picked":"SKIP","floor":28},{"not_picked":["Negative_Energy_Shield+1","Negative_Energy_Javelin"],"picked":"Bone_Armor+1","floor":29},{"not_picked":["Bones_to_Steel+1","Blood_Shield+1"],"picked":"Uncharnel+1","floor":30},{"not_picked":["Epidemic+1","Negative_Energy_Javelin+1"],"picked":"Summon_Undead_Army+1","floor":31},{"not_picked":["Blood_Wake","Requiem"],"picked":"Summon_Vampire_Lady+1","floor":33},{"not_picked":["Bone_Armory+1","Death_March_Dance","Scare+1"],"picked":"SKIP","floor":35},{"not_picked":["Blood_Whip+1","Toxic_Smoke_Screen+1","Chill_Blood+1"],"picked":"SKIP","floor":37}],"player_experience":256427,"relics_obtained":[{"floor":6,"key":"Art of War"},{"floor":9,"key":"Toxic Egg 2"},{"floor":10,"key":"Incense Burner"},{"floor":12,"key":"PreservedInsect"},{"floor":24,"key":"MawBank"},{"floor":24,"key":"Bag of Preparation"},{"floor":26,"key":"Frozen Egg 2"},{"floor":28,"key":"Juzu Bracelet"},{"floor":28,"key":"Calipers"}],"event_choices":[{"damage_healed":0,"gold_gain":175,"player_choice":"AGREE","damage_taken":0,"max_hp_gain":0,"max_hp_loss":0,"event_name":"Liars Game","floor":2,"gold_loss":0,"cards_obtained":["Doubt"]},{"damage_healed":0,"gold_gain":0,"player_choice":"Read","damage_taken":0,"max_hp_gain":0,"max_hp_loss":0,"event_name":"The Library","floor":21,"gold_loss":0,"cards_obtained":["Summon_Undead_Army"]},{"damage_healed":0,"gold_gain":0,"player_choice":"Embrace Madness","damage_taken":10,"max_hp_gain":0,"max_hp_loss":0,"event_name":"Winding Halls","floor":36,"gold_loss":0,"cards_obtained":["Madness","Madness"]},{"damage_healed":0,"gold_gain":0,"player_choice":"Fight","damage_taken":0,"max_hp_gain":0,"max_hp_loss":0,"event_name":"Mysterious Sphere","floor":38,"gold_loss":0}],"is_beta":false,"boss_relics":[{"not_picked":["Sozu","Coffee Dripper"],"picked":"Black Star"},{"not_picked":["Runic Pyramid","Fusion Hammer"],"picked":"Velvet Choker"}],"items_purged_floors":[3],"is_endless":false,"potions_floor_spawned":[1,6,7,10,12,24,28,29,30,37],"killed_by":"2 Orb Walkers","ascension_level":4}}