{"host":"rc0y5s0pznrxft0n","time":1611618838,"event":{"mods":["BaseMod","Downfall","Hermit","Minty Spire (QoL Compilation)","StSLib"],"gold_per_floor":[99,115,171,321,337,106,174,174,194,221,236,250,250,281,295,395,395,395,407,18,38,51,68,68,68,68,68,102,122,122,137,147,252,252,252,252,85,85,105,121,121,150,163,60,70,70,70,124,143,143],"floor_reached":51,"language":"ENG","playtime":4689,"items_purged":["downfall:Icky","champ:Strike","champ:Defend"],"score":711,"play_id":"28c8d16c-e0f6-4aaa-9c25-576d3eaa4306","local_time":"20210125185358","is_ascension_mode":false,"campfire_choices":[{"data":"champ:Taunt","floor":1.0,"key":"SMITH"},{"floor":13.0,"key":"REST"},{"data":"champ:DefensiveShout","floor":18.0,"key":"SMITH"},{"floor":25.0,"key":"REST"},{"data":"champ:StanceDance","floor":27.0,"key":"SMITH"},{"floor":30.0,"key":"REST"},{"data":"champ:Backstep","floor":35.0,"key":"SMITH"},{"data":"champ:ShieldSlam","floor":47.0,"key":"SMITH"}],"circlet_count":0,"master_deck":["champ:Strike","champ:Defend","champ:Defend","champ:Execute","champ:Taunt+1","champ:TornadoPunch","champ:CalledShot","champ:StanceDance+1","champ:PreciseThrust","champ:ArenaPreparation","champ:DefensiveShout+1","champ:EnGarde","champ:CrookedStrike","champ:IgnorePain","champ:RapidStrikes+1","champ:TripleStrike+1","champ:AdrenalArmor+1","champ:Backstep+1","champ:IronFortress","champ:Devastate+1","champ:Shatter+1","champ:FaceSlap+1","downfall:Icky","champ:ShieldWall","champ:Encircle+1","champ:VampiricStrike+1","expansioncontent:Chronoboost","expansioncontent:GuardianWhirl+1","champ:Circumvent","champ:GutPunch+1","champ:Parry","champ:Haymaker+1","champ:FalseCounter","champ:EndlessRage","champ:ShieldSlam+1","champ:LastStand","champ:Haymaker+1"],"relics":["champ:ChampionCrown","Bag of Preparation","Bottled Lightning","Shuriken","hexamod:CandleOfCauterizing","Molten Egg 2","Philosopher\u0027s Stone","champ:DefensiveTrainingManual","Blue Candle","Toy Ornithopter","Coffee Dripper","Slimebound:PreparedRelic","Potion Belt","Sling","hexamod:Sixitude"],"acts_visited":["Exordium","TheCity","TheBeyond"],"potions_floor_usage":[49,50,50],"damage_taken":[{"damage":10.0,"enemies":"Jaw Worm","floor":2.0,"turns":3.0},{"damage":38.0,"enemies":"Gremlin Nob","floor":3.0,"turns":5.0},{"damage":10.0,"enemies":"2 Louse","floor":5.0,"turns":3.0},{"damage":20.0,"enemies":"downfall:FleeingMerchant","floor":6.0,"turns":4.0},{"damage":21.0,"enemies":"Cultist","floor":9.0,"turns":3.0},{"damage":60.0,"enemies":"Gremlin Nob","floor":10.0,"turns":4.0},{"damage":7.0,"enemies":"Exordium Thugs","floor":11.0,"turns":3.0},{"damage":3.0,"enemies":"Exordium Wildlife","floor":12.0,"turns":3.0},{"damage":30.0,"enemies":"Lagavulin","floor":14.0,"turns":4.0},{"damage":10.0,"enemies":"Large Slime","floor":15.0,"turns":3.0},{"damage":33.0,"enemies":"IC_STATUS_ARCHETYPE","floor":16.0,"turns":5.0},{"damage":3.0,"enemies":"Chosen","floor":19.0,"turns":3.0},{"damage":60.0,"enemies":"downfall:FleeingMerchant","floor":20.0,"turns":4.0},{"damage":10.0,"enemies":"Spheric Guardian","floor":21.0,"turns":4.0},{"damage":15.0,"enemies":"Snecko","floor":22.0,"turns":5.0},{"damage":32.0,"enemies":"Snake Plant","floor":23.0,"turns":3.0},{"damage":44.0,"enemies":"Gremlin Leader","floor":28.0,"turns":3.0},{"damage":5.0,"enemies":"Chosen and Byrds","floor":29.0,"turns":5.0},{"damage":28.0,"enemies":"Shelled Parasite and Fungi","floor":31.0,"turns":3.0},{"damage":35.0,"enemies":"Centurion and Healer","floor":32.0,"turns":3.0},{"damage":23.0,"enemies":"DF_ARCHETYPE_CLAW","floor":33.0,"turns":8.0},{"damage":10.0,"enemies":"downfall:FleeingMerchant","floor":37.0,"turns":4.0},{"damage":10.0,"enemies":"Orb Walker","floor":39.0,"turns":2.0},{"damage":37.0,"enemies":"3 Darklings","floor":40.0,"turns":5.0},{"damage":35.0,"enemies":"Reptomancer","floor":42.0,"turns":4.0},{"damage":25.0,"enemies":"Sphere and 2 Shapes","floor":43.0,"turns":3.0},{"damage":5.0,"enemies":"downfall:FleeingMerchant","floor":44.0,"turns":1.0},{"damage":40.0,"enemies":"Jaw Worm Horde","floor":45.0,"turns":3.0},{"damage":21.0,"enemies":"2 Orb Walkers","floor":48.0,"turns":4.0},{"damage":10,"enemies":"Spire Growth","floor":49,"turns":3},{"damage":60,"enemies":"WA_ARCHETYPE_DIVINITY","floor":50,"turns":9}],"seed_played":"5892490918939680635","potions_obtained":[{"floor":3.0,"key":"CultistPotion"},{"floor":12.0,"key":"champ:UltimateStancePotion"},{"floor":15.0,"key":"PowerPotion"},{"floor":16.0,"key":"champ:CounterPotion"},{"floor":21.0,"key":"Strength Potion"},{"floor":22.0,"key":"champ:TechniquePotion"},{"floor":28.0,"key":"Block Potion"},{"floor":32.0,"key":"Strength Potion"},{"floor":40.0,"key":"champ:OpenerPotion"},{"floor":42.0,"key":"GamblersBrew"},{"floor":45.0,"key":"DuplicationPotion"},{"floor":49,"key":"SkillPotion"}],"is_trial":false,"path_per_floor":["R","M","?","?","M","$","T","T","M","E","M","M","R","E","M","B",null,"R","M","$","M","M","M","T","R","?","R","E","M","R","M","M","B",null,"R","?","$","?","M","M","T","E","M","$","M","$","R","?","M","B",null],"character_chosen":"THE_CHAMP","items_purchased":["champ:ArenaPreparation","champ:DefensiveShout","champ:FanOfKnives","champ:IronFortress","champ:DefensiveTrainingManual","FearPotion","PowerPotion","hexamod:SoulburnPotion","Dexterity Potion","Block Potion","SkillPotion","champ:EndlessRage","Sling"],"campfire_rested":3,"item_purchase_floors":[6,6,6,20,20,20,37,37,37,44,44,44,44],"current_hp_per_floor":[99,99,71,71,71,71,71,71,70,45,43,40,69,64,64,56,99,99,96,86,76,76,59,59,88,88,88,69,69,98,95,90,87,99,99,94,94,94,94,87,87,82,82,82,72,72,72,76,71,61],"gold":143,"neow_bonus":"TEN_PERCENT_HP_BONUS","is_daily":false,"chose_seed":false,"campfire_upgraded":5,"win_rate":0.0,"timestamp":1611618838,"path_taken":["R","M","?","?","M","$","T","?","M","E","M","M","R","E","M","BOSS","R","M","$","M","M","M","T","R","?","R","E","?","R","M","M","BOSS","R","?","$","?","M","M","T","E","M","$","M","?","R","?","M","BOSS"],"items_purchased_type":["Card","Card","Card","Card","Relic","Potion","Potion","Potion","Potion","Potion","Potion","Card","Relic"],"build_version":"2020-12-22","purchased_purges":3,"victory":true,"max_hp_per_floor":[99,99,99,99,99,99,99,99,99,99,99,99,99,99,99,99,99,99,99,99,99,99,99,99,99,99,99,99,99,99,99,99,99,99,99,99,99,99,99,99,99,99,99,99,99,99,99,99,99,99],"card_choices":[{"not_picked":["champ:PerfectedStrike","champ:Backstep"],"picked":"champ:TornadoPunch","floor":2.0},{"not_picked":["champ:FlashCut","champ:Shatter"],"picked":"champ:CalledShot","floor":3.0},{"not_picked":["champ:EndlessRage","champ:Backstep"],"picked":"champ:StanceDance","floor":5.0},{"not_picked":["champ:RecklessLeap","champ:Improvising"],"picked":"champ:PreciseThrust","floor":6.0},{"not_picked":["champ:StanceDance","champ:DefensiveShout"],"picked":"champ:EnGarde","floor":9.0},{"not_picked":["champ:FanOfKnives","champ:AdrenalArmor"],"picked":"champ:CrookedStrike","floor":10.0},{"not_picked":["champ:FalseCounter","champ:FanOfKnives","champ:DefensiveShout"],"picked":"SKIP","floor":11.0},{"not_picked":["champ:CrownThrow","champ:SetATrap"],"picked":"champ:IgnorePain","floor":12.0},{"not_picked":["champ:EnGarde","champ:PerfectedStrike+1"],"picked":"champ:RapidStrikes+1","floor":14.0},{"not_picked":["champ:Circumvent","champ:HeartStrike+1","champ:BerserkersShout"],"picked":"SKIP","floor":15.0},{"not_picked":["champ:StrikeOfGenius","champ:HeavySlash+1"],"picked":"champ:TripleStrike+1","floor":16.0},{"not_picked":["champ:TornadoPunch+1","champ:StanceDance"],"picked":"champ:AdrenalArmor+1","floor":19.0},{"not_picked":["champ:Circumvent","champ:TornadoPunch+1"],"picked":"champ:Backstep","floor":20.0},{"not_picked":["champ:AdrenalArmor+1","champ:Endure"],"picked":"champ:Devastate+1","floor":21.0},{"not_picked":["champ:FancyFootwork","champ:FanOfKnives+1"],"picked":"champ:Shatter+1","floor":22.0},{"not_picked":["champ:HeartStrike+1","champ:DefensiveShout"],"picked":"champ:FaceSlap+1","floor":23.0},{"not_picked":["champ:CrookedStrike+1","champ:PreciseThrust+1"],"picked":"champ:ShieldWall","floor":28.0},{"not_picked":["champ:AdrenalArmor","champ:DefensiveShout"],"picked":"champ:Encircle+1","floor":29.0},{"not_picked":["champ:Parry","champ:ShieldThrow+1","champ:FanOfKnives+1"],"picked":"SKIP","floor":31.0},{"not_picked":["champ:TornadoPunch+1","champ:Circumvent","champ:CrookedStrike+1"],"picked":"SKIP","floor":32.0},{"not_picked":["champ:TripleStrike+1","champ:DancingMaster"],"picked":"champ:VampiricStrike+1","floor":33.0},{"not_picked":["expansioncontent:Hexaburn","expansioncontent:HyperBeam+1"],"picked":"expansioncontent:Chronoboost","floor":36.0},{"not_picked":["expansioncontent:Chronoboost","expansioncontent:Hexaburn"],"picked":"expansioncontent:GuardianWhirl+1","floor":36.0},{"not_picked":["champ:FanOfKnives+1","champ:Devastate+1"],"picked":"champ:Circumvent","floor":37.0},{"not_picked":["champ:RisingSlash+1","champ:DefensiveShout"],"picked":"champ:GutPunch+1","floor":39.0},{"not_picked":["champ:BladeFlurry+1","champ:FaceSlap+1","champ:Shatter+1"],"picked":"SKIP","floor":40.0},{"not_picked":["champ:Circumvent","champ:PreciseThrust+1"],"picked":"champ:Parry","floor":42.0},{"not_picked":["champ:AdrenalArmor","champ:EndlessRage"],"picked":"champ:Haymaker+1","floor":43.0},{"not_picked":["champ:BringItOn","champ:SkillfulDodge+1"],"picked":"champ:FalseCounter","floor":44.0},{"not_picked":["champ:GladiatorStyle","champ:BladeFlurry+1"],"picked":"champ:ShieldSlam","floor":45.0},{"not_picked":["champ:EnragedBash+1","champ:BladeFlurry+1"],"picked":"champ:LastStand","floor":48.0},{"not_picked":["champ:FancyFootwork","champ:Shatter+1"],"picked":"champ:Haymaker+1","floor":49}],"player_experience":834533,"relics_obtained":[{"floor":3.0,"key":"Bag of Preparation"},{"floor":7.0,"key":"Bottled Lightning"},{"floor":8.0,"key":"Shuriken"},{"floor":10.0,"key":"hexamod:CandleOfCauterizing"},{"floor":14.0,"key":"Molten Egg 2"},{"floor":24.0,"key":"Blue Candle"},{"floor":28.0,"key":"Toy Ornithopter"},{"floor":41.0,"key":"Slimebound:PreparedRelic"},{"floor":42.0,"key":"Potion Belt"},{"floor":48.0,"key":"hexamod:Sixitude"}],"event_choices":[{"cards_removed":["champ:FanOfKnives"],"damage_healed":0.0,"max_hp_gain":0.0,"max_hp_loss":0.0,"gold_gain":0.0,"event_name":"Falling","player_choice":"Removed Attack","floor":38.0,"gold_loss":0.0,"damage_taken":0.0},{"damage_healed":0.0,"max_hp_gain":0.0,"max_hp_loss":0.0,"gold_gain":0.0,"event_name":"Mysterious Sphere","player_choice":"Fight","floor":48.0,"gold_loss":0.0,"damage_taken":0.0}],"is_beta":false,"boss_relics":[{"not_picked":["Runic Pyramid","Fusion Hammer"],"picked":"Philosopher\u0027s Stone"},{"not_picked":["Velvet Choker","Astrolabe"],"picked":"Coffee Dripper"}],"items_purged_floors":[6,20,44],"is_endless":false,"potions_floor_spawned":[3,12,15,16,21,22,28,32,40,42,45,49],"ascension_level":0}}