{"host":"fvux6yoihym3ucic","time":1611588590,"event":{"mods":["BaseMod","Curses Come First","Downfall","Energized Spire","Hermit","Infinite Spire","Mimic Mod","Minty Spire (QoL Compilation)","Rare Cards Sparkle","Replay The Spire","Spire Arcade","StSLib","The Cursed"],"gold_per_floor":[115,115,115,40,58,91,91,115,115,115,128,203,237,253,253,253,253],"floor_reached":16,"language":"ENG","playtime":370,"items_purged":["Injury"],"score":135,"play_id":"50b8be7d-93c8-4043-9fd4-39ac7df5d6a1","local_time":"20210125102950","is_ascension_mode":false,"campfire_choices":[{"floor":7,"key":"RECALL"},{"floor":15,"key":"REST"}],"circlet_count":0,"master_deck":["Strike_R","Strike_R","Strike_R","Strike_R","Strike_R","Defend_R","Defend_R","Defend_R","Bash"],"relics":["Burning Blood","NeowsBlessing","Golden Idol","Incense Burner","infinitespire:CursedDice","Oddly Smooth Stone"],"acts_visited":["Exordium"],"potions_floor_usage":[13,13,14],"damage_taken":[{"damage":0,"enemies":"Cultist","floor":1,"turns":1},{"damage":0,"enemies":"Jaw Worm","floor":5,"turns":1},{"damage":0,"enemies":"3 Sentries","floor":6,"turns":1},{"damage":0,"enemies":"Small Slimes","floor":8,"turns":3},{"damage":12,"enemies":"3 Louse","floor":11,"turns":4},{"damage":45,"enemies":"Lagavulin","floor":13,"turns":9},{"damage":21,"enemies":"Exordium Wildlife","floor":14,"turns":7},{"damage":35,"enemies":"Slime Boss","floor":16,"turns":5}],"seed_played":"-2048106379741891165","potions_obtained":[{"floor":5,"key":"Swift Potion"},{"floor":8,"key":"EssenceOfSteel"},{"floor":13,"key":"Weak Potion"}],"is_trial":false,"path_per_floor":["M","?","?","$","M","E","R","M","T","?","M","?","E","M","R","B"],"character_chosen":"IRONCLAD","items_purchased":[],"campfire_rested":1,"item_purchase_floors":[],"current_hp_per_floor":[80,85,85,85,85,85,85,85,85,78,72,61,22,7,32,1,1],"gold":253,"neow_bonus":"THREE_ENEMY_KILL","is_daily":false,"chose_seed":false,"campfire_upgraded":0,"win_rate":0.0,"timestamp":1611588590,"path_taken":["M","?","?","$","M","E","R","M","T","?","M","?","E","M","R","BOSS"],"items_purchased_type":[],"build_version":"2020-12-22","purchased_purges":1,"victory":false,"max_hp_per_floor":[80,85,85,85,85,85,85,85,85,85,85,85,85,85,85,85,85],"card_choices":[{"not_picked":["Defy Death","Sword Boomerang","Feel No Pain"],"picked":"SKIP","floor":1},{"not_picked":["Hemokinesis","Entrench","ReplayTheSpireMod:Limb From Limb"],"picked":"SKIP","floor":5},{"not_picked":["Intimidate","Cleave","Disarm"],"picked":"SKIP","floor":6},{"not_picked":["Twin Strike","Ghostly Armor","Body Slam"],"picked":"SKIP","floor":8},{"not_picked":["Run Through","Bloodletting","Body Slam"],"picked":"SKIP","floor":11},{"not_picked":["Seeing Red","ReplayTheSpireMod:Limb From Limb","Havoc"],"picked":"SKIP","floor":13},{"not_picked":["Blood for Blood","Iron Wave","Pommel Strike"],"picked":"SKIP","floor":14}],"player_experience":25723,"relics_obtained":[{"floor":6,"key":"Incense Burner"},{"floor":9,"key":"infinitespire:CursedDice"},{"floor":13,"key":"Oddly Smooth Stone"}],"event_choices":[{"damage_healed":0,"gold_gain":0,"player_choice":"Donut","damage_taken":0,"max_hp_gain":5,"max_hp_loss":0,"event_name":"Big Fish","floor":2,"gold_loss":0},{"damage_healed":0,"gold_gain":0,"player_choice":"Take Wound","damage_taken":0,"relics_obtained":["Golden Idol"],"max_hp_gain":0,"max_hp_loss":0,"event_name":"Golden Idol","floor":3,"gold_loss":0,"cards_obtained":["Injury"]},{"cards_removed":["Defend_R"],"damage_healed":0,"gold_gain":0,"player_choice":"Card Removal","damage_taken":7,"max_hp_gain":0,"max_hp_loss":0,"event_name":"Golden Wing","floor":10,"gold_loss":0},{"damage_healed":0,"gold_gain":75,"player_choice":"Gather Gold","damage_taken":11,"max_hp_gain":0,"max_hp_loss":0,"event_name":"World of Goop","floor":12,"gold_loss":0}],"is_beta":false,"boss_relics":[],"items_purged_floors":[4],"is_endless":false,"potions_floor_spawned":[5,8,13],"killed_by":"Slime Boss","ascension_level":0}}