{"host":"7ignn9ecrhg4n0rm","time":1611604941,"event":{"mods":["BaseMod","Minty Spire (QoL Compilation)","Relic Stats","StSLib"],"gold_per_floor":[118,20,20,20,95,130,130,145,195,195,224,174,188,517,517,618,618,633,51,70,82,101,101,129,143,215,240,252,252,265,279,279,382,382,393,406,425,266,285,285,315,315,315,247,264,277,294,319,319,319,319,319,63,97,97,97],"floor_reached":55,"language":"ENG","playtime":2661,"items_purged":["Strike_B","Strike_B","Strike_B+1"],"score":1118,"play_id":"c0ba0b58-b4cd-481f-8a35-fd23cdd3edc9","local_time":"20210125120221","is_ascension_mode":true,"campfire_choices":[{"data":"Zap","floor":7,"key":"SMITH"},{"data":"Dualcast","floor":10,"key":"SMITH"},{"data":"Turbo","floor":15,"key":"SMITH"},{"data":"Defragment","floor":32,"key":"SMITH"},{"data":"Fission","floor":40,"key":"SMITH"},{"data":"Consume","floor":42,"key":"SMITH"},{"floor":49,"key":"RECALL"},{"data":"Defragment","floor":52,"key":"SMITH"}],"circlet_count":0,"master_deck":["Defend_B+1","Defend_B+1","Defend_B+1","Defend_B+1","Zap+1","Dualcast+1","FTL+1","Cold Snap","Sweeping Beam+1","Conserve Battery","Sunder","Ball Lightning","Turbo+1","Fission+1","Capacitor+1","Defragment+1","Coolheaded","Go for the Eyes+1","Core Surge","Double Energy+1","Hologram+1","Rainbow","Aggregate+1","Self Repair","Glacier","Consume+1","Reboot","Defragment+1","Redo+1","Echo Form","Glacier+1"],"relics":["Cracked Core","NeowsBlessing","Omamori","Bronze Scales","Darkstone Periapt","Old Coin","Inserter","DataDisk","Cables","Symbiotic Virus","Letter Opener","Kunai","Sozu","Bag of Preparation","Whetstone","Mercury Hourglass","Mummified Hand"],"acts_visited":["Exordium","TheCity","TheBeyond","TheEnding"],"potions_floor_usage":[16,24,24,25,54],"damage_taken":[{"damage":0,"enemies":"Cultist","floor":1,"turns":1},{"damage":0,"enemies":"3 Sentries","floor":6,"turns":1},{"damage":0,"enemies":"Jaw Worm","floor":8,"turns":1},{"damage":21,"enemies":"Gremlin Nob","floor":11,"turns":3},{"damage":0,"enemies":"2 Louse","floor":13,"turns":2},{"damage":18,"enemies":"3 Sentries","floor":14,"turns":4},{"damage":4,"enemies":"Hexaghost","floor":16,"turns":8},{"damage":0,"enemies":"Spheric Guardian","floor":18,"turns":3},{"damage":5,"enemies":"Chosen","floor":20,"turns":3},{"damage":16,"enemies":"Centurion and Healer","floor":21,"turns":6},{"damage":10,"enemies":"Snake Plant","floor":22,"turns":4},{"damage":0,"enemies":"Book of Stabbing","floor":24,"turns":5},{"damage":2,"enemies":"Snecko","floor":25,"turns":4},{"damage":8,"enemies":"Gremlin Leader","floor":27,"turns":6},{"damage":1,"enemies":"Centurion and Healer","floor":28,"turns":6},{"damage":9,"enemies":"Snake Plant","floor":30,"turns":3},{"damage":2,"enemies":"Snecko","floor":31,"turns":4},{"damage":0,"enemies":"Champ","floor":33,"turns":7},{"damage":12,"enemies":"3 Darklings","floor":35,"turns":5},{"damage":0,"enemies":"3 Shapes","floor":36,"turns":4},{"damage":15,"enemies":"3 Darklings","floor":37,"turns":7},{"damage":0,"enemies":"Writhing Mass","floor":39,"turns":6},{"damage":20,"enemies":"Reptomancer","floor":41,"turns":7},{"damage":0,"enemies":"Transient","floor":45,"turns":5},{"damage":0,"enemies":"3 Darklings","floor":46,"turns":3},{"damage":0,"enemies":"4 Shapes","floor":47,"turns":10},{"damage":10,"enemies":"Nemesis","floor":48,"turns":7},{"damage":22,"enemies":"Awakened One","floor":50,"turns":11},{"damage":37,"enemies":"Shield and Spear","floor":54,"turns":5},{"damage":43,"enemies":"The Heart","floor":55,"turns":2}],"seed_played":"4984184485347823257","potions_obtained":[{"floor":11,"key":"Weak Potion"},{"floor":14,"key":"LiquidBronze"},{"floor":16,"key":"Swift Potion"},{"floor":18,"key":"Block Potion"},{"floor":28,"key":"Fire Potion"}],"is_trial":false,"path_per_floor":["M","$","?","$","?","E","R","M","T","R","E","?","M","E","R","B",null,"M","$","M","M","M","?","E","M","T","E","M","?","M","M","R","B",null,"M","M","M","$","M","R","E","R","T","$","M","M","M","E","R","B",null,"R","$","E","B"],"character_chosen":"DEFECT","items_purchased":["Cold Snap","Defragment","DataDisk","Cables","Glacier","Defragment","Mercury Hourglass"],"campfire_rested":0,"item_purchase_floors":[2,19,19,19,38,44,53],"current_hp_per_floor":[68,68,73,73,62,62,62,62,62,62,41,41,41,23,23,19,65,65,65,60,44,34,34,34,32,32,24,23,23,14,12,12,12,63,51,51,36,36,43,43,30,30,30,30,37,44,51,41,41,19,65,65,65,28,0,0],"gold":97,"neow_bonus":"THREE_ENEMY_KILL","is_daily":false,"chose_seed":false,"campfire_upgraded":7,"win_rate":0.0,"timestamp":1611604941,"path_taken":["M","?","?","?","?","E","R","M","T","R","E","?","M","E","R","BOSS","M","$","M","M","M","?","E","M","T","E","M","?","M","M","R","BOSS","M","M","M","$","M","R","E","R","T","$","M","M","M","E","R","BOSS","R","$","E","BOSS"],"items_purchased_type":["Card","Card","Relic","Relic","Card","Card","Relic"],"build_version":"2020-12-22","purchased_purges":3,"victory":false,"max_hp_per_floor":[75,75,80,80,80,80,80,80,80,80,80,80,80,80,80,80,80,80,80,80,80,80,80,80,80,80,80,80,80,80,80,80,80,80,80,80,80,80,80,80,80,80,80,80,80,80,80,80,80,80,80,80,80,80,80,80],"relic_stats":{"Darkstone Periapt":0,"Inserter":[61],"counters":[30,143],"Bag of Preparation":[14],"Letter Opener":[398],"Whetstone":["Sweeping Beam","FTL"],"Cables":[104,40,50,14,0],"Mercury Hourglass":[24],"Sozu":4,"Mummified Hand":[0],"Bronze Scales":[398],"Kunai":[18],"obtain_stats":[{"Darkstone Periapt":11,"Inserter":17,"NeowsBlessing":0,"Omamori":6,"Bag of Preparation":41,"Letter Opener":26,"Whetstone":48,"Old Coin":14,"Cables":19,"Mercury Hourglass":53,"Sozu":34,"DataDisk":19,"Mummified Hand":54,"Bronze Scales":9,"Kunai":27,"Cracked Core":0,"Symbiotic Virus":24},{"Darkstone Periapt":4,"Inserter":7,"NeowsBlessing":0,"Omamori":2,"Bag of Preparation":23,"Letter Opener":13,"Whetstone":27,"Old Coin":6,"Cables":8,"Mercury Hourglass":28,"Sozu":18,"DataDisk":8,"Mummified Hand":29,"Bronze Scales":3,"Kunai":14,"Cracked Core":0,"Symbiotic Virus":12},{"Darkstone Periapt":6,"Inserter":20,"NeowsBlessing":0,"Omamori":2,"Bag of Preparation":100,"Letter Opener":45,"Whetstone":125,"Old Coin":12,"Cables":23,"Mercury Hourglass":136,"Sozu":71,"DataDisk":23,"Mummified Hand":141,"Bronze Scales":3,"Kunai":51,"Cracked Core":0,"Symbiotic Virus":41}]},"card_choices":[{"not_picked":["Leap","Beam Cell"],"picked":"FTL","floor":1},{"not_picked":["Gash","Loop"],"picked":"Sweeping Beam","floor":6},{"not_picked":["Undo","Static Discharge"],"picked":"Conserve Battery","floor":8},{"not_picked":["Coolheaded","Rebound"],"picked":"Sunder","floor":11},{"not_picked":["Force Field","Thunder Strike"],"picked":"Ball Lightning","floor":13},{"not_picked":["Barrage","Storm"],"picked":"Turbo","floor":14},{"not_picked":["All For One","Thunder Strike"],"picked":"Fission","floor":16},{"not_picked":["Scrape","Coolheaded"],"picked":"Capacitor+1","floor":18},{"not_picked":["Rebound","Ball Lightning","Gash+1"],"picked":"SKIP","floor":20},{"not_picked":["Hello World","White Noise+1"],"picked":"Coolheaded","floor":21},{"not_picked":["Rip and Tear","Heatsinks+1"],"picked":"Go for the Eyes+1","floor":22},{"not_picked":["Go for the Eyes","Stack","Conserve Battery"],"picked":"SKIP","floor":24},{"not_picked":["Auto Shields","Go for the Eyes","Sweeping Beam"],"picked":"SKIP","floor":25},{"not_picked":["Turbo","BootSequence"],"picked":"Core Surge","floor":27},{"not_picked":["Go for the Eyes","Skim"],"picked":"Double Energy+1","floor":28},{"not_picked":["Streamline","Conserve Battery+1"],"picked":"Hologram+1","floor":30},{"not_picked":["Undo","Auto Shields","Stack"],"picked":"SKIP","floor":31},{"not_picked":["Amplify","All For One"],"picked":"Rainbow","floor":33},{"not_picked":["Gash+1","Rip and Tear+1"],"picked":"Aggregate+1","floor":35},{"not_picked":["Hello World+1","Turbo","Heatsinks"],"picked":"SKIP","floor":36},{"not_picked":["Leap+1","Ball Lightning+1"],"picked":"Self Repair","floor":37},{"not_picked":["Double Energy","Hologram"],"picked":"Consume","floor":39},{"not_picked":["Storm","Compile Driver+1"],"picked":"Reboot","floor":41},{"not_picked":["Genetic Algorithm","Go for the Eyes+1","Steam+1"],"picked":"SKIP","floor":45},{"not_picked":["Undo+1","Cold Snap+1"],"picked":"Redo+1","floor":46},{"not_picked":["Scrape","Doom and Gloom","Capacitor+1"],"picked":"SKIP","floor":47},{"not_picked":["Beam Cell","Reprogram"],"picked":"Echo Form","floor":48},{"not_picked":["Reprogram+1","Darkness"],"picked":"Glacier+1","floor":54}],"player_experience":239105,"relics_obtained":[{"floor":6,"key":"Omamori"},{"floor":9,"key":"Bronze Scales"},{"floor":11,"key":"Darkstone Periapt"},{"floor":14,"key":"Old Coin"},{"floor":24,"key":"Symbiotic Virus"},{"floor":26,"key":"Letter Opener"},{"floor":27,"key":"Kunai"},{"floor":41,"key":"Bag of Preparation"},{"floor":48,"key":"Whetstone"},{"floor":54,"key":"Mummified Hand"}],"event_choices":[{"damage_healed":0,"gold_gain":0,"player_choice":"Donut","damage_taken":0,"max_hp_gain":5,"max_hp_loss":0,"event_name":"Big Fish","floor":3,"gold_loss":0},{"damage_healed":0,"gold_gain":75,"player_choice":"Gather Gold","damage_taken":11,"max_hp_gain":0,"max_hp_loss":0,"event_name":"World of Goop","floor":5,"gold_loss":0},{"cards_removed":["Strike_B"],"damage_healed":0,"gold_gain":0,"player_choice":"Card Removal","damage_taken":0,"max_hp_gain":0,"max_hp_loss":0,"event_name":"The Cleric","floor":12,"gold_loss":50},{"damage_healed":0,"gold_gain":0,"player_choice":"Simplicity","damage_taken":0,"max_hp_gain":0,"max_hp_loss":0,"event_name":"Back to Basics","floor":23,"gold_loss":0,"cards_upgraded":["Strike_B","Defend_B","Defend_B","Defend_B","Defend_B"]},{"damage_healed":0,"gold_gain":0,"player_choice":"Ignored","damage_taken":0,"max_hp_gain":0,"max_hp_loss":0,"event_name":"Cursed Tome","floor":29,"gold_loss":0}],"is_beta":false,"boss_relics":[{"not_picked":["Calling Bell","Empty Cage"],"picked":"Inserter"},{"not_picked":["Black Star","Pandora\u0027s Box"],"picked":"Sozu"}],"items_purged_floors":[2,19,38],"is_endless":false,"potions_floor_spawned":[11,14,16,18,21,28,35,37,41,47],"killed_by":"The Heart","ascension_level":6}}