{"host":"og6lam4kt3nibbw0","time":1611596048,"event":{"mods":["AchievementEnabler","BaseMod","Colored Map","DeckTracker","Highlight Path","Keyboard Shortcuts","Minty Spire (QoL Compilation)","Permanent Neow","Quick Restart","StSLib","SuperFastMode"],"gold_per_floor":[111,36,55,55,55,55,88,88,114,114,148,30,52,75,75,160,160,181,199,199,210,100,100,128,128,128],"floor_reached":25,"language":"KOR","playtime":1218,"items_purged":["Strike_R"],"score":472,"play_id":"e5222d19-46d4-4859-9c3f-7445dfb66ab7","local_time":"20210126023408","is_ascension_mode":true,"campfire_choices":[{"data":"Wild Strike","floor":6.0,"key":"SMITH"},{"data":"Bash","floor":8.0,"key":"SMITH"},{"data":"Armaments","floor":10.0,"key":"SMITH"},{"data":"Second Wind","floor":15.0,"key":"SMITH"},{"data":"Pommel Strike","floor":23.0,"key":"SMITH"}],"circlet_count":0,"master_deck":["AscendersBane","Strike_R","Strike_R","Defend_R","Defend_R","Defend_R","Defend_R","Bash+1","Wild Strike+1","Shrug It Off","Armaments+1","Second Wind+1","Evolve","Wild Strike+1","Pommel Strike+1","Evolve","Juggernaut","Sentinel","Disarm"],"relics":["Burning Blood","Orichalcum","Magic Flower","CeramicFish","Calipers","SacredBark"],"acts_visited":["Exordium","TheCity"],"potions_floor_usage":[],"damage_taken":[{"damage":0.0,"enemies":"Cultist","floor":1.0,"turns":3.0},{"damage":8.0,"enemies":"Jaw Worm","floor":3.0,"turns":4.0},{"damage":20.0,"enemies":"Gremlin Nob","floor":7.0,"turns":4.0},{"damage":27.0,"enemies":"3 Sentries","floor":11.0,"turns":12.0},{"damage":2.0,"enemies":"2 Louse","floor":13.0,"turns":3.0},{"damage":12.0,"enemies":"Exordium Wildlife","floor":14.0,"turns":5.0},{"damage":13.0,"enemies":"Slime Boss","floor":16.0,"turns":9.0},{"damage":0.0,"enemies":"Chosen","floor":18.0,"turns":5.0},{"damage":23.0,"enemies":"Shell Parasite","floor":19.0,"turns":5.0},{"damage":66.0,"enemies":"3 Cultists","floor":21.0,"turns":7.0},{"damage":47,"enemies":"Shelled Parasite and Fungi","floor":24,"turns":6},{"damage":10,"enemies":"Slavers","floor":25,"turns":1}],"seed_played":"-7647613151979579271","potions_obtained":[{"floor":13.0,"key":"Explosive Potion"},{"floor":14.0,"key":"Weak Potion"},{"floor":16.0,"key":"Dexterity Potion"},{"floor":18.0,"key":"BloodPotion"}],"is_trial":false,"path_per_floor":["M","$","M","?","?","R","E","R","T","R","E","$","M","M","R","B",null,"M","M","$","M","?","R","M","E"],"character_chosen":"IRONCLAD","items_purchased":["Evolve","Wild Strike"],"campfire_rested":0,"item_purchase_floors":[12,12],"current_hp_per_floor":[74,74,72,65,65,65,51,51,51,51,33,33,40,37,37,33,65,74,60,60,48,48,48,10,0,0],"gold":128,"neow_bonus":"RANDOM_COMMON_RELIC","is_daily":false,"chose_seed":false,"campfire_upgraded":5,"win_rate":0.0,"timestamp":1611596048,"path_taken":["M","$","?","?","?","R","E","R","T","R","E","?","M","M","R","BOSS","M","M","?","M","?","R","M","E"],"items_purchased_type":["Card","Card"],"build_version":"2020-12-22","purchased_purges":1,"victory":false,"max_hp_per_floor":[75,75,75,75,75,75,75,75,75,75,75,75,75,75,75,75,75,75,75,75,75,75,75,75,75,75],"card_choices":[{"not_picked":["Sword Boomerang","Flame Barrier"],"picked":"Wild Strike","floor":1.0},{"not_picked":["Sword Boomerang","Twin Strike"],"picked":"Shrug It Off","floor":3.0},{"not_picked":["Second Wind","Dual Wield"],"picked":"Armaments","floor":7.0},{"not_picked":["Sword Boomerang","Warcry"],"picked":"Second Wind","floor":11.0},{"not_picked":["Hemokinesis","Armaments"],"picked":"Pommel Strike","floor":13.0},{"not_picked":["Bloodletting","Clothesline"],"picked":"Evolve","floor":14.0},{"not_picked":["Barricade","Brutality"],"picked":"Juggernaut","floor":16.0},{"not_picked":["Anger","Twin Strike"],"picked":"Sentinel","floor":18.0},{"not_picked":["Searing Blow","Flex","Sentinel"],"picked":"SKIP","floor":19.0},{"not_picked":["Twin Strike","Reckless Charge","Flame Barrier"],"picked":"SKIP","floor":21.0},{"not_picked":["Clash","Sword Boomerang"],"picked":"Disarm","floor":24}],"player_experience":951226,"relics_obtained":[{"floor":7.0,"key":"Magic Flower"},{"floor":9.0,"key":"CeramicFish"},{"floor":11.0,"key":"Calipers"}],"event_choices":[{"cards_removed":["Strike_R"],"damage_healed":0.0,"max_hp_gain":0.0,"max_hp_loss":0.0,"gold_gain":0.0,"event_name":"Golden Wing","player_choice":"Card Removal","floor":4.0,"gold_loss":0.0,"damage_taken":7.0},{"damage_healed":0.0,"max_hp_gain":0.0,"max_hp_loss":0.0,"gold_gain":0.0,"event_name":"The Cleric","player_choice":"Leave","floor":5.0,"gold_loss":0.0,"damage_taken":0.0},{"cards_removed":["Strike_R"],"damage_healed":0.0,"max_hp_gain":0.0,"max_hp_loss":0.0,"gold_gain":0.0,"event_name":"Designer","player_choice":"Upgrade and Remove","floor":22.0,"gold_loss":110.0,"damage_taken":0.0,"cards_upgraded":["Wild Strike"]}],"is_beta":false,"boss_relics":[{"not_picked":["Mark of Pain","Calling Bell"],"picked":"SacredBark"}],"items_purged_floors":[2],"is_endless":false,"potions_floor_spawned":[13,14,16,18,19],"killed_by":"Slavers","ascension_level":20}}