{"host":"a1eatafr7pisesky","time":1611567847,"event":{"mods":["AchievementEnabler","BaseMod","Colored Map","Keyboard Shortcuts","Minty Spire (QoL Compilation)","Say the Spire","StSLib","SuperFastMode","everything is the same but u backflip on backflip"],"gold_per_floor":[109,34,46,46,57,57,82,101,128,128,142,142,156,197,197,303,303,326,163,163,238,17,45,45,85,108,108,108],"floor_reached":27,"language":"KOR","playtime":557,"items_purged":["Defend_P","Defend_P","Strike_P"],"score":412,"play_id":"ecb3f3dc-3a8d-484b-aafa-ee62c6124b0f","local_time":"20210125184407","is_ascension_mode":true,"campfire_choices":[{"data":"Eruption","floor":6.0,"key":"SMITH"},{"floor":15.0,"key":"REST"},{"floor":24.0,"key":"REST"}],"circlet_count":0,"master_deck":["Strike_P","Strike_P","Strike_P","Defend_P","Defend_P","Eruption+1","Vigilance","FearNoEvil","EmptyBody","FlurryOfBlows","BowlingBash","SandsOfTime","ConjureBlade","EmptyFist","MentalFortress","Adaptation","Collect","Scrawl"],"relics":["PureWater","NeowsBlessing","PreservedInsect","Pen Nib","CeramicFish","VioletLotus","Nilry\u0027s Codex","Bottled Lightning","Du-Vu Doll","Happy Flower"],"acts_visited":["Exordium","TheCity"],"potions_floor_usage":[],"damage_taken":[{"damage":0.0,"enemies":"Cultist","floor":1.0,"turns":1.0},{"damage":0.0,"enemies":"Jaw Worm","floor":3.0,"turns":1.0},{"damage":0.0,"enemies":"Small Slimes","floor":5.0,"turns":1.0},{"damage":40.0,"enemies":"3 Sentries","floor":7.0,"turns":8.0},{"damage":5.0,"enemies":"Blue Slaver","floor":8.0,"turns":4.0},{"damage":7.0,"enemies":"Large Slime","floor":11.0,"turns":8.0},{"damage":0.0,"enemies":"Red Slaver","floor":13.0,"turns":2.0},{"damage":3.0,"enemies":"Lagavulin","floor":14.0,"turns":3.0},{"damage":28.0,"enemies":"The Guardian","floor":16.0,"turns":9.0},{"damage":19.0,"enemies":"Spheric Guardian","floor":18.0,"turns":4.0},{"damage":0.0,"enemies":"Gremlin Leader","floor":23.0,"turns":4.0},{"damage":31,"enemies":"Slavers","floor":25,"turns":5},{"damage":0,"enemies":"2 Thieves","floor":27,"turns":1}],"seed_played":"1882560031862848783","potions_obtained":[{"floor":1.0,"key":"FearPotion"},{"floor":5.0,"key":"SkillPotion"},{"floor":7.0,"key":"DistilledChaos"},{"floor":14.0,"key":"Regen Potion"}],"is_trial":false,"path_per_floor":["M","$","M","$","M","R","E","M","T","?","M","?","M","E","R","B",null,"M","$","?","?","$","E","R","E","T","M"],"character_chosen":"WATCHER","items_purchased":["MentalFortress","Adaptation","Collect"],"campfire_rested":2,"item_purchase_floors":[19,22,22],"current_hp_per_floor":[65,65,65,65,65,65,25,20,20,25,18,18,18,15,38,19,63,44,44,28,21,21,21,44,13,13,13,13],"gold":108,"neow_bonus":"THREE_ENEMY_KILL","is_daily":false,"chose_seed":false,"campfire_upgraded":1,"win_rate":0.0,"timestamp":1611567847,"path_taken":["M","$","M","$","?","R","E","M","T","?","M","?","M","E","R","BOSS","M","$","?","?","$","E","R","E","T","M"],"items_purchased_type":["Card","Card","Card"],"build_version":"2020-12-22","purchased_purges":3,"victory":false,"max_hp_per_floor":[72,72,72,72,72,72,72,72,72,77,77,77,77,77,77,77,77,77,77,77,77,77,77,77,77,77,77,77],"card_choices":[{"not_picked":["SignatureMove","BattleHymn"],"picked":"FearNoEvil","floor":1.0},{"not_picked":["Protect","Consecrate"],"picked":"EmptyBody","floor":3.0},{"not_picked":["CutThroughFate","JustLucky","Halt"],"picked":"SKIP","floor":5.0},{"not_picked":["CrushJoints","Collect","ThirdEye"],"picked":"SKIP","floor":7.0},{"not_picked":["CrushJoints","Collect","ThirdEye"],"picked":"SKIP","floor":7.0},{"not_picked":["SashWhip","ThirdEye","FearNoEvil"],"picked":"SKIP","floor":8.0},{"not_picked":["CrushJoints","Crescendo"],"picked":"FlurryOfBlows","floor":11.0},{"not_picked":["InnerPeace","Protect"],"picked":"BowlingBash","floor":13.0},{"not_picked":["Consecrate","Nirvana"],"picked":"SandsOfTime","floor":14.0},{"not_picked":["Wish","Alpha"],"picked":"ConjureBlade","floor":16.0},{"not_picked":["TalkToTheHand","PathToVictory"],"picked":"EmptyFist","floor":18.0},{"not_picked":["EmptyBody","Evaluate","SignatureMove+1"],"picked":"SKIP","floor":23.0},{"not_picked":["InnerPeace","Fasting2+1"],"picked":"Scrawl","floor":25}],"player_experience":348009,"relics_obtained":[{"floor":7.0,"key":"PreservedInsect"},{"floor":9.0,"key":"Pen Nib"},{"floor":14.0,"key":"CeramicFish"},{"floor":20.0,"key":"Nilry\u0027s Codex"},{"floor":23.0,"key":"Bottled Lightning"},{"floor":25,"key":"Du-Vu Doll"},{"floor":26,"key":"Happy Flower"}],"event_choices":[{"damage_healed":0.0,"max_hp_gain":5.0,"max_hp_loss":0.0,"gold_gain":0.0,"event_name":"Big Fish","player_choice":"Donut","floor":10.0,"gold_loss":0.0,"damage_taken":0.0},{"damage_healed":0.0,"max_hp_gain":0.0,"max_hp_loss":0.0,"gold_gain":0.0,"event_name":"Liars Game","player_choice":"Ignored","floor":12.0,"gold_loss":0.0,"damage_taken":0.0},{"damage_healed":0.0,"max_hp_gain":0.0,"max_hp_loss":0.0,"gold_gain":0.0,"event_name":"Cursed Tome","player_choice":"Obtained Book","floor":20.0,"gold_loss":0.0,"damage_taken":16.0},{"damage_healed":0.0,"max_hp_gain":0.0,"max_hp_loss":0.0,"gold_gain":75.0,"event_name":"FaceTrader","player_choice":"Touch","floor":21.0,"gold_loss":0.0,"damage_taken":7.0}],"is_beta":false,"boss_relics":[{"not_picked":["Calling Bell","Philosopher\u0027s Stone"],"picked":"VioletLotus"}],"items_purged_floors":[2,19,22],"is_endless":false,"potions_floor_spawned":[1,5,7,14],"killed_by":"2 Thieves","ascension_level":9}}