{"host":"zi8hgkvmbjur1a9v","time":1611598837,"event":{"mods":["AchievementEnabler","AlwaysNeverKeys","Aspiration","BaseMod","BetterRewards","Colored Map","Colored Powertips","Conspire","Downfall","Energized Spire","Friendly Minions","Hubris","Infinite Spire","Minty Spire (QoL Compilation)","Permanent Neow","Quick Restart","Relic Filter","Replay The Spire","Shop Mod","StSLib"],"gold_per_floor":[24,38,38,98,98,112,159,159,195,252,272,272,272],"floor_reached":11,"language":"ENG","playtime":931,"items_purged":["Amnesia"],"score":76,"play_id":"f8f82537-be19-4e98-baa3-e3bfb9cb005b","local_time":"20210125132037","is_ascension_mode":true,"campfire_choices":[],"circlet_count":0,"master_deck":["Slimebound:Strike_Slimebound","Slimebound:Strike_Slimebound","Slimebound:Strike_Slimebound","Slimebound:Tackle","Slimebound:Defend_Slimebound","Slimebound:Defend_Slimebound","Slimebound:Defend_Slimebound","Slimebound:Defend_Slimebound","Slimebound:Split+1","Slimebound:CorrosiveSpit","Slimebound:DisruptingSlam+1","Slimebound:Repurpose","hubris:Sloth","Slimebound:OneTwoCombo","Pain","Slimebound:GoopTackle","Slimebound:SplitAcid"],"relics":["Philosopher\u0027s Stone","Slimebound:GreedOozeRelic","hubris:Towel","ReplayTheSpireMod:CursedCoin","Replay:Bandana","WarpedTongs"],"acts_visited":["Exordium"],"potions_floor_usage":[],"damage_taken":[{"damage":10.0,"enemies":"Small Slimes","floor":2.0,"turns":3.0},{"damage":13.0,"enemies":"downfall:FleeingMerchant","floor":4.0,"turns":4.0},{"damage":10.0,"enemies":"2 Louse","floor":6.0,"turns":3.0},{"damage":4.0,"enemies":"Jaw Worm","floor":9.0,"turns":3.0},{"damage":19.0,"enemies":"Exordium Thugs","floor":10.0,"turns":3.0},{"damage":9,"enemies":"3 Sentries","floor":11,"turns":2}],"seed_played":"3656643333149737672","potions_obtained":[{"floor":6.0,"key":"Milkshake"}],"is_trial":false,"path_per_floor":["R_BF","M","?","$","?","M","T","?","M","M","E"],"character_chosen":"SLIMEBOUND","items_purchased":["ReplayTheSpireMod:CursedCoin"],"campfire_rested":0,"item_purchase_floors":[4],"current_hp_per_floor":[65,55,55,42,42,32,32,32,28,9,0,0,0],"gold":272,"neow_bonus":"BOSS_RELIC","is_daily":false,"chose_seed":false,"campfire_upgraded":0,"win_rate":0.0,"timestamp":1611598837,"path_taken":["R_BF","M","?","$","?","?","T","?","M","?","E"],"items_purchased_type":["Relic"],"build_version":"2020-12-22","purchased_purges":1,"victory":false,"max_hp_per_floor":[65,65,65,65,65,65,65,65,65,65,65,65,65],"card_choices":[{"not_picked":["Slimebound:ViciousTackle","Slimebound:GoopSpray"],"picked":"Slimebound:DisruptingSlam","floor":2.0},{"not_picked":["Slimebound:LeechingTouch","Slimebound:SlimeSpikes"],"picked":"Slimebound:Repurpose","floor":4.0},{"not_picked":["Slimebound:AcidTongue","Slimebound:SlimeSpikes"],"picked":"Slimebound:OneTwoCombo","floor":6.0},{"not_picked":["Slimebound:Schlurp","Slimebound:FlameTackle"],"picked":"Slimebound:GoopTackle","floor":9.0},{"not_picked":["Slimebound:Schlurp","Slimebound:ItLooksTasty"],"picked":"Slimebound:SplitAcid","floor":10.0}],"player_experience":595969,"relics_obtained":[{"floor":7.0,"key":"Replay:Bandana"}],"event_choices":[{"damage_healed":0.0,"max_hp_gain":0.0,"max_hp_loss":0.0,"gold_gain":0.0,"event_name":"Accursed Blacksmith","player_choice":"Rummage","floor":8.0,"gold_loss":0.0,"damage_taken":0.0,"relics_obtained":["WarpedTongs"],"cards_obtained":["Pain"]}],"is_beta":false,"boss_relics":[],"items_purged_floors":[4],"is_endless":false,"potions_floor_spawned":[6],"killed_by":"3 Sentries","ascension_level":4}}