{"host":"z4nt7tdd4gjrinn7","time":1611548816,"event":{"mods":["100% Spire Juice","BaseMod","Minty Spire (QoL Compilation)","StS++","StSLib","The Hierophant"],"gold_per_floor":[115,190,203,203,218,245,245,102,102,118,128,128,128,51,51,149,149,169,186,41,41,41,59,59,34,34,34,110,110,124,134,134,134,134],"floor_reached":33,"language":"ENG","playtime":6508,"items_purged":[],"score":245,"play_id":"893cf959-3c2c-4656-8674-9554370a1494","local_time":"20210124232656","is_ascension_mode":false,"campfire_choices":[{"floor":7.0,"key":"REST"},{"floor":12.0,"key":"REST"},{"data":"Static Discharge","floor":15.0,"key":"SMITH"},{"floor":27,"key":"REST"},{"floor":32,"key":"REST"}],"circlet_count":0,"master_deck":["Strike_B","Strike_B","Strike_B","Strike_B","Defend_B","Defend_B","Defend_B","Defend_B","Zap","Dualcast","Gash","Doom and Gloom","Sweeping Beam","Amplify","Beam Cell","StSpp:Channeliser","Static Discharge+1","Echo Form","StSpp:Fierceness+1","Chill+1","Barrage","Stack","Conserve Battery+1","BootSequence+1"],"relics":["Cracked Core","Smiling Mask","HornCleat","Omamori","Sling","Mummified Hand","Black Star","Happy Flower","Ornamental Fan","Toxic Egg 2"],"acts_visited":["Exordium","TheCity"],"potions_floor_usage":[23,31,31,31],"damage_taken":[{"damage":3.0,"enemies":"Jaw Worm","floor":1.0,"turns":3.0},{"damage":6.0,"enemies":"Cultist","floor":3.0,"turns":3.0},{"damage":0.0,"enemies":"Small Slimes","floor":5.0,"turns":2.0},{"damage":17.0,"enemies":"Lagavulin","floor":6.0,"turns":5.0},{"damage":1.0,"enemies":"Exordium Wildlife","floor":10.0,"turns":2.0},{"damage":2.0,"enemies":"2 Fungi Beasts","floor":11.0,"turns":3.0},{"damage":45.0,"enemies":"The Guardian","floor":16.0,"turns":9.0},{"damage":18,"enemies":"3 Byrds","floor":18,"turns":4},{"damage":20,"enemies":"Chosen","floor":19,"turns":3},{"damage":19,"enemies":"Shelled Parasite and Fungi","floor":23,"turns":5},{"damage":21,"enemies":"Cultist and Chosen","floor":30,"turns":6},{"damage":15,"enemies":"Snake Plant","floor":31,"turns":4},{"damage":42,"enemies":"Champ","floor":33,"turns":7}],"seed_played":"4155274785448702775","potions_obtained":[{"floor":5.0,"key":"SpeedPotion"},{"floor":6.0,"key":"Explosive Potion"},{"floor":16.0,"key":"SkillPotion"},{"floor":18,"key":"Fire Potion"},{"floor":19,"key":"EssenceOfSteel"},{"floor":30,"key":"EssenceOfSteel"}],"is_trial":false,"path_per_floor":["M","?","M","T","M","E","R","$","T","M","M","R","$","$","R","B",null,"M","M","$","?","$","M","?","$","T","R","T","?","M","M","R","B"],"character_chosen":"DEFECT","items_purchased":["Sling","Static Discharge","Happy Flower","Stack"],"campfire_rested":4,"item_purchase_floors":[8,14,20,25],"current_hp_per_floor":[72,65,59,59,59,42,64,64,64,63,61,75,75,75,75,30,75,57,37,37,37,37,18,18,18,18,40,40,40,19,4,26,0,0],"gold":134,"neow_bonus":"RANDOM_COMMON_RELIC","is_daily":false,"chose_seed":false,"campfire_upgraded":1,"win_rate":0.0,"timestamp":1611548816,"path_taken":["M","?","?","?","M","E","R","$","T","M","?","R","?","$","R","BOSS","M","M","$","?","$","M","?","$","T","R","?","?","M","M","R","BOSS"],"items_purchased_type":["Relic","Card","Relic","Card"],"build_version":"2020-12-22","purchased_purges":0,"victory":false,"max_hp_per_floor":[75,75,75,75,75,75,75,75,75,75,75,75,75,75,75,75,75,75,75,75,75,75,75,75,75,75,75,75,75,75,75,75,75,75],"card_choices":[{"not_picked":["Ball Lightning","Go for the Eyes"],"picked":"Gash","floor":1.0},{"not_picked":["White Noise","Leap"],"picked":"Doom and Gloom","floor":3.0},{"not_picked":["Reprogram","Streamline"],"picked":"Sweeping Beam","floor":5.0},{"not_picked":["Glacier","Barrage"],"picked":"Amplify","floor":6.0},{"not_picked":["Ball Lightning","Turbo"],"picked":"Beam Cell","floor":10.0},{"not_picked":["Steam","Hologram"],"picked":"StSpp:Channeliser","floor":11.0},{"not_picked":["StSpp:CopyPaste","Amplify"],"picked":"Echo Form","floor":16.0},{"not_picked":["Barrage","Force Field+1"],"picked":"StSpp:Fierceness+1","floor":18},{"not_picked":["Turbo+1","Barrage"],"picked":"Chill+1","floor":19},{"not_picked":["Steam+1","Streamline"],"picked":"Barrage","floor":23},{"not_picked":["Rip and Tear","Heatsinks"],"picked":"Conserve Battery+1","floor":30},{"not_picked":["Chaos+1","Cold Snap"],"picked":"BootSequence+1","floor":31}],"player_experience":159478,"relics_obtained":[{"floor":4.0,"key":"HornCleat"},{"floor":6.0,"key":"Omamori"},{"floor":9.0,"key":"Mummified Hand"},{"floor":26,"key":"Ornamental Fan"},{"floor":28,"key":"Toxic Egg 2"}],"event_choices":[{"damage_healed":0.0,"max_hp_gain":0.0,"max_hp_loss":0.0,"gold_gain":75.0,"event_name":"FaceTrader","player_choice":"Touch","floor":2.0,"gold_loss":0.0,"damage_taken":7.0},{"damage_healed":0,"gold_gain":0,"player_choice":"Ignored","damage_taken":0,"max_hp_gain":0,"max_hp_loss":0,"event_name":"Cursed Tome","floor":21,"gold_loss":0},{"damage_healed":0,"gold_gain":0,"player_choice":"Ignored","damage_taken":0,"max_hp_gain":0,"max_hp_loss":0,"event_name":"Vampires","floor":29,"gold_loss":0}],"is_beta":false,"boss_relics":[{"not_picked":["Astrolabe","StSpp:FireArrow"],"picked":"Black Star"}],"items_purged_floors":[],"is_endless":false,"potions_floor_spawned":[5,6,16,18,19,30],"killed_by":"Champ","ascension_level":0}}