{"host":"by9nexv7bw8pfn7u","time":1611598191,"event":{"mods":["BaseMod","Colored Powertips","Downfall","GifTheSpireLib","Minty Spire (QoL Compilation)","Random Character Button","StSLib","Unceasing Turn Reminder"],"gold_per_floor":[99,117,117,129,36,36,82,104,145,173,206,206,217,245,265,265,265,265],"floor_reached":16,"language":"ENG","playtime":756,"items_purged":[],"score":128,"play_id":"70e55c77-b192-49df-8e9d-7d9cc611667c","local_time":"20210125190951","is_ascension_mode":true,"campfire_choices":[{"floor":1,"key":"RECALL"},{"floor":12,"key":"REST"}],"circlet_count":0,"master_deck":["hexamod:Strike+1","hexamod:Strike+1","hexamod:Strike+1","hexamod:Strike+1","hexamod:Defend+1","hexamod:Defend+1","hexamod:Defend+1","hexamod:Defend","hexamod:Sear","hexamod:Float+1","hexamod:SixthSeal","hexamod:FastForward+1","hexamod:BurningTouch+1","hexamod:TimeWarp","hexamod:SecondSeal","hexamod:FastForward+1","hexamod:SwordOfDarkness","hexamod:ThermalTransfer"],"relics":["hexamod:SpiritBrand","Juzu Bracelet","Boot","Strawberry","Gambling Chip"],"acts_visited":["Exordium"],"potions_floor_usage":[16,16,16],"damage_taken":[{"damage":6,"enemies":"Jaw Worm","floor":2,"turns":5},{"damage":0,"enemies":"Small Slimes","floor":4,"turns":4},{"damage":0,"enemies":"downfall:FleeingMerchant","floor":5,"turns":4},{"damage":6,"enemies":"Cultist","floor":8,"turns":3},{"damage":27,"enemies":"Gremlin Nob","floor":9,"turns":4},{"damage":0,"enemies":"Exordium Wildlife","floor":10,"turns":3},{"damage":9,"enemies":"Lagavulin","floor":11,"turns":5},{"damage":6,"enemies":"Large Slime","floor":13,"turns":5},{"damage":12,"enemies":"3 Sentries","floor":14,"turns":6},{"damage":8,"enemies":"Red Slaver","floor":15,"turns":3},{"damage":17,"enemies":"IC_STATUS_ARCHETYPE","floor":16,"turns":6}],"seed_played":"7242388284481618685","potions_obtained":[{"floor":4,"key":"Swift Potion"},{"floor":9,"key":"Swift Potion"},{"floor":11,"key":"sneckomod:MuddlingPotion"}],"is_trial":false,"path_per_floor":["R","M","?","M","$","?","T","M","E","M","E","R","M","E","M","B"],"character_chosen":"THE_SPIRIT","items_purchased":["hexamod:SecondSeal"],"campfire_rested":1,"item_purchase_floors":[5],"current_hp_per_floor":[63,57,57,57,57,57,57,51,24,24,22,43,37,25,17,0,0,0],"gold":265,"neow_bonus":"THREE_RARE_CARDS","is_daily":false,"chose_seed":false,"campfire_upgraded":0,"win_rate":0.0,"timestamp":1611598191,"path_taken":["R","M","?","M","$","?","T","M","E","M","E","R","M","E","M","BOSS"],"items_purchased_type":["Card"],"build_version":"2020-12-22","purchased_purges":0,"victory":false,"max_hp_per_floor":[63,63,63,63,63,63,63,63,63,63,70,70,70,70,70,70,70,70],"card_choices":[{"not_picked":["hexamod:ParanormalForm","hexamod:VolcanoVisage"],"picked":"hexamod:SixthSeal","floor":0},{"not_picked":["hexamod:InspiringFlames","hexamod:SpectersWail"],"picked":"hexamod:FastForward","floor":2},{"not_picked":["hexamod:FlamesFromBeyond","hexamod:HeatMetal"],"picked":"hexamod:BurningTouch","floor":4},{"not_picked":["hexamod:NightmareGuise","hexamod:NightmareStrike"],"picked":"hexamod:TimeWarp","floor":5},{"not_picked":["hexamod:HeatShield","hexamod:GhostLash","hexamod:GhostShield"],"picked":"SKIP","floor":8},{"not_picked":["hexamod:GhostLash","hexamod:SpectralAdrenaline"],"picked":"hexamod:FastForward","floor":9},{"not_picked":["hexamod:RainOfEmbers","hexamod:ShieldOfDarkness"],"picked":"hexamod:SwordOfDarkness","floor":10},{"not_picked":["hexamod:InspiringFlames","hexamod:GhostflameBarrier"],"picked":"hexamod:ThermalTransfer","floor":11},{"not_picked":["hexamod:SoulSteal","hexamod:Rewind","hexamod:PhantomFireball"],"picked":"SKIP","floor":13},{"not_picked":["hexamod:GhostOfSpireFuture","hexamod:DynamicBlow","hexamod:SpectersWail"],"picked":"SKIP","floor":14},{"not_picked":["hexamod:InspiringFlames","hexamod:PhantomCloak","hexamod:GhostShield"],"picked":"SKIP","floor":15}],"player_experience":1061148,"relics_obtained":[{"floor":7,"key":"Juzu Bracelet"},{"floor":9,"key":"Boot"},{"floor":11,"key":"Strawberry"},{"floor":14,"key":"Gambling Chip"}],"event_choices":[{"cards_removed":["downfall:Malfunctioning"],"damage_healed":0,"gold_gain":0,"player_choice":"Card Removal","damage_taken":0,"max_hp_gain":0,"max_hp_loss":0,"event_name":"The Cleric","floor":6,"gold_loss":0}],"is_beta":false,"boss_relics":[],"items_purged_floors":[],"is_endless":false,"potions_floor_spawned":[4,9,11,13,14],"killed_by":"IC_STATUS_ARCHETYPE","ascension_level":1}}