{"host":"Arthrogeddon","time":1611585413,"event":{"mods":["BaseMod","Beaked The Cultist","ChefMod","Downfall","Glutton Mod","Hermit","Highlight Path","Infinite Spire","Mad Scientist","Minty Spire (QoL Compilation)","StSLib","The Construct","The Cursed","The Disciple","The Hierophant","The Marked","The Mystic","The Necromancer","The Runesmith","The Witch"],"gold_per_floor":[119,69,87,87,104,104,129,129,129,145,41,41,61,71,71,173,173,189,189,189,189,204,204,204,204],"floor_reached":24,"language":"ENG","playtime":2927,"items_purged":[],"score":246,"play_id":"4a1213c2-403f-44f3-be90-80eaf816bd2a","local_time":"20210125153653","is_ascension_mode":false,"campfire_choices":[{"data":"Runesmith:Fortify","floor":6.0,"key":"SMITH"},{"data":"Runesmith:HammerThrow","floor":8.0,"key":"SMITH"},{"data":"Runesmith:Permafrost","floor":12.0,"key":"SMITH"},{"floor":15.0,"key":"REST"},{"data":"Runesmith:Grindstone","floor":23,"key":"SMITH"}],"circlet_count":0,"master_deck":["Runesmith:Strike_RS","Runesmith:Strike_RS","Runesmith:Defend_RS","Runesmith:Defend_RS","Runesmith:Defend_RS","Runesmith:CraftFirestone","Runesmith:Fortify+1","Runesmith:HammerThrow+1","Runesmith:RunicBlueprint","Runesmith:HammerThrow","Runesmith:Permafrost+1","Runesmith:ShiftingStrike","Runesmith:CraftProtectio","Runesmith:Grindstone+1","Runesmith:GrandSlam","Runesmith:Fortify","Runesmith:CraftMedicinae","Runesmith:Repurpose","Runesmith:Firestorm","Discovery","Runesmith:CraftIncendium"],"relics":["Runesmith:BrokenRuby","infinitespire:CheckeredPen","Bronze Scales","Empty Cage"],"acts_visited":["Exordium","TheCity"],"potions_floor_usage":[22],"damage_taken":[{"damage":0.0,"enemies":"Small Slimes","floor":1.0,"turns":3.0},{"damage":0.0,"enemies":"2 Louse","floor":3.0,"turns":3.0},{"damage":0.0,"enemies":"Jaw Worm","floor":5.0,"turns":5.0},{"damage":29.0,"enemies":"3 Sentries","floor":7.0,"turns":9.0},{"damage":0.0,"enemies":"Red Slaver","floor":10.0,"turns":3.0},{"damage":6.0,"enemies":"2 Fungi Beasts","floor":13.0,"turns":4.0},{"damage":0.0,"enemies":"Large Slime","floor":14.0,"turns":4.0},{"damage":0.0,"enemies":"Slime Boss","floor":16.0,"turns":6.0},{"damage":9.0,"enemies":"3 Byrds","floor":18.0,"turns":4.0},{"damage":31,"enemies":"2 Thieves","floor":22,"turns":4},{"damage":50,"enemies":"3 Cultists","floor":24,"turns":4}],"seed_played":"3534069858322734217","potions_obtained":[{"floor":3.0,"key":"hexamod:SoulburnPotion"},{"floor":7.0,"key":"champ:CounterPotion"},{"floor":10.0,"key":"hexamod:SoulburnPotion"}],"is_trial":false,"path_per_floor":["M","?","M","?","M","R","E","R","T","M","$","R","M","M","R","B",null,"M","?","?","?","M","R","M"],"character_chosen":"RUNESMITH_CLASS","items_purchased":["Runesmith:Permafrost","Runesmith:ShiftingStrike"],"campfire_rested":1,"item_purchase_floors":[11,11],"current_hp_per_floor":[77,77,77,82,82,82,53,53,53,53,53,53,47,47,71,71,82,73,73,73,73,42,42,0,0],"gold":204,"neow_bonus":"TEN_PERCENT_HP_BONUS","is_daily":false,"chose_seed":false,"campfire_upgraded":4,"win_rate":0.0,"timestamp":1611585413,"path_taken":["M","?","M","?","M","R","E","R","T","M","?","R","?","M","R","BOSS","M","?","?","?","?","R","M"],"items_purchased_type":["Card","Card"],"build_version":"2020-11-17","purchased_purges":0,"victory":false,"max_hp_per_floor":[77,77,77,82,82,82,82,82,82,82,82,82,82,82,82,82,82,82,82,82,82,82,82,82,82],"card_choices":[{"not_picked":["Runesmith:GoWithTheFlow","Runesmith:Overpower"],"picked":"Runesmith:HammerThrow","floor":1.0},{"not_picked":["Runesmith:ElementalConversion","Runesmith:OneForEveryone"],"picked":"Runesmith:RunicBlueprint","floor":3.0},{"not_picked":["Runesmith:HeatExchange","Runesmith:Overpower","Runesmith:Accelerate"],"picked":"SKIP","floor":5.0},{"not_picked":["Runesmith:GenerateForcefield","Runesmith:UnstableHammer","Runesmith:Discharge"],"picked":"SKIP","floor":7.0},{"not_picked":["Runesmith:CraftSpiculum","Runesmith:CraftMagma"],"picked":"Runesmith:HammerThrow","floor":10.0},{"not_picked":["Runesmith:ShiftingStrike","Runesmith:UnstableHammer"],"picked":"Runesmith:CraftProtectio","floor":13.0},{"not_picked":["Runesmith:CraftProtectio","Runesmith:OneForEveryone"],"picked":"Runesmith:Grindstone","floor":14.0},{"not_picked":["Runesmith:Duplicate","Runesmith:ReplicatingBarrier"],"picked":"Runesmith:GrandSlam","floor":16.0},{"not_picked":["Runesmith:HammerAndChisel","Runesmith:Firewall","Runesmith:HeatExchange+1"],"picked":"SKIP","floor":18.0},{"not_picked":["Runesmith:HammerThrow","Runesmith:MakeshiftArmor+1"],"picked":"Runesmith:CraftIncendium","floor":22}],"player_experience":10721,"relics_obtained":[{"floor":7.0,"key":"infinitespire:CheckeredPen"},{"floor":9.0,"key":"Bronze Scales"}],"event_choices":[{"cards_removed":["Runesmith:Strike_RS"],"damage_healed":0.0,"max_hp_gain":0.0,"max_hp_loss":0.0,"gold_gain":0.0,"event_name":"The Cleric","player_choice":"Card Removal","floor":2.0,"gold_loss":50.0,"damage_taken":0.0},{"damage_healed":0.0,"max_hp_gain":5.0,"max_hp_loss":0.0,"gold_gain":0.0,"event_name":"Big Fish","player_choice":"Donut","floor":4.0,"gold_loss":0.0,"damage_taken":0.0},{"damage_healed":0.0,"max_hp_gain":0.0,"max_hp_loss":0.0,"gold_gain":0.0,"event_name":"Ghosts","player_choice":"Ignored","floor":20.0,"gold_loss":0.0,"damage_taken":0.0},{"damage_healed":0,"gold_gain":0,"player_choice":"5 cards matched","damage_taken":0,"max_hp_gain":0,"max_hp_loss":0,"event_name":"Match and Keep!","floor":21,"gold_loss":0,"cards_obtained":["Runesmith:Fortify","Runesmith:CraftMedicinae","Runesmith:Repurpose","Runesmith:Firestorm","Discovery"]}],"is_beta":true,"boss_relics":[{"not_picked":["SlaversCollar","Astrolabe"],"picked":"Empty Cage"}],"items_purged_floors":[],"is_endless":false,"potions_floor_spawned":[3,7,10,13],"killed_by":"3 Cultists","ascension_level":0}}