{"host":"yjeq27nqd9iczda7","time":1611544624,"event":{"mods":["Arknights The Spire","BaseMod","Colored Map","Colored Powertips","GifTheSpireLib","Minty Spire (QoL Compilation)","Prisma Mod","StSLib","The Alterego","The Poker Player","Waifu the Spire"],"gold_per_floor":[111,111,111,125,137,137,153,153,180,150,164,191,191,261,261,357,357,327,327,311,40,10,10],"floor_reached":22,"language":"KOR","playtime":2227,"items_purged":[],"score":207,"play_id":"445ecaf7-bb6a-4507-8845-aa2c69bd8fc2","local_time":"20210125121704","is_ascension_mode":false,"campfire_choices":[{"floor":6,"key":"REST"},{"floor":8,"key":"RECALL"},{"floor":13,"key":"REST"},{"floor":15,"key":"REST"}],"circlet_count":0,"master_deck":["alterego_mod:Strike","alterego_mod:Strike","alterego_mod:Defend","alterego_mod:Defend","alterego_mod:Defend","alterego_mod:Impale+1","alterego_mod:BigMeatyClaws+1","alterego_mod:BrynhildrsRune+1","alterego_mod:1TonWallop","alterego_mod:Skirt","alterego_mod:Pet","alterego_mod:Punishment","alterego_mod:TrashNCrash","alterego_mod:Santa","alterego_mod:ClassAdvantage","alterego_mod:Cooking+1","alterego_mod:Bounce+1","alterego_mod:InsideBaseball+1","alterego_mod:BreastValley+1","J.A.X.","alterego_mod:Birthday","alterego_mod:Complex"],"relics":["alterego_mod:MasochisticConstitution","Nunchaku","Astrolabe","Frozen Egg 2"],"acts_visited":["Exordium","TheCity"],"potions_floor_usage":[12,16,16,16],"damage_taken":[{"damage":17,"enemies":"Small Slimes","floor":1,"turns":4},{"damage":11,"enemies":"2 Louse","floor":4,"turns":2},{"damage":10,"enemies":"Cultist","floor":5,"turns":4},{"damage":12,"enemies":"3 Louse","floor":7,"turns":3},{"damage":11,"enemies":"Red Slaver","floor":11,"turns":7},{"damage":30,"enemies":"Lagavulin","floor":12,"turns":6},{"damage":63,"enemies":"Hexaghost","floor":16,"turns":18},{"damage":11,"enemies":"Chosen","floor":18,"turns":3},{"damage":61,"enemies":"3 Byrds","floor":20,"turns":6},{"damage":36,"enemies":"Centurion and Healer","floor":22,"turns":5}],"seed_played":"-4664142091401069044","potions_obtained":[{"floor":7,"key":"SteroidPotion"},{"floor":10,"key":"EssenceOfSteel"},{"floor":10,"key":"Fruit Juice"},{"floor":12,"key":"PowerPotion"}],"is_trial":false,"path_per_floor":["M","?","?","M","M","R","M","R","T","?","M","E","R","?","R","B",null,"M","?","M","$","M"],"character_chosen":"The_Alterego","items_purchased":["Frozen Egg 2","alterego_mod:Complex"],"campfire_rested":3,"item_purchase_floors":[21,21],"current_hp_per_floor":[61,45,45,35,26,50,39,39,39,39,36,12,38,38,64,2,89,79,79,30,30,0,0],"gold":10,"neow_bonus":"TEN_PERCENT_HP_BONUS","is_daily":false,"chose_seed":false,"campfire_upgraded":0,"win_rate":0.0,"timestamp":1611544624,"path_taken":["M","?","?","?","M","R","M","R","T","?","?","E","R","?","R","BOSS","M","?","M","$","M"],"items_purchased_type":["Relic","Card"],"build_version":"2020-12-22","purchased_purges":0,"victory":false,"max_hp_per_floor":[78,78,78,79,80,80,81,81,81,81,82,88,88,88,88,89,89,90,90,91,91,91,91],"card_choices":[{"not_picked":["alterego_mod:DiscoLights","alterego_mod:Mirror"],"picked":"alterego_mod:1TonWallop","floor":1},{"not_picked":["alterego_mod:Table","alterego_mod:HighServant"],"picked":"alterego_mod:Skirt","floor":4},{"not_picked":["alterego_mod:BusterCard","alterego_mod:Valentines"],"picked":"alterego_mod:Pet","floor":5},{"not_picked":["alterego_mod:GoddessCore","alterego_mod:DeftHands"],"picked":"alterego_mod:Punishment","floor":7},{"not_picked":["alterego_mod:Punishment","alterego_mod:Rip"],"picked":"alterego_mod:TrashNCrash","floor":11},{"not_picked":["alterego_mod:Punishment","alterego_mod:Maid"],"picked":"alterego_mod:Santa","floor":12},{"not_picked":["alterego_mod:BrynhildrRomantia","alterego_mod:IdEs"],"picked":"alterego_mod:ClassAdvantage","floor":16},{"not_picked":["alterego_mod:Rip","alterego_mod:PerceptionDisorder"],"picked":"alterego_mod:BreastValley+1","floor":18},{"not_picked":["alterego_mod:Punishment","alterego_mod:Support"],"picked":"alterego_mod:Birthday","floor":20}],"player_experience":38148,"relics_obtained":[{"floor":12,"key":"Nunchaku"}],"event_choices":[{"damage_healed":0,"gold_gain":0,"player_choice":"Entered Light","damage_taken":16,"max_hp_gain":0,"max_hp_loss":0,"event_name":"Shining Light","floor":2,"gold_loss":0,"cards_upgraded":["alterego_mod:BrynhildrsRune","alterego_mod:Impale"]},{"damage_healed":0,"gold_gain":0,"player_choice":"Forge","damage_taken":0,"max_hp_gain":0,"max_hp_loss":0,"event_name":"Accursed Blacksmith","floor":3,"gold_loss":0,"cards_upgraded":["alterego_mod:BigMeatyClaws"]},{"damage_healed":0,"gold_gain":0,"player_choice":"Bought 2 Potions","damage_taken":0,"max_hp_gain":0,"max_hp_loss":0,"event_name":"The Woman in Blue","floor":10,"gold_loss":0},{"damage_healed":0,"gold_gain":70,"player_choice":"Gained Gold","damage_taken":0,"max_hp_gain":0,"max_hp_loss":0,"event_name":"Golden Wing","floor":14,"gold_loss":0},{"damage_healed":0,"gold_gain":0,"player_choice":"Obtain J.A.X.","damage_taken":0,"max_hp_gain":0,"max_hp_loss":0,"event_name":"Drug Dealer","floor":19,"gold_loss":0,"cards_obtained":["J.A.X."]}],"is_beta":false,"boss_relics":[{"not_picked":["Runic Dome","Empty Cage"],"picked":"Astrolabe"}],"items_purged_floors":[],"is_endless":false,"potions_floor_spawned":[7,12],"killed_by":"Centurion and Healer","ascension_level":0}}