{"host":"8dhn6p16jorj0i1s","time":1611610978,"event":{"mods":["AchievementEnabler","BaseMod","Colored Map","DeckTracker","Highlight Path","Minty Spire (QoL Compilation)","Permanent Neow","Quick Restart"],"gold_per_floor":[109,129,141,157,170,170,205,205,228,260,278,293,323,97,97,197,197,185,17,0,0,11,11,46,46,46,46,66,84,84,114,114,219,219,232,232,232,242,64,64,95,105,105,105,105],"floor_reached":46,"language":"ENG","playtime":3631,"items_purged":["Strike_G","Strike_G","Leg Sweep"],"score":942,"play_id":"1956cf65-23e7-4ec8-aec5-6bcd1a93e154","local_time":"20210125224258","is_ascension_mode":true,"campfire_choices":[{"data":"Neutralize","floor":6.0,"key":"SMITH"},{"data":"Envenom","floor":8.0,"key":"SMITH"},{"data":"Well Laid Plans","floor":15.0,"key":"SMITH"},{"data":"Envenom","floor":23.0,"key":"SMITH"},{"data":"Noxious Fumes","floor":25.0,"key":"SMITH"},{"data":"Survivor","floor":27.0,"key":"SMITH"},{"floor":30.0,"key":"REST"},{"floor":32.0,"key":"REST"},{"data":"Blade Dance","floor":40.0,"key":"SMITH"}],"circlet_count":0,"master_deck":["Strike_G","Defend_G","Defend_G","Defend_G","Defend_G","Survivor+1","Neutralize+1","Underhanded Strike","Dagger Throw","Terror","Well Laid Plans+1","Envenom+1","Heel Hook","Envenom+1","Predator","Noxious Fumes+1","Dodge and Roll+1","Catalyst+1","Deadly Poison","Leg Sweep+1","Night Terror","Blade Dance+1","Blur+1"],"relics":["Ring of the Snake","Paper Crane","MealTicket","Nunchaku","Lantern","SlaversCollar","Happy Flower","Singing Bowl","Anchor","Snecko Eye","Toy Ornithopter"],"acts_visited":["Exordium","TheCity","TheBeyond"],"potions_floor_usage":[],"damage_taken":[{"damage":5.0,"enemies":"Small Slimes","floor":1.0,"turns":4.0},{"damage":1.0,"enemies":"2 Louse","floor":2.0,"turns":3.0},{"damage":1.0,"enemies":"Cultist","floor":3.0,"turns":4.0},{"damage":6.0,"enemies":"Looter","floor":4.0,"turns":3.0},{"damage":1.0,"enemies":"2 Fungi Beasts","floor":5.0,"turns":3.0},{"damage":5.0,"enemies":"3 Sentries","floor":7.0,"turns":7.0},{"damage":16.0,"enemies":"Lagavulin","floor":10.0,"turns":6.0},{"damage":10.0,"enemies":"Lots of Slimes","floor":11.0,"turns":2.0},{"damage":4.0,"enemies":"Large Slime","floor":12.0,"turns":8.0},{"damage":7.0,"enemies":"The Guardian","floor":16.0,"turns":8.0},{"damage":21.0,"enemies":"2 Thieves","floor":18.0,"turns":4.0},{"damage":2.0,"enemies":"Chosen","floor":22.0,"turns":4.0},{"damage":19.0,"enemies":"Gremlin Leader","floor":24.0,"turns":6.0},{"damage":6.0,"enemies":"Snake Plant","floor":28.0,"turns":5.0},{"damage":16.0,"enemies":"Centurion and Healer","floor":29.0,"turns":6.0},{"damage":23.0,"enemies":"Book of Stabbing","floor":31.0,"turns":5.0},{"damage":1.0,"enemies":"Champ","floor":33.0,"turns":7.0},{"damage":21.0,"enemies":"3 Darklings","floor":35.0,"turns":6.0},{"damage":4.0,"enemies":"3 Shapes","floor":38.0,"turns":4.0},{"damage":0.0,"enemies":"Giant Head","floor":41.0,"turns":3.0},{"damage":16.0,"enemies":"Spire Growth","floor":42.0,"turns":5.0},{"damage":7,"enemies":"Time Eater","floor":45,"turns":4}],"seed_played":"-2446364327114765695","potions_obtained":[{"floor":2.0,"key":"PowerPotion"},{"floor":4.0,"key":"BlessingOfTheForge"},{"floor":5.0,"key":"FearPotion"},{"floor":10.0,"key":"Explosive Potion"},{"floor":11.0,"key":"ColorlessPotion"},{"floor":12.0,"key":"LiquidMemories"},{"floor":22.0,"key":"Dexterity Potion"},{"floor":24.0,"key":"SpeedPotion"},{"floor":31.0,"key":"EssenceOfSteel"},{"floor":35.0,"key":"Explosive Potion"}],"is_trial":false,"path_per_floor":["M","M","M","M","M","R","E","R","T","E","M","M","?","$","R","B",null,"M","$","?","?","M","R","E","R","T","R","M","M","R","E","R","B",null,"M","?","?","M","$","R","E","M","T","?","B",null],"character_chosen":"THE_SILENT","items_purchased":["Lantern","Noxious Fumes","Blade Dance"],"campfire_rested":2,"item_purchase_floors":[14,19,39],"current_hp_per_floor":[58,57,56,50,49,49,44,44,44,28,18,14,14,29,29,22,53,32,47,47,47,45,45,26,26,26,26,20,6,25,2,21,20,54,33,33,33,31,46,46,48,32,32,32,25],"gold":105,"neow_bonus":"REMOVE_TWO","is_daily":false,"chose_seed":false,"campfire_upgraded":7,"win_rate":0.0,"timestamp":1611610978,"path_taken":["M","M","M","M","M","R","E","R","T","E","M","M","?","$","R","BOSS","M","$","?","?","?","R","E","R","T","R","M","M","R","E","R","BOSS","M","?","?","M","$","R","E","?","T","?","BOSS"],"items_purchased_type":["Relic","Card","Card"],"build_version":"2020-12-22","purchased_purges":3,"victory":true,"max_hp_per_floor":[63,63,63,63,63,63,63,63,63,63,63,63,63,63,63,63,63,63,63,63,63,63,63,63,63,63,63,63,65,65,65,65,65,65,65,65,65,67,67,67,69,69,69,69,69],"card_choices":[{"not_picked":["Slice","PiercingWail"],"picked":"Underhanded Strike","floor":1.0},{"not_picked":["Dagger Spray","Distraction"],"picked":"Dagger Throw","floor":2.0},{"not_picked":["Dash","Quick Slash"],"picked":"Terror","floor":3.0},{"not_picked":["Distraction","Dodge and Roll"],"picked":"Well Laid Plans","floor":4.0},{"not_picked":["Bane","Setup","Dodge and Roll"],"picked":"SKIP","floor":5.0},{"not_picked":["PiercingWail","Catalyst"],"picked":"Envenom","floor":7.0},{"not_picked":["Flying Knee","All Out Attack"],"picked":"Heel Hook","floor":10.0},{"not_picked":["Deadly Poison","Calculated Gamble","Backstab"],"picked":"SKIP","floor":11.0},{"not_picked":["Quick Slash","PiercingWail","Expertise"],"picked":"SKIP","floor":12.0},{"not_picked":["Bullet Time","Corpse Explosion"],"picked":"Envenom","floor":16.0},{"not_picked":["Dodge and Roll","Outmaneuver"],"picked":"Predator","floor":18.0},{"not_picked":["Flying Knee+1","Outmaneuver"],"picked":"Dodge and Roll+1","floor":22.0},{"not_picked":["Sucker Punch","Reflex"],"picked":"Catalyst+1","floor":24.0},{"not_picked":["Cloak And Dagger","Slice"],"picked":"Deadly Poison","floor":28.0},{"not_picked":["Acrobatics","Quick Slash","Bane+1"],"picked":"Singing Bowl","floor":29.0},{"not_picked":["Underhanded Strike","Bane"],"picked":"Leg Sweep","floor":31.0},{"not_picked":["A Thousand Cuts","Unload"],"picked":"Night Terror","floor":33.0},{"not_picked":["Dodge and Roll","Deadly Poison"],"picked":"Leg Sweep","floor":35.0},{"not_picked":["Calculated Gamble+1","Dodge and Roll","Quick Slash"],"picked":"Singing Bowl","floor":38.0},{"not_picked":["Acrobatics","Underhanded Strike+1","Dagger Throw+1"],"picked":"Singing Bowl","floor":41.0},{"not_picked":["Dagger Spray+1","Poisoned Stab"],"picked":"Blur+1","floor":42.0}],"player_experience":473751,"relics_obtained":[{"floor":7.0,"key":"Paper Crane"},{"floor":9.0,"key":"MealTicket"},{"floor":10.0,"key":"Nunchaku"},{"floor":24.0,"key":"Happy Flower"},{"floor":26.0,"key":"Singing Bowl"},{"floor":31.0,"key":"Anchor"},{"floor":41.0,"key":"Toy Ornithopter"}],"event_choices":[{"damage_healed":0.0,"max_hp_gain":0.0,"max_hp_loss":0.0,"gold_gain":30.0,"event_name":"Dead Adventurer","player_choice":"Searched \u00272\u0027 times","floor":13.0,"gold_loss":0.0,"damage_taken":0.0},{"damage_healed":0.0,"max_hp_gain":0.0,"max_hp_loss":0.0,"gold_gain":0.0,"event_name":"Masked Bandits","player_choice":"Paid Fearfully","floor":20.0,"gold_loss":17.0,"damage_taken":0.0},{"cards_removed":["Strike_G"],"damage_healed":0.0,"max_hp_gain":0.0,"max_hp_loss":0.0,"gold_gain":0.0,"event_name":"Bonfire Elementals","player_choice":"Offered Basic","floor":21.0,"gold_loss":0.0,"damage_taken":0.0},{"damage_healed":0.0,"max_hp_gain":0.0,"max_hp_loss":0.0,"gold_gain":0.0,"event_name":"Tomb of Lord Red Mask","player_choice":"Ignored","floor":36.0,"gold_loss":0.0,"damage_taken":0.0},{"damage_healed":0.0,"max_hp_gain":0.0,"max_hp_loss":0.0,"gold_gain":0.0,"event_name":"Upgrade Shrine","player_choice":"Upgraded","floor":37.0,"gold_loss":0.0,"damage_taken":0.0,"cards_upgraded":["Leg Sweep"]},{"damage_healed":0.0,"max_hp_gain":0.0,"max_hp_loss":0.0,"gold_gain":0.0,"event_name":"SecretPortal","player_choice":"Took Portal","floor":44.0,"gold_loss":0.0,"damage_taken":0.0}],"is_beta":false,"boss_relics":[{"not_picked":["Pandora\u0027s Box","SacredBark"],"picked":"SlaversCollar"},{"not_picked":["Fusion Hammer","Empty Cage"],"picked":"Snecko Eye"}],"items_purged_floors":[14,19,39],"is_endless":false,"potions_floor_spawned":[2,4,5,10,11,12,22,24,31,35],"ascension_level":7}}