{"host":"78zdngn0u28jm0pp","time":1611606685,"event":{"mods":["BaseMod","Jorbs\u0027s Wanderer Trilogy","Minty Spire (QoL Compilation)","Permanent Neow","Quick Restart","Relic Stats","StSLib","Unceasing Turn Reminder"],"gold_per_floor":[114,114,134,153,153,179,13,41,41,53,84,103,103,116,116,221,221,238,238,254,264,264,264,299,299,299,332,332,347,58,91,91,192,192,210,220,180,194,208,236,248,307,319,331,18,18,18,31,31,31],"floor_reached":51,"language":"ENG","playtime":4302,"items_purged":["Parasite"],"score":973,"play_id":"74755435-e682-4085-8600-1f63da460319","local_time":"20210125133125","is_ascension_mode":true,"campfire_choices":[{"data":"Nirvana","floor":13,"key":"SMITH"},{"data":"Eruption","floor":15,"key":"SMITH"},{"data":"TalkToTheHand","floor":23,"key":"SMITH"},{"data":"TalkToTheHand","floor":25,"key":"SMITH"},{"data":"ForeignInfluence","floor":28,"key":"SMITH"},{"data":"ClearTheMind","floor":32,"key":"SMITH"},{"data":"CutThroughFate","floor":41,"key":"SMITH"},{"data":"Establishment","floor":47,"key":"SMITH"},{"data":"Adaptation","floor":49,"key":"SMITH"}],"circlet_count":0,"master_deck":["Eruption+1","Vigilance+1","BowlingBash+1","CutThroughFate+1","Halt+1","Vault+1","LessonLearned+1","EmptyFist+1","Nirvana+1","ClearTheMind+1","Collect","Vault+1","Swivel+1","TalkToTheHand+1","DevaForm+1","Protect+1","Brilliance","Wallop+1","Ragnarok","Fasting2+1","Crescendo+1","FlurryOfBlows+1","TalkToTheHand+1","ForeignInfluence+1","CutThroughFate+1","ThirdEye+1","CutThroughFate+1","EmptyFist+1","Tantrum+1","CutThroughFate","DeusExMachina","Vengeance+1","JustLucky","FlurryOfBlows+1","FlurryOfBlows+1","Adaptation+1","CutThroughFate+1","FlurryOfBlows","FlurryOfBlows","Study","Adaptation+1","Establishment+1","Nirvana+1"],"relics":["Coffee Dripper","The Courier","StoneCalendar","TungstenRod","Damaru","Pandora\u0027s Box","Nilry\u0027s Codex","Lantern","Letter Opener","Pocketwatch","Membership Card","Mummified Hand","War Paint","SlaversCollar","MawBank","Torii","Ice Cream","Vajra","HornCleat"],"acts_visited":["Exordium","TheCity","TheBeyond"],"potions_floor_usage":[6,6,6,8,11,16,21,24,33,38,42,42,50,50,50,50],"damage_taken":[{"damage":4,"enemies":"Small Slimes","floor":1,"turns":3},{"damage":0,"enemies":"Cultist","floor":3,"turns":4},{"damage":0,"enemies":"Jaw Worm","floor":4,"turns":2},{"damage":0,"enemies":"Gremlin Nob","floor":6,"turns":2},{"damage":15,"enemies":"Lagavulin","floor":8,"turns":7},{"damage":0,"enemies":"Exordium Wildlife","floor":10,"turns":3},{"damage":0,"enemies":"Gremlin Nob","floor":11,"turns":3},{"damage":0,"enemies":"2 Fungi Beasts","floor":12,"turns":3},{"damage":0,"enemies":"Looter","floor":14,"turns":3},{"damage":31,"enemies":"Slime Boss","floor":16,"turns":7},{"damage":6,"enemies":"2 Thieves","floor":18,"turns":5},{"damage":0,"enemies":"Shell Parasite","floor":20,"turns":5},{"damage":0,"enemies":"Sentry and Sphere","floor":21,"turns":2},{"damage":15,"enemies":"Gremlin Leader","floor":24,"turns":6},{"damage":15,"enemies":"Slavers","floor":27,"turns":4},{"damage":0,"enemies":"Cultist and Chosen","floor":29,"turns":4},{"damage":5,"enemies":"Gremlin Leader","floor":31,"turns":5},{"damage":14,"enemies":"Champ","floor":33,"turns":5},{"damage":0,"enemies":"3 Darklings","floor":35,"turns":4},{"damage":3,"enemies":"Orb Walker","floor":36,"turns":3},{"damage":9,"enemies":"Writhing Mass","floor":38,"turns":6},{"damage":24,"enemies":"Maw","floor":39,"turns":6},{"damage":0,"enemies":"Giant Head","floor":40,"turns":4},{"damage":16,"enemies":"2 Orb Walkers","floor":42,"turns":4},{"damage":9,"enemies":"3 Darklings","floor":48,"turns":7},{"damage":0,"enemies":"Awakened One","floor":50,"turns":7}],"seed_played":"-290611338272016017","potions_obtained":[{"floor":1,"key":"EntropicBrew"},{"floor":4,"key":"Block Potion"},{"floor":8,"key":"StancePotion"},{"floor":11,"key":"Strength Potion"},{"floor":16,"key":"Ancient Potion"},{"floor":18,"key":"Ancient Potion"},{"floor":29,"key":"Dexterity Potion"},{"floor":33,"key":"Regen Potion"},{"floor":38,"key":"Ambrosia"},{"floor":40,"key":"DistilledChaos"}],"is_trial":false,"path_per_floor":["M","?","M","M","?","E","$","E","T","M","E","M","R","M","R","B",null,"M","?","M","M","?","R","E","R","T","E","R","M","$","E","R","B",null,"M","M","?","M","M","E","R","?","T","?","$","?","R","M","R","B",null],"character_chosen":"WATCHER","items_purchased":["LessonLearned","EmptyFist","Membership Card","Mummified Hand","CutThroughFate","EmptyFist","Tantrum","FlurryOfBlows","FlurryOfBlows","Vajra","HornCleat","EntropicBrew","Study","Adaptation"],"campfire_rested":0,"item_purchase_floors":[7,7,30,30,30,30,30,45,45,45,45,45,45,45],"current_hp_per_floor":[68,61,61,61,66,66,66,51,51,51,51,51,51,51,51,20,77,71,59,59,59,59,59,44,44,44,29,29,29,29,24,24,10,77,77,74,74,77,53,53,53,37,37,37,37,37,37,28,28,42],"gold":31,"neow_bonus":"BOSS_RELIC","is_daily":false,"chose_seed":false,"campfire_upgraded":9,"win_rate":0.0,"timestamp":1611606685,"path_taken":["M","?","M","?","?","E","?","E","T","M","E","M","R","M","R","BOSS","M","?","M","M","?","R","E","R","T","E","R","?","$","E","R","BOSS","M","M","?","?","M","E","R","?","T","?","$","?","R","M","R","BOSS"],"items_purchased_type":["Card","Card","Relic","Relic","Card","Card","Card","Card","Card","Relic","Relic","Potion","Card","Card"],"build_version":"2020-12-22","purchased_purges":1,"victory":true,"max_hp_per_floor":[72,72,72,72,77,77,77,77,77,77,77,77,77,77,77,77,77,77,77,77,77,77,77,77,77,77,77,77,77,77,77,77,77,77,77,77,77,77,77,77,77,77,77,73,70,70,70,70,70,70],"relic_stats":{"Torii":2,"counters":[26,114],"Mummified Hand":[46],"StoneCalendar":[0],"Pandora\u0027s Box":["Swivel","TalkToTheHand","DevaForm","Protect","Brilliance","Wallop","Ragnarok","Fasting2"],"Letter Opener":[107],"War Paint":["Protect","Halt"],"MawBank":60,"obtain_stats":[{"Ice Cream":43,"Lantern":24,"Torii":42,"Nilry\u0027s Codex":19,"Damaru":11,"Vajra":45,"StoneCalendar":8,"The Courier":6,"Letter Opener":26,"War Paint":31,"MawBank":40,"SlaversCollar":34,"HornCleat":45,"Mummified Hand":30,"Pandora\u0027s Box":17,"Coffee Dripper":0,"Membership Card":30,"PureWater":0,"TungstenRod":9,"Pocketwatch":27},{"Ice Cream":24,"Lantern":14,"Torii":24,"Nilry\u0027s Codex":11,"Damaru":7,"Vajra":24,"StoneCalendar":5,"The Courier":4,"Letter Opener":14,"War Paint":17,"MawBank":23,"SlaversCollar":18,"HornCleat":24,"Mummified Hand":16,"Pandora\u0027s Box":10,"Coffee Dripper":0,"Membership Card":16,"PureWater":0,"TungstenRod":5,"Pocketwatch":15},{"Ice Cream":100,"Lantern":55,"Torii":100,"Nilry\u0027s Codex":42,"Damaru":24,"Vajra":100,"StoneCalendar":18,"The Courier":11,"Letter Opener":55,"War Paint":68,"MawBank":96,"SlaversCollar":73,"HornCleat":100,"Mummified Hand":63,"Pandora\u0027s Box":37,"Coffee Dripper":0,"Membership Card":63,"PureWater":0,"TungstenRod":18,"Pocketwatch":59}],"TungstenRod":21,"Pocketwatch":[13]},"card_choices":[{"not_picked":["SignatureMove","Sanctity"],"picked":"BowlingBash","floor":1},{"not_picked":["Consecrate","Prostrate"],"picked":"CutThroughFate","floor":3},{"not_picked":["BowlingBash","WindmillStrike"],"picked":"Halt","floor":4},{"not_picked":["EmptyFist","Indignation"],"picked":"Vault","floor":6},{"not_picked":["CrushJoints","Pray"],"picked":"Nirvana","floor":8},{"not_picked":["Evaluate","Vengeance"],"picked":"ClearTheMind","floor":10},{"not_picked":["FlyingSleeves","Consecrate","Prostrate"],"picked":"SKIP","floor":11},{"not_picked":["FlyingSleeves","ClearTheMind","BowlingBash"],"picked":"SKIP","floor":12},{"not_picked":["SignatureMove","CarveReality"],"picked":"Collect","floor":14},{"not_picked":["LessonLearned","MasterReality"],"picked":"Vault","floor":16},{"not_picked":["ReachHeaven+1","PathToVictory","Halt"],"picked":"SKIP","floor":18},{"not_picked":["Pray","SashWhip"],"picked":"Crescendo+1","floor":20},{"not_picked":["Fasting2+1","Nirvana+1"],"picked":"FlurryOfBlows+1","floor":21},{"not_picked":["Devotion","FlyingSleeves"],"picked":"ForeignInfluence","floor":24},{"not_picked":["MasterReality","SignatureMove"],"picked":"CutThroughFate","floor":27},{"not_picked":["Prostrate","Pray+1"],"picked":"ThirdEye","floor":29},{"not_picked":["ReachHeaven","CrushJoints"],"picked":"CutThroughFate","floor":31},{"not_picked":["Ragnarok","Vault"],"picked":"DeusExMachina","floor":33},{"not_picked":["EmptyMind+1","Prostrate"],"picked":"Vengeance","floor":35},{"not_picked":["DeceiveReality","EmptyFist"],"picked":"JustLucky","floor":36},{"not_picked":["Protect","InnerPeace+1"],"picked":"FlurryOfBlows+1","floor":38},{"not_picked":["BattleHymn+1","Tantrum+1"],"picked":"FlurryOfBlows+1","floor":39},{"not_picked":["CrushJoints","Worship"],"picked":"Adaptation+1","floor":40},{"not_picked":["Evaluate","Consecrate"],"picked":"CutThroughFate+1","floor":42},{"not_picked":["Prostrate+1","SignatureMove+1"],"picked":"Nirvana+1","floor":48}],"player_experience":245773,"relics_obtained":[{"floor":6,"key":"The Courier"},{"floor":8,"key":"StoneCalendar"},{"floor":9,"key":"TungstenRod"},{"floor":11,"key":"Damaru"},{"floor":19,"key":"Nilry\u0027s Codex"},{"floor":24,"key":"Lantern"},{"floor":26,"key":"Letter Opener"},{"floor":27,"key":"Pocketwatch"},{"floor":31,"key":"War Paint"},{"floor":40,"key":"MawBank"},{"floor":42,"key":"Torii"},{"floor":43,"key":"Ice Cream"}],"event_choices":[{"damage_healed":0,"gold_gain":0,"player_choice":"Damaged","damage_taken":7,"max_hp_gain":0,"max_hp_loss":0,"event_name":"Wheel of Change","floor":2,"gold_loss":0},{"damage_healed":0,"gold_gain":0,"player_choice":"Donut","damage_taken":0,"max_hp_gain":5,"max_hp_loss":0,"event_name":"Big Fish","floor":5,"gold_loss":0},{"damage_healed":0,"gold_gain":0,"player_choice":"Obtained Book","damage_taken":16,"max_hp_gain":0,"max_hp_loss":0,"event_name":"Cursed Tome","floor":19,"gold_loss":0},{"damage_healed":0,"gold_gain":0,"player_choice":"Copied","damage_taken":0,"max_hp_gain":0,"max_hp_loss":0,"event_name":"Duplicator","floor":22,"gold_loss":0,"cards_obtained":["TalkToTheHand"]},{"damage_healed":0,"gold_gain":0,"player_choice":"Upgraded Two","damage_taken":0,"max_hp_gain":0,"max_hp_loss":0,"event_name":"Designer","floor":37,"gold_loss":40,"cards_upgraded":["LessonLearned","DevaForm"]},{"damage_healed":0,"gold_gain":0,"player_choice":"Fight","damage_taken":0,"max_hp_gain":0,"max_hp_loss":0,"event_name":"Mysterious Sphere","floor":42,"gold_loss":0},{"damage_healed":0,"gold_gain":0,"player_choice":"Max HP","damage_taken":0,"max_hp_gain":0,"max_hp_loss":4,"event_name":"Winding Halls","floor":44,"gold_loss":0},{"damage_healed":0,"gold_gain":0,"player_choice":"1 cards matched","damage_taken":0,"max_hp_gain":0,"max_hp_loss":0,"event_name":"Match and Keep!","floor":46,"gold_loss":0,"cards_obtained":["Establishment"]}],"is_beta":false,"boss_relics":[{"not_picked":["Tiny House","Velvet Choker"],"picked":"Pandora\u0027s Box"},{"not_picked":["Astrolabe","Snecko Eye"],"picked":"SlaversCollar"}],"items_purged_floors":[45],"is_endless":false,"potions_floor_spawned":[1,4,8,11,16,18,29,33,38,40],"ascension_level":1}}