{"host":"njo8qgvy2a57fcny","time":1611560056,"event":{"mods":["Ascension Unlocker","Aspiration","BaseMod","BetterRewards","CCEM","Colored Map","Colored Powertips","Conspire","Custom Start","Downfall","Energized Spire","GifTheSpireLib","Halation","Hermit","Hubris","Infinite Spire","Jedi Mod","Jorbs\u0027s Wanderer Trilogy","Mimic Mod","Minty Spire (QoL Compilation)","Quick Restart","Random Character Button","Random Character Mod","Rare Cards Sparkle","Relic Sorter","Replay The Spire","Shop Mod","StSLib","Stuff the Spire","The Animator","The Jungle","The Runesmith","The Servant 0.9.4","Unceasing Turn Reminder","thorton"],"gold_per_floor":[99,117,128,303,103,103,218,294,294,340,386,457,257,315,345,399,399,399],"floor_reached":16,"language":"ENG","playtime":1243,"items_purged":[],"score":143,"play_id":"41c77148-85ac-430d-8f1e-5f2a4df5ae8a","local_time":"20210125183416","is_ascension_mode":true,"campfire_choices":[{"floor":1,"key":"RECALL"},{"floor":13,"key":"REST"}],"circlet_count":0,"master_deck":["Slimebound:Strike_Slimebound","Slimebound:Tackle","Slimebound:Defend_Slimebound","Slimebound:Defend_Slimebound","Slimebound:Split","Slimebound:CorrosiveSpit","Slimebound:SlimeSpikes","Slimebound:Gluttony","Doubt","conspire:SpireCoStock","conspire:SpireCoStock+1","conspire:SpireCoStock","conspire:SpireCoStock","Slimebound:GoopSpray","Slimebound:GrowthPunch","Slimebound:ViciousTackle","Slimebound:FlameTackle","Writhe","Slimebound:BestDefense","Slimebound:GoopSpray","Slimebound:Schlurp","Slimebound:FinishingTackle","Slimebound:SplitMire","Slimebound:Replication"],"relics":["Slimebound:AbsorbEndCombat","aspiration:ChemicalBlood","Gremlin Food","StoneCalendar","downfall:HeartBlessingRed","downfall:HeartBlessingGreen"],"acts_visited":["Exordium"],"potions_floor_usage":[7,11,12,12,12,15,15,15,16,16],"damage_taken":[{"damage":10,"enemies":"Jaw Worm","floor":2,"turns":4},{"damage":6,"enemies":"Small Slimes","floor":3,"turns":3},{"damage":9,"enemies":"Cultist","floor":7,"turns":9},{"damage":1,"enemies":"Cultist","floor":8,"turns":5},{"damage":46,"enemies":"Lagavulin","floor":10,"turns":7},{"damage":9,"enemies":"3 Louse","floor":11,"turns":4},{"damage":15,"enemies":"3 Sentries","floor":12,"turns":8},{"damage":21,"enemies":"Large Slime","floor":14,"turns":7},{"damage":19,"enemies":"Lots of Slimes","floor":15,"turns":3},{"damage":10,"enemies":"IC_STATUS_ARCHETYPE","floor":16,"turns":2}],"seed_played":"-1960763257703206703","potions_obtained":[{"floor":3,"key":"EssenceOfSteel"},{"floor":10,"key":"CultistPotion"},{"floor":11,"key":"SkillPotion"},{"floor":12,"key":"PowerPotion"},{"floor":15,"key":"Reflective Coating"}],"is_trial":false,"path_per_floor":["R","M","M","?","?","?","MIM","M","?","E","M","E","R","M","M","B"],"character_chosen":"SLIMEBOUND","items_purchased":[],"campfire_rested":1,"item_purchase_floors":[],"current_hp_per_floor":[71,65,61,61,61,61,60,63,63,25,22,15,36,23,8,0,0,0],"gold":399,"neow_bonus":"TEN_PERCENT_HP_BONUS","is_daily":false,"chose_seed":false,"campfire_upgraded":0,"win_rate":0.0,"timestamp":1611560056,"path_taken":["R","M","M","?","?","?","MIM","M","?","E","M","E","R","M","M","BOSS"],"items_purchased_type":[],"build_version":"2020-12-22","purchased_purges":0,"victory":false,"max_hp_per_floor":[71,71,71,71,71,71,71,71,71,71,71,71,71,71,71,71,71,71],"card_choices":[{"not_picked":["Slimebound:PressTheAttack","Slimebound:LeechingTouch"],"picked":"Slimebound:SlimeSpikes","floor":2},{"not_picked":["Slimebound:LeechEnergy","Slimebound:LeechLife"],"picked":"Slimebound:Gluttony","floor":3},{"not_picked":["Slimebound:BestDefense","Slimebound:LeechEnergy"],"picked":"Slimebound:GoopSpray","floor":7},{"not_picked":["Slimebound:LivingWall","Slimebound:FormOfPuddle"],"picked":"Slimebound:GrowthPunch","floor":8},{"not_picked":["Slimebound:SplitAcid","Slimebound:PressTheAttack"],"picked":"Slimebound:GoopSpray","floor":10},{"not_picked":["Slimebound:PressTheAttack","Slimebound:RollThrough"],"picked":"Slimebound:Schlurp","floor":11},{"not_picked":["Slimebound:Chomp","Slimebound:BestDefense"],"picked":"Slimebound:FinishingTackle","floor":12},{"not_picked":["Slimebound:LeechEnergy","Slimebound:Overexert"],"picked":"Slimebound:SplitMire","floor":14},{"not_picked":["Slimebound:GoopSpray","Slimebound:MegaLick"],"picked":"Slimebound:Replication","floor":15}],"player_experience":702444,"relics_obtained":[{"floor":7,"key":"aspiration:ChemicalBlood"},{"floor":10,"key":"Gremlin Food"},{"floor":12,"key":"StoneCalendar"}],"event_choices":[{"damage_healed":0,"gold_gain":0,"player_choice":"Invest 4","damage_taken":0,"max_hp_gain":0,"max_hp_loss":0,"event_name":"conspire:Investor","floor":5,"gold_loss":0}],"is_beta":false,"boss_relics":[],"items_purged_floors":[],"is_endless":false,"potions_floor_spawned":[3,10,11,12,15],"killed_by":"IC_STATUS_ARCHETYPE","ascension_level":1}}