{"host":"1fgbilnqahig8ycc","time":1611593915,"event":{"mods":["AchievementEnabler","BaseMod","Bestiary","Better Match","Better Vampires","BetterRewards","Colored Map","Colored Powertips","Dark Map","Downfall","Energized Spire","Friendly Minions","Hermit","Hubris","Jorbs\u0027s Wanderer Trilogy","Minty Spire (QoL Compilation)","Quick Restart","Rare Cards Sparkle","Relic Stats","Replay The Spire","Spicy Shops","StSLib","The Administrix","The Bug Knight","The Cursed","The Gatherer","The Hierophant","The Marked","The Servant 0.9.4","TheBandit"],"gold_per_floor":[211,286,61,73,123,123,135,135,135,147,147,147,147,180,180,284,284,315,315,348,348,330,477,501,501,574,574,606,356,402,78,78,38,38],"floor_reached":33,"language":"ENG","playtime":1812,"items_purged":["theMarked:Strike","theMarked:Overthink","theMarked:Strike"],"score":358,"play_id":"65553136-aaf7-4658-96a1-3ba4f75f4b3c","local_time":"20210125085835","is_ascension_mode":false,"campfire_choices":[{"data":"theMarked:EmpowerWeapon","floor":6.0,"key":"SMITH"},{"data":"theMarked:SoldierOfQuellstein","floor":8.0,"key":"SMITH"},{"data":"theMarked:Friction","floor":11.0,"key":"SMITH"},{"data":"theMarked:Indomitable","floor":15.0,"key":"SMITH"},{"data":"theMarked:TakeOffHeels","floor":25,"key":"SMITH"},{"floor":27,"key":"RECALL"},{"data":"theMarked:ShockingTouch","floor":32,"key":"SMITH"}],"circlet_count":0,"master_deck":["theMarked:Strike","theMarked:Strike","theMarked:Strike","theMarked:Defend","theMarked:Defend","theMarked:Defend","theMarked:Defend","theMarked:SoldierOfQuellstein+1","theMarked:EmpowerWeapon+1","theMarked:Friction+1","theMarked:RepellingDischarge","theMarked:RogueSparks","theMarked:SwordAndMagic","theMarked:Indomitable+1","theMarked:TakeOffHeels+1","hubris:Greed","stsjorbsmod:PollutedStrike","theMarked:Improvise+1","theMarked:StartUp+1","theMarked:BanishingStrike","theMarked:BanishingStrike","GremboGang+1","theMarked:ShockingTouch+1","theMarked:BanishingWave"],"relics":["theMarked:ArtifactOfAir","Omamori","Meat on the Bone","The Courier","hubris:Icosahedron","hubris:FruitBowl","hubris:EvacipatedBox","theMarked:KettuFlask","Replay:Ancient Bell","Replay:Bandana","Frozen Egg 2","theMarked:Eyepatch","hubris:BottledHeart","Turnip","hubris:TinFlute","Du-Vu Doll","Replay:Wax Seal","ClockworkSouvenir"],"acts_visited":["Exordium","TheCity"],"potions_floor_usage":[24,30,33,33],"damage_taken":[{"damage":0.0,"enemies":"Small Slimes","floor":1.0,"turns":4.0},{"damage":1.0,"enemies":"2 Louse","floor":4.0,"turns":3.0},{"damage":0.0,"enemies":"Cultist","floor":7.0,"turns":3.0},{"damage":1.0,"enemies":"2 Fungi Beasts","floor":10.0,"turns":3.0},{"damage":0.0,"enemies":"Gremlin Nob","floor":14.0,"turns":2.0},{"damage":8.0,"enemies":"Hexaghost","floor":16.0,"turns":7.0},{"damage":10.0,"enemies":"Spheric Guardian","floor":18.0,"turns":4.0},{"damage":0,"enemies":"2 Thieves","floor":20,"turns":4},{"damage":0,"enemies":"Snake Plant","floor":22,"turns":4},{"damage":0,"enemies":"HollowMod:Nosk","floor":23,"turns":9},{"damage":0,"enemies":"Snecko","floor":24,"turns":4},{"damage":0,"enemies":"Shelled Parasite and Fungi","floor":28,"turns":7},{"damage":0,"enemies":"Book of Stabbing","floor":30,"turns":7},{"damage":3,"enemies":"Pondfish","floor":33,"turns":8}],"seed_played":"-4143192438835395664","potions_obtained":[{"floor":4.0,"key":"AttackPotion"},{"floor":7.0,"key":"EssenceOfSteel"},{"floor":16.0,"key":"FearPotion"},{"floor":18.0,"key":"bronze:BurnAndBuffPotion"},{"floor":22,"key":"Guardian:BlockOnCardUsePotion"},{"floor":28,"key":"hexamod:SoulburnPotion"}],"is_trial":false,"path_per_floor":["M","?","$","M","?","R","M","R","T","M","R","?","$","E","R","B",null,"M","?","M","T","M","E","M","R","T","R","M","?","E","$","R","B"],"character_chosen":"THE_DEFAULT","items_purchased":["Omamori","AttackPotion","hubris:FruitBowl","hubris:EvacipatedBox","Replay:Wax Seal","theMarked:BanishingWave","ClockworkSouvenir"],"campfire_rested":0,"item_purchase_floors":[3,13,13,13,31,31,31],"current_hp_per_floor":[70,59,59,58,58,58,58,58,58,57,57,57,11,23,23,27,70,60,1,1,1,1,1,1,1,1,1,1,1,1,1,1,0,0],"gold":38,"neow_bonus":"HUNDRED_GOLD","is_daily":false,"chose_seed":false,"campfire_upgraded":6,"win_rate":0.0,"timestamp":1611593915,"path_taken":["M","?","$","M","?","R","?","R","T","M","R","?","?","E","R","BOSS","M","?","M","?","M","E","M","R","T","R","M","?","E","$","R","BOSS"],"items_purchased_type":["Relic","Potion","Relic","Relic","Relic","Card","Relic"],"build_version":"2020-12-22","purchased_purges":3,"victory":false,"max_hp_per_floor":[70,70,70,70,70,70,70,70,70,70,70,70,70,70,70,70,70,70,1,1,1,1,1,1,1,1,1,1,1,1,1,1,1,1],"relic_stats":{"counters":[14,69],"Turnip":[8],"obtain_stats":[{"hubris:FruitBowl":13,"The Courier":9,"Omamori":3,"Replay:Ancient Bell":17,"Frozen Egg 2":17,"hubris:EvacipatedBox":13,"theMarked:KettuFlask":14,"ClockworkSouvenir":31,"Du-Vu Doll":30,"theMarked:ArtifactOfAir":0,"Replay:Bandana":17,"hubris:Icosahedron":12,"hubris:BottledHeart":19,"Turnip":23,"Replay:Wax Seal":31,"hubris:TinFlute":26,"Meat on the Bone":5,"theMarked:Eyepatch":17},{"hubris:FruitBowl":4,"The Courier":3,"Omamori":1,"Replay:Ancient Bell":6,"Frozen Egg 2":6,"hubris:EvacipatedBox":4,"theMarked:KettuFlask":5,"ClockworkSouvenir":13,"Du-Vu Doll":13,"theMarked:ArtifactOfAir":0,"Replay:Bandana":6,"hubris:Icosahedron":4,"hubris:BottledHeart":7,"Turnip":10,"Replay:Wax Seal":13,"hubris:TinFlute":11,"Meat on the Bone":2,"theMarked:Eyepatch":6},{"hubris:FruitBowl":13,"The Courier":10,"Omamori":4,"Replay:Ancient Bell":22,"Frozen Egg 2":22,"hubris:EvacipatedBox":13,"theMarked:KettuFlask":15,"ClockworkSouvenir":61,"Du-Vu Doll":61,"theMarked:ArtifactOfAir":0,"Replay:Bandana":22,"hubris:Icosahedron":13,"hubris:BottledHeart":26,"Turnip":43,"Replay:Wax Seal":61,"hubris:TinFlute":47,"Meat on the Bone":7,"theMarked:Eyepatch":22}],"Meat on the Bone":24},"card_choices":[{"not_picked":["theMarked:BanishingStrike","theMarked:Aftermath"],"picked":"theMarked:EmpowerWeapon","floor":1.0},{"not_picked":["theMarked:ElectricStrings","theMarked:TakeCover"],"picked":"theMarked:Overthink","floor":4.0},{"not_picked":["theMarked:TwofoldDefense","theMarked:TakeCover"],"picked":"theMarked:Friction","floor":5.0},{"not_picked":["theMarked:ChannelForce","theMarked:Aftermath"],"picked":"theMarked:RepellingDischarge","floor":5.0},{"not_picked":["theMarked:OneWithTheBlade","theMarked:ChainLightning"],"picked":"theMarked:RogueSparks","floor":7.0},{"not_picked":["theMarked:Overcharge","theMarked:ChainLightning"],"picked":"theMarked:SwordAndMagic","floor":10.0},{"not_picked":["theMarked:HeightenedSenses","theMarked:RogueSparks"],"picked":"theMarked:Indomitable","floor":14.0},{"not_picked":["theMarked:Defy","theMarked:FavorableWinds"],"picked":"theMarked:TakeOffHeels","floor":16.0},{"not_picked":["Amnesia","downfall:Haunted"],"picked":"downfall:Icky","floor":17.0},{"not_picked":["Injury","Amnesia"],"picked":"hubris:Greed","floor":17.0},{"not_picked":["downfall:Bewildered","Languid"],"picked":"stsjorbsmod:PollutedStrike","floor":17.0},{"not_picked":["theMarked:Panic","theMarked:Aftermath","theMarked:ResourceFulStrike"],"picked":"SKIP","floor":18.0},{"not_picked":["theMarked:Frustration+1","theMarked:TwofoldDefense","theMarked:Aftermath+1"],"picked":"SKIP","floor":20},{"not_picked":["theMarked:BanishingWave","theMarked:Aftermath+1"],"picked":"theMarked:Improvise+1","floor":22},{"not_picked":["theMarked:Indomitable","theMarked:PowerFlow"],"picked":"theMarked:StartUp+1","floor":23},{"not_picked":["theMarked:EmpowerWeapon","theMarked:Panic"],"picked":"theMarked:BanishingStrike","floor":24},{"not_picked":["theMarked:Frustration","theMarked:TwofoldDefense"],"picked":"theMarked:BanishingStrike","floor":28},{"not_picked":["theMarked:Parry","theMarked:Frustration"],"picked":"theMarked:ShockingTouch","floor":30}],"player_experience":410280,"relics_obtained":[{"floor":5.0,"key":"Meat on the Bone"},{"floor":9.0,"key":"The Courier"},{"floor":14.0,"key":"theMarked:KettuFlask"},{"floor":23,"key":"Turnip"},{"floor":26,"key":"hubris:TinFlute"},{"floor":30,"key":"Du-Vu Doll"}],"event_choices":[{"damage_healed":0.0,"max_hp_gain":0.0,"max_hp_loss":0.0,"gold_gain":75.0,"event_name":"World of Goop","player_choice":"Gather Gold","floor":2.0,"gold_loss":0.0,"damage_taken":11.0}],"is_beta":false,"boss_relics":[{"not_picked":["hubris:BlackHole","Sozu","energizedSpire:SpiderWeb"],"picked":"Replay:Ancient Bell"},{"not_picked":["hubris:SlimyHat","PreservedInsect","Busted Crown"],"picked":"Replay:Bandana"},{"not_picked":["Pantograph","Iron Hammer","SacredBark"],"picked":"Frozen Egg 2"},{"not_picked":["Old Coin","Incense Burner","Replay:Kaleidoscope"],"picked":"theMarked:Eyepatch"}],"items_purged_floors":[3,13,31],"is_endless":false,"potions_floor_spawned":[4,7,16,18,22,28],"killed_by":"Pondfish","ascension_level":0}}