{"host":"OR","time":1611588541,"event":{"mods":["Act Like it!","BaseMod","Friendly Minions","Gensokyo","Koishi","Minty Spire (QoL Compilation)","Quick Restart","StSLib","The Blackbeard"],"gold_per_floor":[113,43,268,268,268,293,306,324,347,347,48,48,148,162,162,261,261,278,278,278,293,309,309,309,309,309,323,343,356,388,4,4,109,109,124,139,139,151,151,151,182,182,182,231,244,261,311,346,346,346],"floor_reached":51,"language":"ZHS","playtime":2374,"items_purged":["blackbeard:BlackbeardDefend"],"score":850,"play_id":"d12e32ec-c1e8-43c3-bc02-2620486149e7","local_time":"20210125232901","is_ascension_mode":false,"campfire_choices":[{"data":"blackbeard:InfiniteBarrage","floor":10.0,"key":"SMITH"},{"data":"blackbeard:SmithingHammer","floor":15.0,"key":"SMITH"},{"floor":23,"key":"REST"},{"floor":32,"key":"REST"},{"data":"blackbeard:PowerHungry","floor":40,"key":"SMITH"},{"data":"blackbeard:Rum","floor":42,"key":"SMITH"},{"data":"blackbeard:Scrap","floor":49,"key":"SMITH"}],"circlet_count":0,"master_deck":["blackbeard:BlackbeardStrike","blackbeard:BlackbeardStrike","blackbeard:BlackbeardStrike","blackbeard:IntimidatingStrike+1","blackbeard:BlackbeardDefend","blackbeard:BlackbeardDefend","blackbeard:Cutlass+1","blackbeard:BrownPants","blackbeard:HumongousCannonball+1","blackbeard:Scrap+1","blackbeard:Shrapnel","blackbeard:InfiniteBarrage+1","blackbeard:Sword","blackbeard:WoodenLeg","blackbeard:SmithingHammer+1","blackbeard:DangerousBlow+1","blackbeard:Upgrade","blackbeard:ReapersScythe+1","blackbeard:PirateEarring","Writhe","blackbeard:DeadlyArsenal","blackbeard:SwordDance","blackbeard:PiratesWill","blackbeard:BlindAttacks+1","blackbeard:Rum+1","blackbeard:PowerHungry+1","blackbeard:Revenge","Finesse","blackbeard:GoldenRain","blackbeard:DeadlyArsenal+1","blackbeard:PiratesWill+1","blackbeard:Sword","blackbeard:Rum+1","blackbeard:Halberd","blackbeard:SwordDance","blackbeard:ArmorUp+1"],"relics":["blackbeard:LoadTheCannons","NeowsBlessing","Bronze Scales","Eternal Feather","Regal Pillow","blackbeard:SoberMinded","Tiny Chest","Anchor","Boot","Whetstone","Bird Faced Urn","blackbeard:Karategi","War Paint","Torii","Dream Catcher","Prayer Wheel","blackbeard:Penknife"],"acts_visited":["Exordium","TheCity","TheBeyond"],"potions_floor_usage":[16,27,30,30,50],"damage_taken":[{"damage":0.0,"enemies":"Cultist","floor":1.0,"turns":1.0},{"damage":0.0,"enemies":"3 Sentries","floor":6.0,"turns":1.0},{"damage":0.0,"enemies":"2 Louse","floor":7.0,"turns":1.0},{"damage":0.0,"enemies":"Small Slimes","floor":8.0,"turns":3.0},{"damage":13.0,"enemies":"Exordium Wildlife","floor":14.0,"turns":3.0},{"damage":47,"enemies":"Hexaghost","floor":16,"turns":6},{"damage":7,"enemies":"Chosen","floor":18,"turns":3},{"damage":39,"enemies":"2 Thieves","floor":21,"turns":3},{"damage":13,"enemies":"Cultist and Chosen","floor":22,"turns":4},{"damage":9,"enemies":"Snecko","floor":27,"turns":4},{"damage":16,"enemies":"Chosen and Byrds","floor":28,"turns":3},{"damage":9,"enemies":"Sentry and Sphere","floor":29,"turns":4},{"damage":15,"enemies":"Book of Stabbing","floor":30,"turns":4},{"damage":39,"enemies":"Champ","floor":33,"turns":8},{"damage":17,"enemies":"Orb Walker","floor":35,"turns":4},{"damage":5,"enemies":"3 Shapes","floor":36,"turns":4},{"damage":28,"enemies":"Maw","floor":38,"turns":6},{"damage":17,"enemies":"Reptomancer","floor":41,"turns":5},{"damage":0,"enemies":"Transient","floor":45,"turns":5},{"damage":27,"enemies":"Sphere and 2 Shapes","floor":46,"turns":5},{"damage":0,"enemies":"Mind Bloom Boss Battle","floor":47,"turns":5},{"damage":8,"enemies":"Giant Head","floor":48,"turns":4},{"damage":69,"enemies":"Donu and Deca","floor":50,"turns":6}],"seed_played":"5387220893725211831","potions_obtained":[{"floor":1.0,"key":"SpeedPotion"},{"floor":6.0,"key":"SkillPotion"},{"floor":7.0,"key":"Fire Potion"},{"floor":18,"key":"Weak Potion"},{"floor":21,"key":"Energy Potion"},{"floor":27,"key":"blackbeard:RumPotion"},{"floor":36,"key":"FearPotion"},{"floor":46,"key":"Energy Potion"}],"is_trial":false,"path_per_floor":["M","$","?","?","?","E","M","M","T","R","$","?","?","M","R","B",null,"M","?","?","M","M","R","?","T","T","M","M","M","E","$","R","B",null,"M","M","?","M","?","R","E","R","T","T","M","M","?","E","R","B",null],"character_chosen":"BLACKBEARD_CLASS","items_purchased":["blackbeard:HumongousCannonball","blackbeard:WoodenLeg","blackbeard:SmithingHammer","blackbeard:DangerousBlow","blackbeard:Rum","blackbeard:PowerHungry","blackbeard:Revenge","Finesse"],"campfire_rested":2,"item_purchase_floors":[2,11,11,11,31,31,31,31],"current_hp_per_floor":[75,75,75,75,80,80,80,80,80,80,80,80,80,67,76,29,80,73,73,73,34,21,72,64,64,64,55,39,30,15,15,69,40,80,63,62,62,42,42,60,49,67,67,67,77,57,69,71,80,13],"gold":346,"neow_bonus":"THREE_ENEMY_KILL","is_daily":false,"chose_seed":false,"campfire_upgraded":5,"win_rate":0.0,"timestamp":1611588541,"path_taken":["M","$","?","?","?","E","M","?","T","R","$","?","?","?","R","BOSS","M","?","?","?","M","R","?","?","T","M","M","M","E","$","R","BOSS","M","?","?","M","?","R","E","R","T","?","M","?","?","E","R","BOSS"],"items_purchased_type":["Card","Card","Card","Card","Card","Card","Card","Card"],"build_version":"2020-12-18","purchased_purges":1,"victory":true,"max_hp_per_floor":[75,75,75,75,80,80,80,80,80,80,80,80,80,80,80,80,80,80,80,80,80,80,80,80,80,80,80,80,80,80,80,80,80,80,80,80,80,80,80,80,80,80,80,80,80,80,80,80,80,80],"card_choices":[{"not_picked":["blackbeard:GoldenDefense","blackbeard:ArmorUp"],"picked":"blackbeard:BrownPants","floor":1.0},{"not_picked":["blackbeard:Sharpening","blackbeard:Spear"],"picked":"blackbeard:Shrapnel","floor":6.0},{"not_picked":["blackbeard:GoldenCannonball","blackbeard:AgileStrike"],"picked":"blackbeard:InfiniteBarrage","floor":7.0},{"not_picked":["blackbeard:BeatUp","blackbeard:Eyepatch"],"picked":"blackbeard:Sword","floor":8.0},{"not_picked":["blackbeard:SwordDance","blackbeard:DeadlyArsenal"],"picked":"blackbeard:Upgrade","floor":14.0},{"not_picked":["blackbeard:Halberd","blackbeard:TheDrunkenSailor"],"picked":"blackbeard:ReapersScythe","floor":16},{"not_picked":["blackbeard:DoubleCannonball+1","blackbeard:PirateHook"],"picked":"blackbeard:PirateEarring","floor":18},{"not_picked":["blackbeard:BlindAttacks","blackbeard:ArmorUp"],"picked":"blackbeard:DeadlyArsenal","floor":21},{"not_picked":["blackbeard:Scrap","blackbeard:Spear"],"picked":"blackbeard:SwordDance","floor":22},{"not_picked":["blackbeard:FieryDefense","blackbeard:GoldenDefense","blackbeard:WoodenLeg"],"picked":"SKIP","floor":27},{"not_picked":["blackbeard:WiseDefense+1","blackbeard:Spear"],"picked":"blackbeard:PiratesWill","floor":28},{"not_picked":["blackbeard:Fencing","blackbeard:WiseDefense+1"],"picked":"blackbeard:BlindAttacks+1","floor":29},{"not_picked":["blackbeard:TacticalRetreat+1","blackbeard:GhostInTheRum","blackbeard:DeadlyArsenal"],"picked":"SKIP","floor":30},{"not_picked":["blackbeard:ReapersScythe","blackbeard:GoldenGuillotine"],"picked":"blackbeard:GoldenRain","floor":33},{"not_picked":["blackbeard:WiseDefense","blackbeard:GoldenStrike+1"],"picked":"blackbeard:DeadlyArsenal+1","floor":35},{"not_picked":["blackbeard:GoldenDefense","blackbeard:Dagger"],"picked":"blackbeard:PiratesWill+1","floor":36},{"not_picked":["blackbeard:GhostInTheRum","blackbeard:RemoveScurvy+1"],"picked":"blackbeard:Sword","floor":38},{"not_picked":["blackbeard:RearmingStrike","blackbeard:WiseDefense","blackbeard:CannonBarrage"],"picked":"SKIP","floor":41},{"not_picked":["blackbeard:Provisioning","blackbeard:VengefulSpirit+1"],"picked":"blackbeard:Rum+1","floor":45},{"not_picked":["blackbeard:GoldenDefense+1","blackbeard:BlindAttacks+1"],"picked":"blackbeard:Halberd","floor":46},{"not_picked":["blackbeard:Shrapnel","blackbeard:Dagger+1"],"picked":"blackbeard:SwordDance","floor":47},{"not_picked":["blackbeard:Fencing+1","blackbeard:Rum+1"],"picked":"blackbeard:ArmorUp+1","floor":48}],"player_experience":445226,"relics_obtained":[{"floor":6.0,"key":"Eternal Feather"},{"floor":9.0,"key":"Regal Pillow"},{"floor":25,"key":"Boot"},{"floor":26,"key":"Whetstone"},{"floor":30,"key":"Bird Faced Urn"},{"floor":41,"key":"War Paint"},{"floor":43,"key":"Torii"},{"floor":44,"key":"Dream Catcher"},{"floor":47,"key":"Prayer Wheel"},{"floor":48,"key":"blackbeard:Penknife"}],"event_choices":[{"damage_healed":0.0,"max_hp_gain":0.0,"max_hp_loss":0.0,"gold_gain":225.0,"event_name":"blackbeard:Ssssserpent","player_choice":"YARR","floor":3.0,"gold_loss":0.0,"damage_taken":0.0,"relics_obtained":["Bronze Scales"]},{"damage_healed":0.0,"max_hp_gain":0.0,"max_hp_loss":0.0,"gold_gain":0.0,"cards_transformed":["blackbeard:BlackbeardDefend"],"event_name":"Living Wall","player_choice":"Change","floor":4.0,"gold_loss":0.0,"damage_taken":0.0,"cards_obtained":["blackbeard:Scrap"]},{"damage_healed":0.0,"max_hp_gain":5.0,"max_hp_loss":0.0,"gold_gain":0.0,"event_name":"Big Fish","player_choice":"Donut","floor":5.0,"gold_loss":0.0,"damage_taken":0.0},{"damage_healed":0.0,"max_hp_gain":0.0,"max_hp_loss":0.0,"gold_gain":0.0,"event_name":"The Cleric","player_choice":"Leave","floor":12.0,"gold_loss":0.0,"damage_taken":0.0},{"damage_healed":0.0,"max_hp_gain":0.0,"max_hp_loss":0.0,"gold_gain":100.0,"event_name":"Golden Shrine","player_choice":"Pray","floor":13.0,"gold_loss":0.0,"damage_taken":0.0},{"damage_healed":0,"gold_gain":0,"player_choice":"Opened","damage_taken":0,"relics_obtained":["Tiny Chest"],"max_hp_gain":0,"max_hp_loss":0,"event_name":"The Mausoleum","floor":19,"gold_loss":0,"cards_obtained":["Writhe"]},{"damage_healed":0,"gold_gain":0,"player_choice":"Forge","damage_taken":0,"max_hp_gain":0,"max_hp_loss":0,"event_name":"Accursed Blacksmith","floor":20,"gold_loss":0,"cards_upgraded":["blackbeard:HumongousCannonball"]},{"damage_healed":0,"gold_gain":0,"player_choice":"Anchor","damage_taken":0,"relics_obtained":["Anchor"],"max_hp_gain":0,"max_hp_loss":0,"event_name":"blackbeard:ShipwreckEvent","floor":24,"gold_loss":0},{"damage_healed":0,"gold_gain":0,"player_choice":"Ignored","damage_taken":0,"max_hp_gain":0,"max_hp_loss":0,"event_name":"Tomb of Lord Red Mask","floor":37,"gold_loss":0},{"cards_removed":["blackbeard:BlackbeardStrike"],"damage_healed":0,"gold_gain":0,"player_choice":"Removed Attack","damage_taken":0,"max_hp_gain":0,"max_hp_loss":0,"event_name":"Falling","floor":39,"gold_loss":0},{"damage_healed":0,"gold_gain":0,"player_choice":"Fight","damage_taken":0,"max_hp_gain":0,"max_hp_loss":0,"event_name":"MindBloom","floor":47,"gold_loss":0}],"is_beta":true,"boss_relics":[{"not_picked":["Velvet Choker","Coffee Dripper"],"picked":"blackbeard:SoberMinded"},{"not_picked":["Calling Bell","Snecko Eye"],"picked":"blackbeard:Karategi"}],"items_purged_floors":[11],"is_endless":false,"potions_floor_spawned":[1,6,7,18,21,27,36,46,47,48],"ascension_level":0}}