{"host":"w01zow3jg16g8jdh","time":1611577601,"event":{"mods":["AchievementEnabler","BaseMod","DeckTracker","Keyboard Shortcuts","Minty Spire (QoL Compilation)","Permanent Neow","StSLib","SuperFastMode"],"gold_per_floor":[15,15,15,36,61,61,95,118,118,118,131,131,145,181,181,280,280,295,295,51,76,76,76,119,119,190,17,17,17,30,50,50,50,50],"floor_reached":33,"language":"KOR","playtime":754,"items_purged":["Strike_R"],"score":550,"play_id":"6c1eab09-d153-430d-b9c9-6621d5d0a360","local_time":"20210125212641","is_ascension_mode":true,"campfire_choices":[{"data":"Double Tap","floor":6.0,"key":"SMITH"},{"floor":10.0,"key":"REST"},{"data":"Bash","floor":12.0,"key":"SMITH"},{"data":"Shockwave","floor":15.0,"key":"SMITH"},{"data":"Sword Boomerang","floor":23.0,"key":"SMITH"},{"data":"Demon Form","floor":25.0,"key":"SMITH"},{"data":"Pommel Strike","floor":29.0,"key":"SMITH"},{"data":"Dual Wield","floor":32,"key":"SMITH"}],"circlet_count":0,"master_deck":["AscendersBane","Defend_R","Defend_R","Defend_R","Defend_R","Bash+1","Limit Break+1","Double Tap+1","Shockwave+1","Sword Boomerang+1","Battle Trance","Flame Barrier","Pommel Strike+1","Demon Form+1","Evolve","Dual Wield+1"],"relics":["Burning Blood","Golden Idol","Dream Catcher","Boot","Darkstone Periapt","Coffee Dripper","Akabeko","Du-Vu Doll","Membership Card"],"acts_visited":["Exordium","TheCity"],"potions_floor_usage":[],"damage_taken":[{"damage":12.0,"enemies":"Jaw Worm","floor":1.0,"turns":3.0},{"damage":7.0,"enemies":"Small Slimes","floor":4.0,"turns":8.0},{"damage":7.0,"enemies":"Cultist","floor":5.0,"turns":4.0},{"damage":40.0,"enemies":"Lagavulin","floor":7.0,"turns":7.0},{"damage":22.0,"enemies":"Exordium Wildlife","floor":8.0,"turns":9.0},{"damage":13.0,"enemies":"Large Slime","floor":11.0,"turns":7.0},{"damage":5.0,"enemies":"Red Slaver","floor":13.0,"turns":3.0},{"damage":10.0,"enemies":"Gremlin Nob","floor":14.0,"turns":3.0},{"damage":42.0,"enemies":"The Guardian","floor":16.0,"turns":16.0},{"damage":1.0,"enemies":"3 Byrds","floor":18.0,"turns":4.0},{"damage":15.0,"enemies":"Shell Parasite","floor":21.0,"turns":4.0},{"damage":16.0,"enemies":"Slavers","floor":24.0,"turns":5.0},{"damage":28.0,"enemies":"Shelled Parasite and Fungi","floor":30.0,"turns":4.0},{"damage":7,"enemies":"Snecko","floor":31,"turns":3},{"damage":12,"enemies":"Automaton","floor":33,"turns":4}],"seed_played":"-7566435288791138895","potions_obtained":[{"floor":5.0,"key":"BloodPotion"},{"floor":11.0,"key":"Explosive Potion"},{"floor":13.0,"key":"BloodPotion"},{"floor":16.0,"key":"AttackPotion"}],"is_trial":false,"path_per_floor":["M","?","?","M","M","R","E","M","T","R","M","R","M","E","R","B",null,"M","?","$","M","?","R","E","R","T","$","?","R","M","M","R","B"],"character_chosen":"IRONCLAD","items_purchased":["Akabeko","Membership Card"],"campfire_rested":1,"item_purchase_floors":[20,27],"current_hp_per_floor":[62,62,62,61,60,60,26,10,10,30,23,23,37,33,33,10,54,59,59,59,50,50,50,40,40,40,40,40,40,18,17,17,5,5],"gold":50,"neow_bonus":"TRANSFORM_TWO_CARDS","is_daily":false,"chose_seed":false,"campfire_upgraded":7,"win_rate":0.0,"timestamp":1611577601,"path_taken":["M","?","?","M","M","R","E","M","T","R","M","R","M","E","R","BOSS","M","?","$","M","?","R","E","R","T","$","?","R","M","M","R","BOSS"],"items_purchased_type":["Relic","Relic"],"build_version":"2020-12-22","purchased_purges":1,"victory":false,"max_hp_per_floor":[75,68,68,68,68,68,68,68,68,68,68,68,68,68,68,68,68,68,68,68,68,68,68,68,68,68,68,68,68,68,68,68,68,68],"card_choices":[{"not_picked":["Armaments","Clash","Sentinel"],"picked":"SKIP","floor":1.0},{"not_picked":["Headbutt","Bloodletting"],"picked":"Sword Boomerang","floor":4.0},{"not_picked":["Perfected Strike","Hemokinesis"],"picked":"Battle Trance","floor":5.0},{"not_picked":["Havoc","Searing Blow","Twin Strike"],"picked":"SKIP","floor":7.0},{"not_picked":["Heavy Blade","Double Tap"],"picked":"Flame Barrier","floor":8.0},{"not_picked":["Spot Weakness","Fire Breathing"],"picked":"Pommel Strike","floor":11.0},{"not_picked":["Twin Strike","Armaments","Rupture"],"picked":"SKIP","floor":13.0},{"not_picked":["Pommel Strike","Bludgeon","Infernal Blade"],"picked":"SKIP","floor":14.0},{"not_picked":["Limit Break","Berserk"],"picked":"Demon Form","floor":16.0},{"not_picked":["Heavy Blade","Power Through"],"picked":"Evolve","floor":18.0},{"not_picked":["Battle Trance","Heavy Blade","Clash+1"],"picked":"SKIP","floor":21.0},{"not_picked":["Clothesline","Anger","Clash"],"picked":"SKIP","floor":24.0},{"not_picked":["Searing Blow+1","Rage","Flex"],"picked":"SKIP","floor":30.0},{"not_picked":["Armaments","Shrug It Off"],"picked":"Dual Wield","floor":31}],"player_experience":313877,"relics_obtained":[{"floor":7.0,"key":"Dream Catcher"},{"floor":9.0,"key":"Boot"},{"floor":14.0,"key":"Darkstone Periapt"},{"floor":24.0,"key":"Du-Vu Doll"}],"event_choices":[{"damage_healed":0.0,"max_hp_gain":0.0,"max_hp_loss":7.0,"gold_gain":0.0,"event_name":"Golden Idol","player_choice":"Lose Max HP","floor":2.0,"gold_loss":0.0,"damage_taken":0.0,"relics_obtained":["Golden Idol"]},{"damage_healed":0.0,"max_hp_gain":0.0,"max_hp_loss":0.0,"gold_gain":0.0,"cards_transformed":["Strike_R"],"event_name":"Transmorgrifier","player_choice":"Transformed","floor":3.0,"gold_loss":0.0,"damage_taken":0.0,"cards_obtained":["Shockwave"]},{"cards_removed":["Strike_R"],"damage_healed":0.0,"max_hp_gain":0.0,"max_hp_loss":0.0,"gold_gain":0.0,"event_name":"Back to Basics","player_choice":"Elegance","floor":19.0,"gold_loss":0.0,"damage_taken":0.0},{"damage_healed":0.0,"max_hp_gain":0.0,"max_hp_loss":0.0,"gold_gain":0.0,"event_name":"Accursed Blacksmith","player_choice":"Forge","floor":28.0,"gold_loss":0.0,"damage_taken":0.0,"cards_upgraded":["Limit Break"]}],"is_beta":false,"boss_relics":[{"not_picked":["SacredBark","Black Blood"],"picked":"Coffee Dripper"}],"items_purged_floors":[20],"is_endless":false,"potions_floor_spawned":[5,11,13,16],"killed_by":"Automaton","ascension_level":20}}