{"host":"2lo6hma6kymb0g9i","time":1611555062,"event":{"mods":["BaseMod","Colored Map","DeckTracker","Minty Spire (QoL Compilation)"],"gold_per_floor":[118,118,136,49,49,84,84,112,112,112,112,127,127,138,138,214,264,274,294,294,294,306,306,306],"floor_reached":23,"language":"JPN","playtime":1380,"items_purged":[],"score":398,"play_id":"25e09b7c-47df-46ba-8045-4ee2f67e1507","local_time":"20210125151102","is_ascension_mode":true,"campfire_choices":[{"data":"Battle Trance","floor":7.0,"key":"SMITH"},{"floor":11.0,"key":"REST"},{"data":"Havoc","floor":13.0,"key":"SMITH"},{"data":"Warcry","floor":15.0,"key":"SMITH"}],"circlet_count":0,"master_deck":["AscendersBane","Strike_R","Strike_R","Strike_R","Defend_R","Defend_R","Defend_R","Defend_R+1","Bash","Demon Form","Havoc+1","Warcry+1","Battle Trance+1","Limit Break","Twin Strike","Impervious","Power Through","Sword Boomerang","Cleave","Infernal Blade+1"],"relics":["Burning Blood","Du-Vu Doll","Bottled Lightning","Ornamental Fan","Tiny House"],"acts_visited":["Exordium","TheCity"],"potions_floor_usage":[16,18,19,23],"damage_taken":[{"damage":7.0,"enemies":"Cultist","floor":1.0,"turns":4.0},{"damage":10.0,"enemies":"Small Slimes","floor":3.0,"turns":4.0},{"damage":41.0,"enemies":"Gremlin Nob","floor":6.0,"turns":4.0},{"damage":25.0,"enemies":"Lagavulin","floor":8.0,"turns":6.0},{"damage":7.0,"enemies":"2 Louse","floor":12.0,"turns":4.0},{"damage":11.0,"enemies":"Blue Slaver","floor":14.0,"turns":6.0},{"damage":41,"enemies":"Slime Boss","floor":16,"turns":8},{"damage":53,"enemies":"3 Byrds","floor":18,"turns":6},{"damage":30,"enemies":"Chosen","floor":19,"turns":5},{"damage":29,"enemies":"Sentry and Sphere","floor":22,"turns":6},{"damage":20,"enemies":"Gremlin Leader","floor":23,"turns":3}],"seed_played":"6217725953499476691","potions_obtained":[{"floor":6.0,"key":"Swift Potion"},{"floor":8.0,"key":"FairyPotion"},{"floor":16,"key":"Regen Potion"},{"floor":17,"key":"DistilledChaos"},{"floor":18,"key":"FairyPotion"},{"floor":22,"key":"SpeedPotion"}],"is_trial":false,"path_per_floor":["M","?","M","$","?","E","R","E","T","?","R","M","R","M","R","B",null,"M","M","?","?","M","E"],"character_chosen":"IRONCLAD","items_purchased":["Battle Trance"],"campfire_rested":1,"item_purchase_floors":[4],"current_hp_per_floor":[67,67,63,63,63,28,28,9,9,2,24,23,23,18,18,20,66,33,9,9,9,12,0,0],"gold":306,"neow_bonus":"ONE_RANDOM_RARE_CARD","is_daily":false,"chose_seed":false,"campfire_upgraded":3,"win_rate":0.0,"timestamp":1611555062,"path_taken":["M","?","M","?","?","E","R","E","T","?","R","M","R","M","R","BOSS","M","M","?","?","?","E"],"items_purchased_type":["Card"],"build_version":"2020-12-22","purchased_purges":0,"victory":false,"max_hp_per_floor":[75,75,75,75,75,75,75,75,75,75,75,75,75,75,75,75,80,80,80,80,80,80,80,80],"card_choices":[{"not_picked":["Thunderclap","Body Slam"],"picked":"Havoc","floor":1.0},{"not_picked":["Uppercut","Dark Embrace"],"picked":"Warcry","floor":3.0},{"not_picked":["Rupture","Dark Embrace","Anger"],"picked":"SKIP","floor":6.0},{"not_picked":["Thunderclap","Clash"],"picked":"Limit Break","floor":8.0},{"not_picked":["Clothesline","Havoc"],"picked":"Twin Strike","floor":12.0},{"not_picked":["Twin Strike","Sword Boomerang","Body Slam"],"picked":"SKIP","floor":14.0},{"not_picked":["Juggernaut","Exhume"],"picked":"Impervious","floor":16},{"not_picked":["Wild Strike","Sentinel"],"picked":"Power Through","floor":17},{"not_picked":["Clash","Havoc"],"picked":"Sword Boomerang","floor":18},{"not_picked":["Spot Weakness","Clash"],"picked":"Cleave","floor":19},{"not_picked":["Dark Embrace","Burning Pact"],"picked":"Infernal Blade+1","floor":22}],"player_experience":1120514,"relics_obtained":[{"floor":6.0,"key":"Du-Vu Doll"},{"floor":8.0,"key":"Bottled Lightning"},{"floor":9.0,"key":"Ornamental Fan"}],"event_choices":[{"damage_healed":0.0,"max_hp_gain":0.0,"max_hp_loss":0.0,"gold_gain":0.0,"cards_transformed":["Strike_R"],"event_name":"Transmorgrifier","player_choice":"Transformed","floor":2.0,"gold_loss":0.0,"damage_taken":0.0,"cards_obtained":["Rupture"]},{"damage_healed":0.0,"max_hp_gain":0.0,"max_hp_loss":0.0,"gold_gain":0.0,"event_name":"Liars Game","player_choice":"Ignored","floor":5.0,"gold_loss":0.0,"damage_taken":0.0},{"cards_removed":["Rupture"],"damage_healed":0.0,"max_hp_gain":0.0,"max_hp_loss":0.0,"gold_gain":0.0,"event_name":"Golden Wing","player_choice":"Card Removal","floor":10.0,"gold_loss":0.0,"damage_taken":7.0},{"damage_healed":0,"gold_gain":0,"player_choice":"Ignored","damage_taken":0,"max_hp_gain":0,"max_hp_loss":0,"event_name":"Cursed Tome","floor":20,"gold_loss":0},{"cards_removed":["Strike_R"],"damage_healed":0,"gold_gain":0,"player_choice":"Elegance","damage_taken":0,"max_hp_gain":0,"max_hp_loss":0,"event_name":"Back to Basics","floor":21,"gold_loss":0}],"is_beta":false,"boss_relics":[{"not_picked":["Runic Dome","Sozu"],"picked":"Tiny House"}],"items_purged_floors":[],"is_endless":false,"potions_floor_spawned":[6,8,12,16,18,22],"killed_by":"Gremlin Leader","ascension_level":20}}