{"host":"tknto047uabgu3zm","time":1611550720,"event":{"mods":["AchievementEnabler","BaseMod","Bestiary","Block Reminder","Colored Map","Colored Powertips","Highlight Path","Minty Spire (QoL Compilation)","MonsterHotkey","Permanent Neow","Random Character Button","Rare Cards Sparkle","Relic Sorter","Relic Stats","StSLib"],"gold_per_floor":[218,218,232,44,44,44,88,88,88,88,115,115,138,138,138,138,138],"floor_reached":16,"language":"ENG","playtime":437,"items_purged":[],"score":181,"play_id":"bda81a7e-c9a4-4341-a8f8-6b172d411174","local_time":"20210124205840","is_ascension_mode":true,"campfire_choices":[{"floor":6.0,"key":"REST"},{"floor":8.0,"key":"REST"},{"floor":10.0,"key":"REST"},{"data":"Skewer","floor":15.0,"key":"SMITH"}],"circlet_count":0,"master_deck":["AscendersBane","Strike_G","Strike_G","Strike_G","Strike_G","Strike_G","Defend_G","Defend_G","Defend_G","Defend_G","Survivor","Neutralize","Footwork","Dagger Spray","Backflip","Wraith Form v2","PiercingWail","Skewer+1"],"relics":["Ring of the Snake","Lantern","Medical Kit","CeramicFish","InkBottle","Golden Idol"],"acts_visited":["Exordium"],"potions_floor_usage":[16],"damage_taken":[{"damage":0.0,"enemies":"2 Louse","floor":1.0,"turns":2.0},{"damage":5.0,"enemies":"Jaw Worm","floor":3.0,"turns":6.0},{"damage":43.0,"enemies":"Gremlin Nob","floor":7.0,"turns":7.0},{"damage":4.0,"enemies":"Cultist","floor":11.0,"turns":4.0},{"damage":4.0,"enemies":"Looter","floor":13.0,"turns":5.0},{"damage":42,"enemies":"Hexaghost","floor":16,"turns":16}],"seed_played":"-1169891860288282455","potions_obtained":[{"floor":3.0,"key":"Weak Potion"},{"floor":12.0,"key":"Fruit Juice"},{"floor":12.0,"key":"EssenceOfSteel"}],"is_trial":false,"path_per_floor":["M","?","M","$","?","R","E","R","T","R","M","?","M","?","R","B"],"character_chosen":"THE_SILENT","items_purchased":["Backflip","Medical Kit"],"campfire_rested":3,"item_purchase_floors":[4,4],"current_hp_per_floor":[59,33,28,28,28,47,4,23,23,42,38,43,39,39,39,0,0],"gold":138,"neow_bonus":"HUNDRED_GOLD","is_daily":false,"chose_seed":false,"campfire_upgraded":1,"win_rate":0.0,"timestamp":1611550720,"path_taken":["M","?","M","$","?","R","E","R","T","R","?","?","?","?","R","BOSS"],"items_purchased_type":["Card","Relic"],"build_version":"2020-12-22","purchased_purges":0,"victory":false,"max_hp_per_floor":[66,66,66,66,66,66,66,66,66,66,66,71,71,64,64,64,64],"relic_stats":{"counters":[6,40],"Golden Idol":0,"CeramicFish":27,"Medical Kit":[8],"obtain_stats":[{"Lantern":2,"Golden Idol":14,"CeramicFish":7,"Medical Kit":4,"InkBottle":9,"Ring of the Snake":0},{"Lantern":1,"Golden Idol":5,"CeramicFish":3,"Medical Kit":2,"InkBottle":3,"Ring of the Snake":0},{"Lantern":2,"Golden Idol":24,"CeramicFish":15,"Medical Kit":8,"InkBottle":15,"Ring of the Snake":0}],"InkBottle":[8],"Ring of the Snake":[12]},"card_choices":[{"not_picked":["Underhanded Strike","Blade Dance"],"picked":"Footwork","floor":1.0},{"not_picked":["Underhanded Strike","Backflip"],"picked":"Dagger Spray","floor":3.0},{"not_picked":["Flying Knee","Predator"],"picked":"Wraith Form v2","floor":7.0},{"not_picked":["Acrobatics","Dagger Throw"],"picked":"PiercingWail","floor":11.0},{"not_picked":["Flying Knee","Sucker Punch"],"picked":"Skewer","floor":13.0}],"player_experience":505188,"relics_obtained":[{"floor":7.0,"key":"CeramicFish"},{"floor":9.0,"key":"InkBottle"}],"event_choices":[{"damage_healed":0.0,"max_hp_gain":0.0,"max_hp_loss":0.0,"gold_gain":0.0,"event_name":"Scrap Ooze","player_choice":"Success","floor":2.0,"gold_loss":0.0,"damage_taken":26.0,"relics_obtained":["Lantern"]},{"cards_removed":["Defend_G"],"damage_healed":0.0,"max_hp_gain":0.0,"max_hp_loss":0.0,"gold_gain":0.0,"event_name":"Bonfire Elementals","player_choice":"Offered Basic","floor":5.0,"gold_loss":0.0,"damage_taken":0.0},{"damage_healed":0.0,"max_hp_gain":0.0,"max_hp_loss":0.0,"gold_gain":0.0,"event_name":"Lab","player_choice":"Got Potions","floor":12.0,"gold_loss":0.0,"damage_taken":0.0},{"damage_healed":0.0,"max_hp_gain":0.0,"max_hp_loss":7.0,"gold_gain":0.0,"event_name":"Golden Idol","player_choice":"Lose Max HP","floor":14.0,"gold_loss":0.0,"damage_taken":0.0,"relics_obtained":["Golden Idol"]}],"is_beta":false,"boss_relics":[],"items_purged_floors":[],"is_endless":false,"potions_floor_spawned":[3],"killed_by":"Hexaghost","ascension_level":17}}