{"host":"36umirwmj0u9xjg7","time":1611603346,"event":{"mods":["Aspiration","BaseMod","CCEM","Downfall","Minty Spire (QoL Compilation)","Reliquary","Replay The Spire","StS++","StSLib","The Construct","The Gatherer","The Necromancer","The Runesmith"],"gold_per_floor":[112,112,112,112,37,37,62,85,154,154,188,88,113,113,113,238,238,262,330,349,474,489,489,489],"floor_reached":23,"language":"ENG","playtime":683,"items_purged":["Regret","Strike_W"],"score":216,"play_id":"b933a541-78b9-4009-b707-6141ff592166","local_time":"20210125203546","is_ascension_mode":false,"campfire_choices":[{"data":"Blood_for_Blood","floor":6,"key":"SMITH"},{"data":"Slay_Living","floor":10,"key":"SMITH"},{"floor":15,"key":"DIG"}],"circlet_count":0,"master_deck":["Strike_W","Strike_W","Strike_W","Defend_W","Defend_W","Defend_W","Defend_W","Negative_Energy_Arrows","Bone_Wall","Blood_for_Blood+1","Slay_Living+1","Necrotic_Claws","Life_Drain","Necrotic_Claws","Vampiric_Strike","downfall:Aged"],"relics":["Vampire_Amulet","Akabeko","Golden Idol","Singing Bowl","Replay:Bottled Flurry","Incense Burner","SsserpentHead","Replay:Multitool","Cursed Key"],"acts_visited":["Exordium","TheCity"],"potions_floor_usage":[16,20],"damage_taken":[{"damage":4,"enemies":"Cultist","floor":1,"turns":5},{"damage":0,"enemies":"2 Louse","floor":7,"turns":3},{"damage":1,"enemies":"Small Slimes","floor":8,"turns":4},{"damage":8,"enemies":"3 Sentries","floor":11,"turns":8},{"damage":1,"enemies":"Looter","floor":13,"turns":2},{"damage":62,"enemies":"Hexaghost","floor":16,"turns":10},{"damage":9,"enemies":"Chosen","floor":18,"turns":5},{"damage":22,"enemies":"Shell Parasite","floor":19,"turns":5},{"damage":10,"enemies":"Centurion and Healer","floor":20,"turns":4},{"damage":21,"enemies":"Snake Plant","floor":22,"turns":3},{"damage":85,"enemies":"Gremlin Leader","floor":23,"turns":8}],"seed_played":"5721060961196948677","potions_obtained":[{"floor":1,"key":"Venom Potion"},{"floor":8,"key":"PowerPotion"},{"floor":13,"key":"Elixir"},{"floor":18,"key":"Adrenaline Potion"},{"floor":22,"key":"SpeedPotion"}],"is_trial":false,"path_per_floor":["M","?","?","?","$","R","M","M","T","R","E","$","M","?","R","B",null,"M","M","M","T","M","E"],"character_chosen":"NECROMANCER","items_purchased":[],"campfire_rested":0,"item_purchase_floors":[],"current_hp_per_floor":[80,80,76,64,64,64,68,73,73,73,73,73,74,74,74,16,82,75,61,65,65,48,0,0],"gold":489,"neow_bonus":"TEN_PERCENT_HP_BONUS","is_daily":false,"chose_seed":false,"campfire_upgraded":2,"win_rate":0.0,"timestamp":1611603346,"path_taken":["M","?","?","?","?","R","M","M","T","R","E","$","M","?","R","BOSS","M","?","M","?","M","E"],"items_purchased_type":[],"build_version":"2020-12-22","purchased_purges":2,"victory":false,"max_hp_per_floor":[82,82,76,76,76,76,76,78,78,78,80,80,80,80,80,82,82,82,82,82,82,84,84,84],"card_choices":[{"not_picked":["Chill_Blood","Strike_from_Beyond"],"picked":"Blood_for_Blood","floor":1},{"not_picked":["Spectral_Armor","Bone_Shift"],"picked":"Slay_Living","floor":7},{"not_picked":["Exploit","Negative_Energy_Burst","Shackles_Of_Pain"],"picked":"Singing Bowl","floor":8},{"not_picked":["Consume_Illness","Summon_Death_Knight","Shackles_Of_Pain"],"picked":"Singing Bowl","floor":11},{"not_picked":["Blood_Curse","Bone_Bullets"],"picked":"Necrotic_Claws","floor":13},{"not_picked":["Skeleton_Dragon","Blood_Magic","Summon_Vampire_Lady"],"picked":"Singing Bowl","floor":16},{"not_picked":["Blood_Is_Power","Bone_Spikes"],"picked":"Life_Drain","floor":18},{"not_picked":["Bone_Prison","Bone_Bullets"],"picked":"Necrotic_Claws","floor":19},{"not_picked":["Blood_for_Blood","Negative_Energy_Burst"],"picked":"Vampiric_Strike","floor":20},{"not_picked":["Strike_from_Beyond","Scare","Bone_Spikes"],"picked":"Singing Bowl","floor":22}],"player_experience":146232,"relics_obtained":[{"floor":9,"key":"Replay:Bottled Flurry"},{"floor":11,"key":"Incense Burner"},{"floor":15,"key":"Replay:Multitool"}],"event_choices":[{"damage_healed":0,"gold_gain":0,"player_choice":"Box","damage_taken":0,"relics_obtained":["Akabeko"],"max_hp_gain":0,"max_hp_loss":0,"event_name":"Big Fish","floor":2,"gold_loss":0,"cards_obtained":["Regret"]},{"damage_healed":0,"gold_gain":0,"player_choice":"Lose Max HP","damage_taken":0,"relics_obtained":["Golden Idol"],"max_hp_gain":0,"max_hp_loss":6,"event_name":"Golden Idol","floor":3,"gold_loss":0},{"damage_healed":0,"gold_gain":0,"player_choice":"Success","damage_taken":12,"relics_obtained":["Singing Bowl"],"max_hp_gain":0,"max_hp_loss":0,"event_name":"Scrap Ooze","floor":4,"gold_loss":0},{"damage_healed":0,"gold_gain":0,"player_choice":"Trade","damage_taken":0,"relics_obtained":["SsserpentHead"],"max_hp_gain":0,"max_hp_loss":0,"event_name":"FaceTrader","floor":14,"gold_loss":0}],"is_beta":false,"boss_relics":[{"not_picked":["Replay:Drink Me","Snecko Eye"],"picked":"Cursed Key"}],"items_purged_floors":[5,12],"is_endless":false,"potions_floor_spawned":[1,8,13,18,22],"killed_by":"Gremlin Leader","ascension_level":0}}