{"host":"9xv6exvwmlpefxuw","time":1611554547,"event":{"mods":["ATMod(阿瑾Mod)","AchievementEnabler","Act Like it!","Aspiration","BaseMod","Chen","Colored Powertips","Conspire","Downfall","Friendly Minions","Gensokyo","GifTheSpireLib","KinomotoSakuraMod(木之本樱)","Koishi","KomeijiMod","Lobotomy","LobotomyExtend","Marisa（F雨　魔理沙）","Minty Spire (QoL Compilation)","MostiFishMod","Pale of the Ancients","Rare Cards Sparkle","Reimu（博丽灵梦）","Remilia_Scarlet Moed（蕾米莉亚・斯卡雷特）3.3.5","Remilia（蕾米莉亚）","RumiaBox-露米娅的神秘盒子","StSLib","The Administrix","The Mystic","The Servant 0.9.4","WarShipGirlsR/战舰少女R mod","Yakumo Yukari mod","Youmu（魂魄妖梦）","Yuyuko","[IsaacMod]以撒尖塔","[功能]功能增强和修复MOD","【功能Mod】混沌之环修复补丁","【功能Mod】聪明的最终Boss","【遗物卡牌】REMEMod"],"gold_per_floor":[113,113,113,123,142,172,172,278,278,344,394,394,394,167,167,340,340,380,417,397,441,441,466,466],"floor_reached":23,"language":"ZHS","playtime":1395,"items_purged":["MostiFishMod:PerfectParry","MostiFishMod:PerfectParry","Reflex","Masterful Stab"],"score":259,"play_id":"c881a102-ad83-4e7c-883b-fd720e492f64","local_time":"20210125140227","is_ascension_mode":false,"campfire_choices":[{"data":"Infinite Blades","floor":13,"key":"SMITH"},{"data":"MostiFishMod:LethalBlade","floor":15,"key":"SMITH"}],"circlet_count":0,"master_deck":["Strike_G","Strike_G","Strike_G","Strike_G","Strike_G","Defend_G+1","Defend_G","Defend_G","Defend_G+1","Defend_G","Survivor","Neutralize","AT_FocusSwordFire","Blade Dance","Outmaneuver","MostiFishMod:LethalBlade+1","Infinite Blades+1","MostiFishMod:ShivMaster","MostiFishMod:FrostNova","MostiFishMod:WinterMarkForm","Noxious Fumes+1"],"relics":["Ring of the Snake","AT_ATBox","HushsDoor","REME_ComplimentaryCards","DaveBox","ArrowTower","GuppysPaw","SynthV:TestCard","AT_MibuBalloonWealth","conspire:TopHat","BookOfRevelations","AT_TheCollector","AT_ChloranthyRing","aspiration:SeaSaltIceCream","aspiration:DSix","FrostBlade","GuppysHairball","aspiration:RitualStick"],"acts_visited":["Exordium","TheCity"],"potions_floor_usage":[],"damage_taken":[{"damage":4,"enemies":"2 Louse","floor":1,"turns":3},{"damage":0,"enemies":"Small Slimes","floor":4,"turns":3},{"damage":0,"enemies":"Cultist","floor":5,"turns":3},{"damage":13,"enemies":"Gremlin Nob","floor":6,"turns":4},{"damage":10,"enemies":"3 Sentries","floor":8,"turns":4},{"damage":0,"enemies":"Exordium Wildlife","floor":10,"turns":3},{"damage":9,"enemies":"Gremlin Nob","floor":11,"turns":4},{"damage":0,"enemies":"Slime Boss","floor":16,"turns":7},{"damage":25,"enemies":"Shell Parasite","floor":18,"turns":5},{"damage":14,"enemies":"Spheric Guardian","floor":19,"turns":4},{"damage":0,"enemies":"Snake Plant","floor":21,"turns":3},{"damage":12,"enemies":"Slavers","floor":23,"turns":2}],"seed_played":"-7495846525996982637","potions_obtained":[{"floor":0,"key":"Guardian:BlockOnCardUsePotion"},{"floor":0,"key":"SpeedPotion"},{"floor":0,"key":"Strength Potion"}],"is_trial":false,"path_per_floor":["M","?","?","M","M","E","T","E","T","M","E","$","R","$","R","B",null,"M","M","$","M","?","E"],"character_chosen":"THE_SILENT","items_purchased":["AT_ChloranthyRing","aspiration:SeaSaltIceCream","MostiFishMod:PerfectParry","GuppysHairball"],"campfire_rested":0,"item_purchase_floors":[14,14,14,17],"current_hp_per_floor":[66,52,52,52,52,39,39,29,29,29,20,20,20,20,20,20,60,35,21,21,21,9,0,0],"gold":466,"neow_bonus":"THREE_SMALL_POTIONS","is_daily":false,"chose_seed":false,"campfire_upgraded":2,"win_rate":0.0,"timestamp":1611554547,"path_taken":["M","?","?","?","M","E","?","E","T","M","E","$","R","$","R","BOSS","M","M","$","M","?","E"],"items_purchased_type":["Relic","Relic","Card","Relic"],"build_version":"2020-12-22","purchased_purges":4,"victory":false,"max_hp_per_floor":[70,70,70,70,70,70,70,70,70,70,70,70,70,70,70,70,60,60,60,60,60,60,60,60],"card_choices":[{"not_picked":["Backflip","AT_WindRun"],"picked":"Blade Dance","floor":1},{"not_picked":["Calculated Gamble","AT_WindFlip","Crippling Poison","Flying Knee"],"picked":"Reflex","floor":4},{"not_picked":["Backflip","MostiFishMod:GrandStart","All Out Attack","Quick Slash"],"picked":"MostiFishMod:PerfectParry","floor":5},{"not_picked":["Dagger Throw","Calculated Gamble","Predator","Quick Slash"],"picked":"Masterful Stab","floor":6},{"not_picked":["Deadly Poison","Quick Slash","Prepared","Dagger Throw"],"picked":"Outmaneuver","floor":8},{"not_picked":["MostiFishMod:PreservedThorns","conspire:DoublingDagger","AT_WindFlip","Flying Knee"],"picked":"MostiFishMod:LethalBlade","floor":10},{"not_picked":["Blade Dance","MostiFishMod:PerfectParry","AT_ThistleTea","AT_WindFlip"],"picked":"Infinite Blades","floor":11},{"not_picked":["MostiFishMod:Confrontation","MostiFishMod:AdrenalineArouse","MostiFishMod:HiddenBlade","After Image"],"picked":"MostiFishMod:ShivMaster","floor":16},{"not_picked":["Blade Dance","Quick Slash","AT_WindFlip+1","Deflect"],"picked":"Noxious Fumes+1","floor":18},{"not_picked":["AT_TinkerSharpsword+1","PiercingWail","AT_ThistleTea+1","Well Laid Plans","Sucker Punch"],"picked":"SKIP","floor":19},{"not_picked":["Escape Plan","Flying Knee+1","Sucker Punch","AT_ThistleTea","AT_WindFlip"],"picked":"SKIP","floor":21}],"player_experience":145639,"relics_obtained":[{"floor":1,"key":"SynthV:TestCard"},{"floor":6,"key":"AT_MibuBalloonWealth"},{"floor":8,"key":"conspire:TopHat"},{"floor":9,"key":"BookOfRevelations"},{"floor":11,"key":"AT_TheCollector"}],"event_choices":[{"damage_healed":0,"gold_gain":0,"player_choice":"Entered Light","damage_taken":14,"max_hp_gain":0,"max_hp_loss":0,"event_name":"Shining Light","floor":2,"gold_loss":0,"cards_upgraded":["Defend_G","Defend_G"]},{"damage_healed":0,"gold_gain":0,"player_choice":"Disagree","damage_taken":0,"max_hp_gain":0,"max_hp_loss":0,"event_name":"conspire:LoneGhost","floor":3,"gold_loss":0}],"is_beta":false,"boss_relics":[{"not_picked":["REME_DuelDisc","conspire:SeveredTorchhead"],"picked":"FrostBlade"},{"not_picked":[]}],"items_purged_floors":[20,20,20,20],"is_endless":false,"potions_floor_spawned":[4,5,6,6,8,8,10,16],"killed_by":"Slavers","ascension_level":0}}