{"host":"qyjrmrr57odine7m","time":1611603492,"event":{"mods":["AchievementEnabler","BaseMod","Bestiary","Block Reminder","Card Forge","Highlight Path","Minty Spire (QoL Compilation)","Permanent Neow","Rare Cards Sparkle","StSLib"],"gold_per_floor":[109,122,122,21,21,49,49,83,109,109,138,158,175,21,21,124,124,137,137,151,166,166,197,197,231,231,231,247,263,290,310,310,406,406,426,438,363,383,383,383,408,418,444,470,470,489,499,532,532,532],"floor_reached":51,"language":"ENG","playtime":5393,"items_purged":[],"score":1585,"play_id":"ed3b7dff-42a6-4dee-a23a-42e3ee7adbf3","local_time":"20210125193812","is_ascension_mode":true,"campfire_choices":[{"floor":7,"key":"REST"},{"floor":10,"key":"REST"},{"floor":15,"key":"REST"},{"floor":24,"key":"REST"},{"floor":27,"key":"REST"},{"floor":32,"key":"REST"},{"floor":40,"key":"REST"},{"floor":45,"key":"REST"},{"floor":49,"key":"REST"}],"circlet_count":0,"master_deck":["AscendersBane","Defend_B+1","Redo+1","Gash+1","Gash+1","Gash+1","Leap+1","Core Surge+1","Leap+1","Reinforced Body+1","Gash+1","Echo Form+1","Defragment+1","Leap+1","Undo+1"],"relics":["Hammer of Thor","Seething Fire","Anvil of the Gods","Black Star","PreservedInsect","Question Card","Eternal Feather","Bottled Lightning","Anchor","Singing Bowl","HornCleat","Medical Kit","Cursed Key","Meat on the Bone","Mercury Hourglass","War Paint","Symbiotic Virus","Whetstone","Juzu Bracelet","Pen Nib","Bag of Marbles","Busted Crown","Smiling Mask","Kunai","Strawberry","Calipers","Toy Ornithopter","Potion Belt","Ancient Tea Set"],"acts_visited":["Exordium","TheCity","TheBeyond"],"potions_floor_usage":[6,6,9,13,21,33,50,50,50],"damage_taken":[{"damage":0,"enemies":"2 Louse","floor":1,"turns":3},{"damage":0,"enemies":"Cultist","floor":2,"turns":4},{"damage":46,"enemies":"Gremlin Nob","floor":6,"turns":5},{"damage":0,"enemies":"Lagavulin","floor":8,"turns":6},{"damage":1,"enemies":"3 Sentries","floor":11,"turns":6},{"damage":0,"enemies":"Small Slimes","floor":12,"turns":3},{"damage":0,"enemies":"Gremlin Gang","floor":13,"turns":2},{"damage":0,"enemies":"The Guardian","floor":16,"turns":9},{"damage":0,"enemies":"Shell Parasite","floor":18,"turns":5},{"damage":0,"enemies":"2 Thieves","floor":20,"turns":5},{"damage":0,"enemies":"Snake Plant","floor":21,"turns":5},{"damage":0,"enemies":"Book of Stabbing","floor":23,"turns":5},{"damage":9,"enemies":"Slavers","floor":25,"turns":5},{"damage":0,"enemies":"Sentry and Sphere","floor":28,"turns":5},{"damage":0,"enemies":"Centurion and Healer","floor":29,"turns":5},{"damage":4,"enemies":"Gremlin Leader","floor":30,"turns":7},{"damage":4,"enemies":"Snake Plant","floor":31,"turns":4},{"damage":82,"enemies":"Champ","floor":33,"turns":9},{"damage":16,"enemies":"3 Darklings","floor":35,"turns":5},{"damage":0,"enemies":"Orb Walker","floor":36,"turns":4},{"damage":13,"enemies":"Jaw Worm Horde","floor":38,"turns":5},{"damage":82,"enemies":"Nemesis","floor":41,"turns":8},{"damage":0,"enemies":"Writhing Mass","floor":42,"turns":9},{"damage":18,"enemies":"Giant Head","floor":44,"turns":7},{"damage":0,"enemies":"Sphere and 2 Shapes","floor":46,"turns":5},{"damage":0,"enemies":"Transient","floor":47,"turns":5},{"damage":45,"enemies":"Reptomancer","floor":48,"turns":7},{"damage":0,"enemies":"Awakened One","floor":50,"turns":12}],"seed_played":"-8460645762804311258","potions_obtained":[{"floor":5,"key":"DistilledChaos"},{"floor":6,"key":"Weak Potion"},{"floor":8,"key":"Fruit Juice"},{"floor":11,"key":"AttackPotion"},{"floor":18,"key":"SkillPotion"},{"floor":21,"key":"FocusPotion"},{"floor":31,"key":"DistilledChaos"},{"floor":33,"key":"LiquidBronze"},{"floor":36,"key":"FocusPotion"},{"floor":48,"key":"AttackPotion"}],"is_trial":false,"path_per_floor":["M","M","?","$","?","E","R","E","T","R","E","M","M","$","R","B",null,"M","T","M","M","$","E","R","E","T","R","M","M","E","M","R","B",null,"M","M","$","M","?","R","E","M","T","E","R","M","M","E","R","B",null],"character_chosen":"DEFECT","items_purchased":["Gash","Explosive Potion","Medical Kit","Defragment"],"campfire_rested":9,"item_purchase_floors":[4,4,14,37],"current_hp_per_floor":[68,68,68,68,68,22,44,54,59,80,82,84,86,86,86,88,88,90,87,87,87,87,89,89,89,89,89,91,93,93,93,93,33,78,74,86,86,95,97,101,43,57,64,80,111,111,113,68,110,113],"gold":532,"neow_bonus":"BOSS_RELIC","is_daily":false,"chose_seed":false,"campfire_upgraded":0,"win_rate":0.0,"timestamp":1611603492,"path_taken":["M","M","?","$","?","E","R","E","T","R","E","M","M","$","R","BOSS","M","?","M","M","$","E","R","E","T","R","M","M","E","M","R","BOSS","M","M","$","M","?","R","E","M","T","E","R","M","M","E","R","BOSS"],"items_purchased_type":["Card","Potion","Relic","Card"],"build_version":"2020-12-22","purchased_purges":0,"victory":true,"max_hp_per_floor":[75,75,75,75,75,75,75,75,80,80,82,84,86,86,86,88,88,90,87,87,87,87,89,89,89,89,89,91,93,93,93,93,93,93,95,97,97,99,101,101,103,105,109,111,111,111,113,113,113,113],"card_choices":[{"not_picked":["Steam","Coolheaded"],"picked":"Redo","floor":1},{"not_picked":["Go for the Eyes","Sweeping Beam"],"picked":"Gash","floor":2},{"not_picked":["Reboot","Lockon"],"picked":"Self Repair","floor":6},{"not_picked":["Redo","Streamline","Go for the Eyes"],"picked":"Gash","floor":8},{"not_picked":["Electrodynamics","Aggregate","Redo","Ball Lightning"],"picked":"Singing Bowl","floor":11},{"not_picked":["Compile Driver","Darkness","Beam Cell","Barrage"],"picked":"Singing Bowl","floor":12},{"not_picked":["Coolheaded","Sweeping Beam","Stack","Beam Cell"],"picked":"Singing Bowl","floor":13},{"not_picked":["Meteor Strike","Amplify","Hyperbeam","Reboot"],"picked":"Singing Bowl","floor":16},{"not_picked":["Beam Cell","Rebound","Sweeping Beam","Tempest"],"picked":"Singing Bowl","floor":18},{"not_picked":["Steam","Hologram+1","Conserve Battery"],"picked":"Leap","floor":20},{"not_picked":["Sunder+1","Beam Cell","Melter+1"],"picked":"Core Surge","floor":21},{"not_picked":["Beam Cell","Static Discharge","Heatsinks","Cold Snap"],"picked":"Singing Bowl","floor":23},{"not_picked":["Core Surge","Consume","BootSequence+1"],"picked":"Leap+1","floor":25},{"not_picked":["Streamline","Steam","Recycle+1","Conserve Battery+1"],"picked":"Singing Bowl","floor":28},{"not_picked":["Hello World+1","Go for the Eyes","Sweeping Beam","Steam"],"picked":"Singing Bowl","floor":29},{"not_picked":["Ball Lightning","Sunder","Multi-Cast"],"picked":"Reinforced Body","floor":30},{"not_picked":["Stack","Turbo+1","Barrage+1"],"picked":"Gash","floor":31},{"not_picked":["Hyperbeam","Multi-Cast","Electrodynamics"],"picked":"Echo Form","floor":33},{"not_picked":["Sweeping Beam","Cold Snap+1"],"picked":"Singing Bowl","floor":35},{"not_picked":["Steam+1","Streamline"],"picked":"Singing Bowl","floor":36},{"not_picked":["Recycle","Coolheaded"],"picked":"Singing Bowl","floor":38},{"not_picked":["Secret Technique","Madness"],"picked":"Singing Bowl","floor":39},{"not_picked":["Conserve Battery","Go for the Eyes"],"picked":"Singing Bowl","floor":41},{"not_picked":["Coolheaded","Glacier"],"picked":"Singing Bowl","floor":42},{"not_picked":["Hologram+1","Ball Lightning"],"picked":"Singing Bowl","floor":44},{"not_picked":["Lockon"],"picked":"Leap","floor":46},{"not_picked":["Auto Shields","Ball Lightning"],"picked":"Singing Bowl","floor":47},{"not_picked":["Sweeping Beam"],"picked":"Undo","floor":48}],"player_experience":1269944,"relics_obtained":[{"floor":6,"key":"PreservedInsect"},{"floor":6,"key":"Question Card"},{"floor":8,"key":"Eternal Feather"},{"floor":8,"key":"Bottled Lightning"},{"floor":9,"key":"Anchor"},{"floor":11,"key":"Singing Bowl"},{"floor":11,"key":"HornCleat"},{"floor":19,"key":"Meat on the Bone"},{"floor":23,"key":"Mercury Hourglass"},{"floor":23,"key":"War Paint"},{"floor":25,"key":"Symbiotic Virus"},{"floor":25,"key":"Whetstone"},{"floor":26,"key":"Juzu Bracelet"},{"floor":30,"key":"Pen Nib"},{"floor":30,"key":"Bag of Marbles"},{"floor":41,"key":"Smiling Mask"},{"floor":41,"key":"Kunai"},{"floor":43,"key":"Strawberry"},{"floor":44,"key":"Calipers"},{"floor":44,"key":"Toy Ornithopter"},{"floor":48,"key":"Potion Belt"},{"floor":48,"key":"Ancient Tea Set"}],"event_choices":[{"damage_healed":0,"gold_gain":0,"player_choice":"Ignored","damage_taken":0,"max_hp_gain":0,"max_hp_loss":0,"event_name":"Shining Light","floor":3,"gold_loss":0},{"damage_healed":0,"gold_gain":0,"player_choice":"Got Potions","damage_taken":0,"max_hp_gain":0,"max_hp_loss":0,"event_name":"Lab","floor":5,"gold_loss":0},{"damage_healed":0,"gold_gain":0,"player_choice":"Memory 1","damage_taken":0,"max_hp_gain":0,"max_hp_loss":0,"event_name":"SensoryStone","floor":39,"gold_loss":0}],"is_beta":false,"boss_relics":[{"not_picked":["Calling Bell","Velvet Choker"],"picked":"Cursed Key"},{"not_picked":["Empty Cage","Astrolabe"],"picked":"Busted Crown"}],"items_purged_floors":[],"is_endless":false,"potions_floor_spawned":[6,8,11,18,21,28,31,33,36,44,48],"ascension_level":11}}