{"host":"17xjy7b7ubl548g2","time":1611541909,"event":{"mods":["2.2 Compatiblity","Act Like it!","Aspiration","Astrologer","Bard","BaseMod","Challenge The Spire","ChefMod","Colored Map","Colored Powertips","Conspire","Elementarium","Energized Spire","Gensokyo","GifTheSpireLib","Halation","Hallownest","Hubris","Infinite Spire","Jedi Mod","Jorbs\u0027s Wanderer Trilogy","Marisa（霧雨　魔理沙）","Marked Mod","Menagerie","Minty Spire (QoL Compilation)","Permanent Neow","Reliquary","Replay The Spire","Robot Space Explorer","Spicy Shops","Spire Arcade","StSLib","Stuff the Spire","The Blue Laboratory","The Bug Knight","The Construct","The Disciple","The Hayseed","The Hierophant","The Marked","The Runesmith","The Sage","TheFirefly"],"gold_per_floor":[110,110,110,10,28,28,71,84,153,197,222,222,222,246,246,341,341,357,377,427,451,470,470,508,144,219,233,251,251,300,327,327,327,327],"floor_reached":33,"language":"ENG","playtime":3317,"items_purged":["Strike_B"],"score":598,"play_id":"2c8f254d-3b68-42fc-adc2-d5758caf44a5","local_time":"20210124213149","is_ascension_mode":true,"campfire_choices":[{"data":"jedi:hex","floor":6.0,"key":"SMITH"},{"data":"Biased Cognition","floor":12.0,"key":"SMITH"},{"data":"Ghostly","floor":15.0,"key":"SMITH"},{"data":"Zap","floor":23.0,"key":"SMITH"},{"data":"Go for the Eyes","floor":29.0,"key":"SMITH"},{"data":"jedi:bruteforce","floor":32.0,"key":"SMITH"}],"circlet_count":0,"master_deck":["AscendersBane","Strike_B","Strike_B","Defend_B","Defend_B","Defend_B","Defend_B","Zap+1","Dualcast","jedi:hex+1","Ghostly+1","Streamline","Biased Cognition+1","Undo","StuffTheSpire:Plugnplay","Reinforced Body","Coolheaded","ReplayTheSpireMod:Omega Cannon","BasicCrystalCard","Stack","BasicCrystalCard+1","Cold Snap","Steam","Poisoned Strike","Rainbow","Go for the Eyes+1","jedi:bruteforce+1","Conserve Battery"],"relics":["FrozenCore","Golden Idol","halation:PinkSoulGem","Pear","Solar Panel","Potion Belt","halation:EternalFortune","Meat on the Bone","BargainBundle","Sundial","CeramicFish"],"acts_visited":["Exordium","TheCity"],"potions_floor_usage":[33,33],"damage_taken":[{"damage":7.0,"enemies":"Jaw Worm","floor":1.0,"turns":3.0},{"damage":0.0,"enemies":"2 Louse","floor":5.0,"turns":3.0},{"damage":9.0,"enemies":"Replay:BlueRogue","floor":7.0,"turns":5.0},{"damage":0.0,"enemies":"conspire:RoseBush","floor":8.0,"turns":2.0},{"damage":8.0,"enemies":"Gremlin Nob","floor":10.0,"turns":4.0},{"damage":3.0,"enemies":"3 Louse","floor":11.0,"turns":4.0},{"damage":1.0,"enemies":"Exordium Wildlife","floor":14.0,"turns":4.0},{"damage":25.0,"enemies":"Hexaghost","floor":16.0,"turns":11.0},{"damage":0.0,"enemies":"2 Thieves","floor":18.0,"turns":1.0},{"damage":0.0,"enemies":"3 Byrds","floor":19.0,"turns":4.0},{"damage":29.0,"enemies":"Shelled Parasite and Fungi","floor":21.0,"turns":7.0},{"damage":14.0,"enemies":"Snake Plant","floor":22.0,"turns":5.0},{"damage":21.0,"enemies":"conspire:SneckoGhost","floor":24.0,"turns":6.0},{"damage":2.0,"enemies":"conspire:HollyBat","floor":27.0,"turns":11.0},{"damage":10.0,"enemies":"Centurion and Healer","floor":28.0,"turns":5.0},{"damage":13.0,"enemies":"HollowMod:Nosk","floor":30.0,"turns":8.0},{"damage":0.0,"enemies":"Cultist and Chosen","floor":31.0,"turns":3.0},{"damage":51,"enemies":"Pondfish","floor":33,"turns":8}],"seed_played":"6764885470318083364","potions_obtained":[{"floor":1.0,"key":"Swift Potion"},{"floor":11.0,"key":"blueLaboratory:BubblePotion"},{"floor":18.0,"key":"Strength Potion"},{"floor":21.0,"key":"blueLaboratory:LouseDecoction"},{"floor":27.0,"key":"Reflective Coating"},{"floor":31.0,"key":"blueLaboratory:AbyssPotion"}],"is_trial":false,"path_per_floor":["M","?","?","?","M","R","E","M","T","E","M","R","?","M","R","B",null,"M","M","?","M","M","R","E","$","T","M","M","R","E","M","R","B"],"character_chosen":"DEFECT","items_purchased":["BargainBundle","Poisoned Strike","Rainbow","blueLaboratory:SystemWipe","Strength Potion"],"campfire_rested":0,"item_purchase_floors":[25,25,25,25,25],"current_hp_per_floor":[57,57,57,57,57,57,58,58,58,54,55,55,58,61,61,40,68,70,72,72,47,39,39,18,18,18,32,34,34,35,50,50,0,0],"gold":327,"neow_bonus":"REMOVE_CARD","is_daily":false,"chose_seed":false,"campfire_upgraded":6,"win_rate":0.0,"timestamp":1611541909,"path_taken":["M","?","?","?","M","R","E","M","T","E","M","R","?","?","R","BOSS","M","M","?","M","?","R","E","$","T","M","M","R","E","M","R","BOSS"],"items_purchased_type":["Relic","Card","Card","Potion","Potion"],"build_version":"2020-12-22","purchased_purges":1,"victory":false,"max_hp_per_floor":[71,64,64,64,64,64,74,74,74,74,74,74,77,77,77,77,77,77,77,77,77,77,77,77,77,77,77,77,77,77,80,80,80,80],"card_choices":[{"not_picked":["StuffTheSpire:GlassShard","Streamline"],"picked":"jedi:hex","floor":1.0},{"not_picked":["Compile Driver","Rebound"],"picked":"Streamline","floor":5.0},{"not_picked":["Compile Driver","Genetic Algorithm"],"picked":"Biased Cognition","floor":7.0},{"not_picked":["jedi:BurstLightning","Rebound"],"picked":"Undo","floor":8.0},{"not_picked":["Beam Cell","jedi:BurstDark"],"picked":"StuffTheSpire:Plugnplay","floor":10.0},{"not_picked":["ReplaySort","Turbo"],"picked":"Reinforced Body","floor":11.0},{"not_picked":["Capacitor","Hologram"],"picked":"Coolheaded","floor":14.0},{"not_picked":["jedi:readyaimfire","Hyperbeam"],"picked":"ReplayTheSpireMod:Omega Cannon","floor":16.0},{"not_picked":["Crystallizer","Stack"],"picked":"BasicCrystalCard","floor":18.0},{"not_picked":["StuffTheSpire:CleanHardDrive","Gash"],"picked":"Stack","floor":19.0},{"not_picked":["Streamline","Rebound+1"],"picked":"BasicCrystalCard+1","floor":21.0},{"not_picked":["Rebound","Machine Learning"],"picked":"Cold Snap","floor":22.0},{"not_picked":["Stack","jedi:gatheringstorm"],"picked":"Steam","floor":24.0},{"not_picked":["Aggregate","Beam Cell"],"picked":"Go for the Eyes","floor":27.0},{"not_picked":["Static Discharge","StuffTheSpire:LoadUp","Barrage"],"picked":"SKIP","floor":28.0},{"not_picked":["Static Discharge","Beam Cell"],"picked":"jedi:bruteforce","floor":30.0},{"not_picked":["Cold Snap","jedi:spotbugs"],"picked":"Conserve Battery","floor":31.0}],"player_experience":1890047,"relics_obtained":[{"floor":7.0,"key":"Pear"},{"floor":9.0,"key":"Solar Panel"},{"floor":10.0,"key":"Potion Belt"},{"floor":24.0,"key":"Meat on the Bone"},{"floor":26.0,"key":"Sundial"},{"floor":30.0,"key":"CeramicFish"},{"floor":31.0,"key":"halation:EternalFortune"}],"event_choices":[{"damage_healed":0.0,"max_hp_gain":0.0,"max_hp_loss":7.0,"gold_gain":0.0,"event_name":"Golden Idol","player_choice":"Lose Max HP","floor":2.0,"gold_loss":0.0,"damage_taken":0.0,"relics_obtained":["Golden Idol"]},{"damage_healed":0.0,"max_hp_gain":0.0,"max_hp_loss":0.0,"gold_gain":0.0,"event_name":"conspire:LoneGhost","player_choice":"Argue","floor":4.0,"gold_loss":0.0,"damage_taken":0.0},{"damage_healed":0.0,"max_hp_gain":0.0,"max_hp_loss":0.0,"gold_gain":50.0,"event_name":"Golden Shrine","player_choice":"Pray","floor":20.0,"gold_loss":0.0,"damage_taken":0.0}],"is_beta":false,"boss_relics":[{"not_picked":["Replay:Bronze Core","Calling Bell"],"picked":"FrozenCore"}],"items_purged_floors":[25],"is_endless":false,"potions_floor_spawned":[1,11,18,21,27,31],"killed_by":"Pondfish","ascension_level":20}}