{"host":"q0qnzbgdx8oqogg9","time":1611542340,"event":{"mods":["BaseMod","Minty Spire (QoL Compilation)","StSLib"],"gold_per_floor":[119,133,64,77,97,131,131,151,151,151,151,170,183,216,216,315,315,328,328,345,245,257,257,277,295,295,307,307,307],"floor_reached":28,"language":"ENG","playtime":1016,"items_purged":["Grand Finale"],"score":366,"play_id":"777ed4fb-ba48-4b38-b835-15c1591ccec8","local_time":"20210124213900","is_ascension_mode":true,"campfire_choices":[{"data":"Glass Knife","floor":7,"key":"SMITH"},{"data":"Backstab","floor":10,"key":"SMITH"},{"data":"Terror","floor":15,"key":"SMITH"},{"floor":23,"key":"REST"}],"circlet_count":0,"master_deck":["AscendersBane","Survivor","Neutralize","Glass Knife+1","Dodge and Roll","Blade Dance","Dash","Dagger Throw","Backstab+1","Terror+1","Deadly Poison","Bouncing Flask","Adrenaline","Flechettes","Footwork","Accuracy","Deflect","Catalyst","Eviscerate","Infinite Blades","Accuracy","Dodge and Roll","Acrobatics"],"relics":["Ring of the Snake","Bag of Marbles","The Specimen","Shuriken","Pandora\u0027s Box","Singing Bowl"],"acts_visited":["Exordium","TheCity"],"potions_floor_usage":[16,27,27],"damage_taken":[{"damage":0,"enemies":"Cultist","floor":1,"turns":3},{"damage":4,"enemies":"2 Louse","floor":2,"turns":3},{"damage":6,"enemies":"Small Slimes","floor":4,"turns":3},{"damage":0,"enemies":"Looter","floor":5,"turns":4},{"damage":18,"enemies":"3 Sentries","floor":6,"turns":8},{"damage":0,"enemies":"Large Slime","floor":8,"turns":3},{"damage":4,"enemies":"2 Fungi Beasts","floor":12,"turns":3},{"damage":0,"enemies":"Blue Slaver","floor":13,"turns":3},{"damage":12,"enemies":"Lagavulin","floor":14,"turns":4},{"damage":3,"enemies":"Hexaghost","floor":16,"turns":6},{"damage":12,"enemies":"Chosen","floor":18,"turns":3},{"damage":2,"enemies":"3 Byrds","floor":20,"turns":4},{"damage":19,"enemies":"Shelled Parasite and Fungi","floor":22,"turns":4},{"damage":0,"enemies":"Snecko","floor":24,"turns":3},{"damage":22,"enemies":"Snake Plant","floor":25,"turns":3},{"damage":19,"enemies":"Sentry and Sphere","floor":27,"turns":4},{"damage":7,"enemies":"Snecko","floor":28,"turns":2}],"seed_played":"-388965504515609395","potions_obtained":[{"floor":2,"key":"LiquidBronze"},{"floor":5,"key":"Energy Potion"},{"floor":8,"key":"GamblersBrew"},{"floor":25,"key":"EssenceOfSteel"},{"floor":27,"key":"Fruit Juice"}],"is_trial":false,"path_per_floor":["M","M","$","M","M","E","R","M","T","R","?","M","M","E","R","B",null,"M","?","M","$","M","R","M","M","T","M","M"],"character_chosen":"THE_SILENT","items_purchased":["Dash","Acrobatics"],"campfire_rested":1,"item_purchase_floors":[3,21],"current_hp_per_floor":[63,59,59,53,53,35,35,35,35,35,35,31,31,19,19,16,57,45,45,43,43,24,45,45,23,23,6,0,0],"gold":307,"neow_bonus":"ONE_RANDOM_RARE_CARD","is_daily":false,"chose_seed":false,"campfire_upgraded":3,"win_rate":0.0,"timestamp":1611542340,"path_taken":["M","M","?","?","M","E","R","M","T","R","?","M","?","E","R","BOSS","M","?","M","$","M","R","?","M","T","M","M"],"items_purchased_type":["Card","Card"],"build_version":"2020-12-22","purchased_purges":1,"victory":false,"max_hp_per_floor":[70,70,70,70,70,70,70,70,70,70,70,70,70,70,70,70,70,70,70,70,70,70,70,70,70,70,72,72,72],"card_choices":[{"not_picked":["Acrobatics","Deadly Poison"],"picked":"Dodge and Roll","floor":1},{"not_picked":["Infinite Blades","Dagger Throw"],"picked":"Blade Dance","floor":2},{"not_picked":["Distraction","Poisoned Stab"],"picked":"Dagger Throw","floor":4},{"not_picked":["Predator","Masterful Stab","Slice"],"picked":"SKIP","floor":5},{"not_picked":["Blade Dance","Underhanded Strike","Deflect"],"picked":"SKIP","floor":6},{"not_picked":["Catalyst","Dagger Spray"],"picked":"Backstab","floor":8},{"not_picked":["Prepared","Masterful Stab","Blade Dance"],"picked":"SKIP","floor":12},{"not_picked":["Cloak And Dagger","Skewer"],"picked":"Deadly Poison","floor":13},{"not_picked":["Eviscerate","Dagger Spray"],"picked":"Bouncing Flask","floor":14},{"not_picked":["After Image","Corpse Explosion"],"picked":"Adrenaline","floor":16},{"not_picked":["Skewer","Poisoned Stab","Flying Knee+1"],"picked":"SKIP","floor":18},{"not_picked":["Blade Dance","Deadly Poison"],"picked":"Dodge and Roll","floor":20},{"not_picked":["Sucker Punch","Footwork+1","Poisoned Stab"],"picked":"SKIP","floor":22},{"not_picked":["Poisoned Stab","Crippling Poison","Tactician"],"picked":"SKIP","floor":24},{"not_picked":["Infinite Blades+1","Blade Dance+1","Catalyst+1"],"picked":"SKIP","floor":25},{"not_picked":["Expertise","Slice","Quick Slash"],"picked":"Singing Bowl","floor":27}],"player_experience":296477,"relics_obtained":[{"floor":6,"key":"Bag of Marbles"},{"floor":9,"key":"The Specimen"},{"floor":14,"key":"Shuriken"},{"floor":26,"key":"Singing Bowl"}],"event_choices":[{"damage_healed":0,"gold_gain":0,"cards_transformed":["Strike_G"],"player_choice":"Transformed","damage_taken":0,"max_hp_gain":0,"max_hp_loss":0,"event_name":"Transmorgrifier","floor":11,"gold_loss":0,"cards_obtained":["Terror"]},{"damage_healed":0,"gold_gain":0,"cards_transformed":["A Thousand Cuts"],"player_choice":"Transformed","damage_taken":0,"max_hp_gain":0,"max_hp_loss":0,"event_name":"Transmorgrifier","floor":19,"gold_loss":0,"cards_obtained":["Accuracy"]}],"is_beta":false,"boss_relics":[{"not_picked":["HoveringKite","Snecko Eye"],"picked":"Pandora\u0027s Box"}],"items_purged_floors":[21],"is_endless":false,"potions_floor_spawned":[2,5,8,12,14,25,27],"killed_by":"Snecko","ascension_level":11}}