{"host":"cimxalwyqyblhb3d","time":1611601449,"event":{"mods":["AchievementEnabler","BaseMod","Colored Powertips","Evolution","Minty Spire (QoL Compilation)","Quick Restart","Relic Stats","StSLib"],"gold_per_floor":[115,127,146,156,123,450,420,450,450,450,462,474,116,133,133,235,235,254,254,254,73,85,116,116,129,129,129,176,176,196,24,24,24,24],"floor_reached":33,"language":"FRA","playtime":1131,"items_purged":[],"score":346,"play_id":"3320d9b3-6c2e-4bc1-aeec-18cd209f369f","local_time":"20210125200409","is_ascension_mode":true,"campfire_choices":[{"data":"Bouncing Flask","floor":10,"key":"SMITH"},{"data":"Catalyst","floor":15,"key":"SMITH"},{"data":"Sadistic Nature","floor":24,"key":"SMITH"},{"data":"Crippling Poison","floor":27,"key":"SMITH"},{"data":"Deadly Poison","floor":29,"key":"SMITH"},{"floor":32,"key":"REST"}],"circlet_count":0,"master_deck":["Poisoned Stab","Poisoned Stab","Strike_G","Strike_G","Defend_G","Defend_G","Defend_G","Defend_G","Defend_G","Survivor","Neutralize","Die Die Die","Bouncing Flask+1","Catalyst+1","Crippling Poison+1","Deadly Poison+1","Bane","Deadly Poison","Deflect+1","Sadistic Nature+1","Blur"],"relics":["Ring of the Snake","EVO:Axolotl","Old Coin","FossilizedHelix","Du-Vu Doll","Darkstone Periapt","Velvet Choker","Ginger","Bottled Lightning","Toy Ornithopter","Membership Card"],"acts_visited":["Exordium","TheCity"],"potions_floor_usage":[6,8,8,16,18,30,33,33],"damage_taken":[{"damage":4,"enemies":"2 Louse","floor":1,"turns":2},{"damage":1,"enemies":"Cultist","floor":2,"turns":3},{"damage":4,"enemies":"Jaw Worm","floor":3,"turns":3},{"damage":0,"enemies":"Gremlin Gang","floor":4,"turns":1},{"damage":6,"enemies":"3 Sentries","floor":6,"turns":9},{"damage":26,"enemies":"Gremlin Nob","floor":8,"turns":4},{"damage":2,"enemies":"Exordium Thugs","floor":11,"turns":3},{"damage":9,"enemies":"Large Slime","floor":12,"turns":6},{"damage":0,"enemies":"2 Fungi Beasts","floor":14,"turns":3},{"damage":13,"enemies":"The Guardian","floor":16,"turns":7},{"damage":8,"enemies":"2 Thieves","floor":18,"turns":3},{"damage":4,"enemies":"Chosen","floor":22,"turns":3},{"damage":22,"enemies":"Slavers","floor":23,"turns":4},{"damage":15,"enemies":"Centurion and Healer","floor":25,"turns":5},{"damage":0,"enemies":"Cultist and Chosen","floor":30,"turns":3},{"damage":80,"enemies":"Automaton","floor":33,"turns":8}],"seed_played":"2289828765239253236","potions_obtained":[{"floor":1,"key":"GhostInAJar"},{"floor":6,"key":"Regen Potion"},{"floor":7,"key":"Poison Potion"},{"floor":7,"key":"SpeedPotion"},{"floor":11,"key":"Strength Potion"},{"floor":16,"key":"ColorlessPotion"},{"floor":25,"key":"Energy Potion"}],"is_trial":false,"path_per_floor":["M","M","M","M","$","E","?","E","T","R","M","M","$","M","R","B",null,"M","$","?","$","M","E","R","M","T","R","T","R","M","$","R","B"],"character_chosen":"THE_SILENT","items_purchased":["Crippling Poison","Darkstone Periapt","FairyPotion","Sadistic Nature","Membership Card","Block Potion"],"campfire_rested":1,"item_purchase_floors":[5,13,13,21,31,31],"current_hp_per_floor":[66,65,61,61,61,55,55,41,41,41,39,30,30,30,30,17,57,49,49,49,49,45,23,23,8,8,8,8,8,13,13,34,0,0],"gold":24,"neow_bonus":"ONE_RANDOM_RARE_CARD","is_daily":false,"chose_seed":false,"campfire_upgraded":5,"win_rate":0.0,"timestamp":1611601449,"path_taken":["M","M","M","M","$","E","?","E","T","R","M","M","$","?","R","BOSS","M","$","?","$","?","E","R","M","T","R","?","R","M","$","R","BOSS"],"items_purchased_type":["Card","Relic","Potion","Card","Relic","Potion"],"build_version":"2020-12-22","purchased_purges":0,"victory":false,"max_hp_per_floor":[70,70,70,70,70,70,70,70,70,70,70,70,70,70,70,70,70,70,70,70,70,70,70,70,70,70,70,70,70,70,70,70,70,70],"relic_stats":{"Darkstone Periapt":0,"counters":[16,67],"Ginger":[0],"obtain_stats":[{"Du-Vu Doll":9,"Darkstone Periapt":13,"Velvet Choker":17,"EVO:Axolotl":0,"Ginger":23,"Bottled Lightning":26,"Membership Card":31,"FossilizedHelix":8,"Toy Ornithopter":28,"Ring of the Snake":0,"Old Coin":6},{"Du-Vu Doll":6,"Darkstone Periapt":8,"Velvet Choker":10,"EVO:Axolotl":0,"Ginger":13,"Bottled Lightning":14,"Membership Card":15,"FossilizedHelix":6,"Toy Ornithopter":14,"Ring of the Snake":0,"Old Coin":5},{"Du-Vu Doll":22,"Darkstone Periapt":31,"Velvet Choker":41,"EVO:Axolotl":0,"Ginger":51,"Bottled Lightning":56,"Membership Card":59,"FossilizedHelix":22,"Toy Ornithopter":56,"Ring of the Snake":0,"Old Coin":18}],"Toy Ornithopter":15,"Ring of the Snake":[32]},"card_choices":[{"not_picked":["Bane","Prepared"],"picked":"Bouncing Flask","floor":1},{"not_picked":["Cloak And Dagger","Blade Dance","Finisher"],"picked":"SKIP","floor":2},{"not_picked":["Blur","Dagger Throw"],"picked":"Catalyst","floor":3},{"not_picked":["Cloak And Dagger","Dodge and Roll","Eviscerate"],"picked":"SKIP","floor":4},{"not_picked":["Sucker Punch","Caltrops","Finisher"],"picked":"SKIP","floor":6},{"not_picked":["Dagger Throw","Concentrate"],"picked":"Deadly Poison","floor":8},{"not_picked":["Well Laid Plans","Catalyst"],"picked":"Bane","floor":11},{"not_picked":["Dodge and Roll","Cloak And Dagger"],"picked":"Deadly Poison","floor":12},{"not_picked":["Acrobatics","Flechettes","Grand Finale"],"picked":"SKIP","floor":14},{"not_picked":["Infinite Blades+1","Cloak And Dagger+1"],"picked":"Deflect+1","floor":18},{"not_picked":["Choke+1","Quick Slash","Riddle With Holes+1"],"picked":"SKIP","floor":22},{"not_picked":["Phantasmal Killer","Grand Finale"],"picked":"Blur","floor":23},{"not_picked":["Expertise","Heel Hook","All Out Attack"],"picked":"SKIP","floor":25},{"not_picked":["Outmaneuver","Riddle With Holes","Prepared"],"picked":"SKIP","floor":30}],"player_experience":531054,"relics_obtained":[{"floor":6,"key":"Old Coin"},{"floor":8,"key":"FossilizedHelix"},{"floor":9,"key":"Du-Vu Doll"},{"floor":23,"key":"Ginger"},{"floor":26,"key":"Bottled Lightning"},{"floor":28,"key":"Toy Ornithopter"}],"event_choices":[{"damage_healed":0,"gold_gain":0,"player_choice":"Bought 2 Potions","damage_taken":0,"max_hp_gain":0,"max_hp_loss":0,"event_name":"The Woman in Blue","floor":7,"gold_loss":0},{"cards_removed":["Strike_G"],"damage_healed":0,"gold_gain":0,"player_choice":"Purged","damage_taken":0,"max_hp_gain":0,"max_hp_loss":0,"event_name":"Purifier","floor":20,"gold_loss":0}],"is_beta":false,"boss_relics":[{"not_picked":["Pandora\u0027s Box","Empty Cage"],"picked":"Velvet Choker"}],"items_purged_floors":[],"is_endless":false,"potions_floor_spawned":[1,6,11,14,16,25],"killed_by":"Automaton","ascension_level":5}}