{"host":"95ip98gf8c4vrv08","time":1611574729,"event":{"mods":["Arknights The Spire","BaseMod","Minty Spire (QoL Compilation)","Quick Restart","Reimu??????","Relic Stats","StSLib","The Bug Knight","The Gatherer","The Senshi","??????REMEMod","????"],"gold_per_floor":[215,215,215,230,245,1,12,30,56,83,63,79,79,97,97,97,97],"floor_reached":16,"language":"ZHS","playtime":615,"items_purged":[],"score":104,"play_id":"f4043558-54b8-4f76-93dd-47302ca61066","local_time":"20210125193849","is_ascension_mode":false,"campfire_choices":[{"floor":13,"key":"REST"},{"floor":15,"key":"REST"}],"circlet_count":0,"master_deck":["ats:Strike C","ats:Strike G","ats:Strike S+1","ats:Strike V+1","ats:Armor Crushing Shot","ats:Defend","ats:Defend","ats:Defend","ats:Emotion Absorption","ats:Closed Bolt Burst Fire","ats:Soul Absorption","ats:Song Of Battle","ats:Rat Pack","ats:Neurotoxin","ats:Soul Absorption","ats:Defend Order","ats:Thorns"],"relics":["ats:Sanity","REME_ComplimentaryCards","Omamori","White Beast Statue","Bag of Preparation","ats:Originium","Whetstone"],"acts_visited":["Exordium"],"potions_floor_usage":[10,10,11,12,16,16],"damage_taken":[{"damage":0.0,"enemies":"2 Louse","floor":1.0,"turns":3.0},{"damage":1.0,"enemies":"Jaw Worm","floor":4.0,"turns":3.0},{"damage":1.0,"enemies":"Cultist","floor":5.0,"turns":3.0},{"damage":17,"enemies":"3 Louse","floor":7,"turns":4},{"damage":10,"enemies":"Blue Slaver","floor":8,"turns":5},{"damage":6,"enemies":"Gremlin Nob","floor":10,"turns":4},{"damage":0,"enemies":"Gremlin Gang","floor":12,"turns":3},{"damage":0,"enemies":"Large Slime","floor":14,"turns":5},{"damage":68,"enemies":"Hexaghost","floor":16,"turns":14}],"seed_played":"-7533419112267398697","potions_obtained":[{"floor":7,"key":"FearPotion"},{"floor":8,"key":"Block Potion"},{"floor":10,"key":"Explosive Potion"},{"floor":11,"key":"REME_GoldPotion"},{"floor":12,"key":"Ancient Potion"},{"floor":14,"key":"LiquidMemories"}],"is_trial":false,"path_per_floor":["M","?","?","M","M","R","M","M","T","E","?","M","R","M","R","B"],"character_chosen":"DOCTOR_CLASS","items_purchased":["White Beast Statue"],"campfire_rested":2,"item_purchase_floors":[6],"current_hp_per_floor":[72,65,58,57,56,56,39,29,29,23,23,23,44,44,65,0,0],"gold":97,"neow_bonus":"HUNDRED_GOLD","is_daily":false,"chose_seed":false,"campfire_upgraded":0,"win_rate":0.0,"timestamp":1611574729,"path_taken":["M","?","?","M","M","R","M","M","T","E","?","?","R","M","R","BOSS"],"items_purchased_type":["Relic"],"build_version":"2020-12-22","purchased_purges":0,"victory":false,"max_hp_per_floor":[72,72,72,72,72,72,72,72,72,72,72,72,72,72,72,72,72],"relic_stats":{"counters":[9,44],"Bag of Preparation":[8],"Whetstone":["ats:Strike V","ats:Strike S"],"obtain_stats":[{"ats:Originium":10,"Omamori":3,"Bag of Preparation":9,"ats:Sanity":0,"Whetstone":10,"White Beast Statue":6,"REME_ComplimentaryCards":0},{"ats:Originium":6,"Omamori":1,"Bag of Preparation":5,"ats:Sanity":0,"Whetstone":6,"White Beast Statue":3,"REME_ComplimentaryCards":0},{"ats:Originium":22,"Omamori":3,"Bag of Preparation":18,"ats:Sanity":0,"Whetstone":22,"White Beast Statue":9,"REME_ComplimentaryCards":0}]},"card_choices":[{"not_picked":["ats:Guard Mode","ats:Curse Doll"],"picked":"ats:Closed Bolt Burst Fire","floor":1.0},{"not_picked":["ats:Very Hot Blade","ats:Demon Strength"],"picked":"ats:Soul Absorption","floor":4.0},{"not_picked":["ats:Automatic Cover","ats:Beaten Up"],"picked":"ats:Song Of Battle","floor":5.0},{"not_picked":["ats:Flexible Camouflage","ats:Powerful Strike"],"picked":"ats:Rat Pack","floor":7},{"not_picked":["ats:Explosion Area Strengthen","ats:Thermite Blade"],"picked":"ats:Neurotoxin","floor":8},{"not_picked":["ats:Flexible Camouflage","ats:LN2 Cannon"],"picked":"ats:Soul Absorption","floor":10},{"not_picked":["ats:Flexible Camouflage","ats:Cat Scratch"],"picked":"ats:Defend Order","floor":12},{"not_picked":["ats:Leaping Hammer","ats:Healing Strengthening"],"picked":"ats:Thorns","floor":14}],"player_experience":206601,"relics_obtained":[{"floor":9,"key":"Bag of Preparation"},{"floor":10,"key":"ats:Originium"},{"floor":10,"key":"Whetstone"}],"event_choices":[{"cards_removed":["ats:Defend"],"damage_healed":0.0,"max_hp_gain":0.0,"max_hp_loss":0.0,"gold_gain":0.0,"event_name":"Golden Wing","player_choice":"Card Removal","floor":2.0,"gold_loss":0.0,"damage_taken":7.0},{"damage_healed":0.0,"max_hp_gain":0.0,"max_hp_loss":0.0,"gold_gain":0.0,"event_name":"Scrap Ooze","player_choice":"Success","floor":3.0,"gold_loss":0.0,"damage_taken":7.0,"relics_obtained":["Omamori"]},{"damage_healed":0,"gold_gain":0,"player_choice":"Bought 1 Potion","damage_taken":0,"max_hp_gain":0,"max_hp_loss":0,"event_name":"The Woman in Blue","floor":11,"gold_loss":0}],"is_beta":false,"boss_relics":[],"items_purged_floors":[],"is_endless":false,"potions_floor_spawned":[7,8,10,12,14],"killed_by":"Hexaghost","ascension_level":0}}