{"host":"5nrsd95zehlinljn","time":1611602678,"event":{"mods":["2.2 Compatiblity","BaseMod","Beaked The Cultist","Better Note","Friendly Minions","GifTheSpireLib","GungeonMod","Minty Spire (QoL Compilation)","StS++","StSLib","everything is the same but u backflip on backflip","thorton"],"gold_per_floor":[145,145,45,45,64,64,82,47,47,65,99,99,99,122,122,233,233,258,282,304,325,351,359,359,359],"floor_reached":23,"language":"ENG","playtime":2959,"items_purged":["Normality"],"score":195,"play_id":"9711136c-104b-48f9-b25b-ee92882fe054","local_time":"20210125192438","is_ascension_mode":false,"campfire_choices":[{"data":"thethorton:Heckle","floor":6.0,"key":"SMITH"},{"floor":12.0,"key":"REST"},{"floor":15.0,"key":"DIG"}],"circlet_count":0,"master_deck":["thethorton:Strike","thethorton:Strike","thethorton:Strike","thethorton:Strike","thethorton:Defend","thethorton:Defend","thethorton:Defend","thethorton:Heckle+1","thethorton:CreditCard","Purity","thethorton:LongTermPayoff","thethorton:BusinessBash","thethorton:WhirlingBriefcase","thethorton:YoureFired","thethorton:StampSmack","thethorton:SummonProfit","thethorton:PocketChange","thethorton:BusinessCard","thethorton:Investment+1"],"relics":["thethorton:CouragePotion","DemoMod:OrangeGuonStone","Shovel","DemoMod:Antibody","Bottled Flame","thethorton:BottledFunds","Ornamental Fan"],"acts_visited":["Exordium","TheCity"],"potions_floor_usage":[22,23],"damage_taken":[{"damage":7.0,"enemies":"Jaw Worm","floor":1.0,"turns":6.0},{"damage":0.0,"enemies":"2 Louse","floor":5.0,"turns":3.0},{"damage":0.0,"enemies":"Small Slimes","floor":7.0,"turns":3.0},{"damage":9.0,"enemies":"Exordium Wildlife","floor":10.0,"turns":4.0},{"damage":23.0,"enemies":"Lagavulin","floor":11.0,"turns":7.0},{"damage":7.0,"enemies":"Red Slaver","floor":14.0,"turns":2.0},{"damage":22.0,"enemies":"Slime Boss","floor":16.0,"turns":8.0},{"damage":35.0,"enemies":"2 Thieves","floor":18.0,"turns":4.0},{"damage":10.0,"enemies":"Shell Parasite","floor":19.0,"turns":7.0},{"damage":39,"enemies":"3 Cultists","floor":20,"turns":6},{"damage":18,"enemies":"Centurion and Healer","floor":21,"turns":7},{"damage":23,"enemies":"Snake Plant","floor":22,"turns":5},{"damage":7,"enemies":"Gremlin Leader","floor":23,"turns":2}],"seed_played":"3703400013009531439","potions_obtained":[{"floor":1.0,"key":"PowerPotion"},{"floor":7.0,"key":"LiquidMemories"},{"floor":11.0,"key":"Fire Potion"},{"floor":14.0,"key":"Weak Potion"},{"floor":16.0,"key":"FairyPotion"},{"floor":18.0,"key":"FearPotion"},{"floor":20,"key":"GamblersBrew"}],"is_trial":false,"path_per_floor":["M","?","$","?","M","R","M","?","T","M","E","R","?","M","R","B",null,"M","M","M","M","M","E"],"character_chosen":"THE_THORT","items_purchased":["thethorton:LongTermPayoff"],"campfire_rested":1,"item_purchase_floors":[3],"current_hp_per_floor":[61,49,49,42,42,42,42,59,59,50,27,67,73,66,66,44,73,42,32,44,26,3,0,0,0],"gold":359,"neow_bonus":"RANDOM_COLORLESS","is_daily":false,"chose_seed":false,"campfire_upgraded":1,"win_rate":0.0,"timestamp":1611602678,"path_taken":["M","?","$","?","M","R","M","?","T","M","E","R","?","?","R","BOSS","M","M","M","M","M","E"],"items_purchased_type":["Card"],"build_version":"2020-12-22","purchased_purges":1,"victory":false,"max_hp_per_floor":[68,68,68,68,68,68,68,68,68,68,68,68,73,73,73,73,73,75,75,75,75,75,75,75,75],"card_choices":[{"not_picked":["Mind Blast","Discovery"],"picked":"Purity","floor":0.0},{"not_picked":["thethorton:AngerMoment","thethorton:ShoutAndRun","thethorton:RunningKick"],"picked":"SKIP","floor":1.0},{"not_picked":["thethorton:Rebalance","thethorton:DownPayment"],"picked":"thethorton:BusinessBash","floor":5.0},{"not_picked":["thethorton:SicklyRun","thethorton:AngerMoment","thethorton:ToxicGreed"],"picked":"SKIP","floor":7.0},{"not_picked":["thethorton:DoubleRun","thethorton:DualBap"],"picked":"thethorton:WhirlingBriefcase","floor":10.0},{"not_picked":["thethorton:Distance","thethorton:StumblingSlap"],"picked":"thethorton:YoureFired","floor":11.0},{"not_picked":["thethorton:TakeAccounts","thethorton:ShoutAndRun"],"picked":"thethorton:StampSmack","floor":14.0},{"not_picked":["thethorton:Fatigue","thethorton:Hexaghostify"],"picked":"thethorton:SummonProfit","floor":16.0},{"not_picked":["thethorton:LongTermPayoff+1","thethorton:TakeAccounts+1"],"picked":"thethorton:PocketChange","floor":18.0},{"not_picked":["thethorton:SicklyRun+1","thethorton:RunningKick"],"picked":"thethorton:BusinessCard","floor":19.0},{"not_picked":["thethorton:WhirlingBriefcase","thethorton:StumblingSlap","thethorton:SicklyRun"],"picked":"SKIP","floor":20},{"not_picked":["thethorton:Demotion","thethorton:LastDitchEffort"],"picked":"thethorton:Investment+1","floor":21},{"not_picked":["thethorton:TakeAccounts","thethorton:LongTermPayoff","thethorton:HitAhead"],"picked":"SKIP","floor":22}],"player_experience":2716367,"relics_obtained":[{"floor":9.0,"key":"Shovel"},{"floor":11.0,"key":"DemoMod:Antibody"},{"floor":15.0,"key":"Bottled Flame"}],"event_choices":[{"damage_healed":0.0,"max_hp_gain":0.0,"max_hp_loss":0.0,"gold_gain":0.0,"event_name":"Scrap Ooze","player_choice":"Success","floor":2.0,"gold_loss":0.0,"damage_taken":12.0,"relics_obtained":["DemoMod:OrangeGuonStone"]},{"cards_removed":["thethorton:Defend"],"damage_healed":0.0,"max_hp_gain":0.0,"max_hp_loss":0.0,"gold_gain":0.0,"event_name":"Golden Wing","player_choice":"Card Removal","floor":4.0,"gold_loss":0.0,"damage_taken":7.0},{"damage_healed":17.0,"max_hp_gain":0.0,"max_hp_loss":0.0,"gold_gain":0.0,"event_name":"The Cleric","player_choice":"Healed","floor":8.0,"gold_loss":35.0,"damage_taken":0.0},{"damage_healed":0.0,"max_hp_gain":5.0,"max_hp_loss":0.0,"gold_gain":0.0,"event_name":"Big Fish","player_choice":"Donut","floor":13.0,"gold_loss":0.0,"damage_taken":0.0}],"is_beta":false,"boss_relics":[{"not_picked":["StSpp:PileOfSugar","Empty Cage"],"picked":"thethorton:BottledFunds"}],"items_purged_floors":[3],"is_endless":false,"potions_floor_spawned":[1,7,11,14,16,18,20],"killed_by":"Gremlin Leader","ascension_level":0}}