{"host":"cimxalwyqyblhb3d","time":1611602589,"event":{"mods":["AchievementEnabler","BaseMod","Colored Powertips","Evolution","Minty Spire (QoL Compilation)","Quick Restart","Relic Stats","StSLib"],"gold_per_floor":[112,127,127,138,59,86,86,106,130,31,31,42,55,71,71,167,167,182,182,56,69,69,69,82,111,111,111,111,122,132,58,58,58,58],"floor_reached":33,"language":"FRA","playtime":1123,"items_purged":["Strike_G"],"score":399,"play_id":"e22383d0-ad67-4c77-b98e-8503a3bb3a03","local_time":"20210125202309","is_ascension_mode":true,"campfire_choices":[{"data":"Sadistic Nature","floor":7.0,"key":"SMITH"},{"data":"Crippling Poison","floor":11.0,"key":"SMITH"},{"floor":15.0,"key":"REST"},{"data":"Venomology","floor":23.0,"key":"SMITH"},{"data":"Poisoned Stab","floor":32,"key":"SMITH"}],"circlet_count":0,"master_deck":["Dagger Throw","Dagger Throw","Strike_G","Defend_G","Defend_G","Defend_G","Defend_G","Defend_G","Survivor","Neutralize","Sadistic Nature+1","Underhanded Strike","Crippling Poison+1","Poisoned Stab","Poisoned Stab+1","Venomology+1","Crippling Poison+1"],"relics":["Ring of the Serpent","EVO:Axolotl","Lantern","Snake Skull","Toy Ornithopter","Meat on the Bone","Molten Egg 2","MutagenicStrength","Gremlin Horn"],"acts_visited":["Exordium","TheCity"],"potions_floor_usage":[24,24,25,29,30,33,33,33],"damage_taken":[{"damage":0.0,"enemies":"Small Slimes","floor":1.0,"turns":3.0},{"damage":0.0,"enemies":"Cultist","floor":2.0,"turns":2.0},{"damage":0.0,"enemies":"2 Louse","floor":4.0,"turns":2.0},{"damage":24.0,"enemies":"Gremlin Nob","floor":6.0,"turns":4.0},{"damage":4.0,"enemies":"Large Slime","floor":8.0,"turns":3.0},{"damage":0.0,"enemies":"Gremlin Gang","floor":12.0,"turns":2.0},{"damage":4.0,"enemies":"Exordium Thugs","floor":13.0,"turns":3.0},{"damage":0.0,"enemies":"Exordium Wildlife","floor":14.0,"turns":5.0},{"damage":0.0,"enemies":"Slime Boss","floor":16.0,"turns":6.0},{"damage":13.0,"enemies":"Spheric Guardian","floor":18.0,"turns":4.0},{"damage":0.0,"enemies":"Shell Parasite","floor":21.0,"turns":2.0},{"damage":22,"enemies":"Centurion and Healer","floor":24,"turns":4},{"damage":4,"enemies":"Gremlin Leader","floor":25,"turns":3},{"damage":8,"enemies":"Snake Plant","floor":29,"turns":4},{"damage":19,"enemies":"Snecko","floor":30,"turns":4},{"damage":114,"enemies":"Champ","floor":33,"turns":11}],"seed_played":"3015187970142863395","potions_obtained":[{"floor":2.0,"key":"SkillPotion"},{"floor":4.0,"key":"Weak Potion"},{"floor":12.0,"key":"Regen Potion"},{"floor":16.0,"key":"Block Potion"},{"floor":18.0,"key":"Poison Potion"},{"floor":21.0,"key":"CunningPotion"},{"floor":25,"key":"CultistPotion"}],"is_trial":false,"path_per_floor":["M","M","?","M","$","E","R","M","T","$","R","M","M","M","R","B",null,"M","?","$","M","$","R","M","E","T","?","?","M","M","$","R","B"],"character_chosen":"THE_SILENT","items_purchased":["Crippling Poison","FairyPotion","Poison Potion","Ancient Potion"],"campfire_rested":1,"item_purchase_floors":[5,10,20,31],"current_hp_per_floor":[49,49,49,49,49,25,25,21,21,21,21,21,17,32,53,53,66,53,53,53,63,63,63,60,61,61,61,61,58,44,44,44,0,0],"gold":58,"neow_bonus":"RANDOM_COLORLESS_2","is_daily":false,"chose_seed":false,"campfire_upgraded":4,"win_rate":0.0,"timestamp":1611602589,"path_taken":["M","M","?","M","$","E","R","?","T","$","R","M","M","M","R","BOSS","M","?","$","M","$","R","M","E","T","?","?","?","M","?","R","BOSS"],"items_purchased_type":["Card","Potion","Potion","Potion"],"build_version":"2020-12-22","purchased_purges":1,"victory":false,"max_hp_per_floor":[70,70,70,70,70,70,70,70,70,70,70,70,70,70,70,70,70,70,70,70,70,70,70,70,70,70,70,70,70,70,70,70,70,70],"relic_stats":{"Gremlin Horn":[0,0],"counters":[16,62],"Snake Skull":[50],"obtain_stats":[{"Lantern":6,"Gremlin Horn":28,"MutagenicStrength":27,"Molten Egg 2":26,"Snake Skull":9,"EVO:Axolotl":0,"Ring of the Serpent":17,"Toy Ornithopter":19,"Ring of the Snake":0,"Meat on the Bone":25},{"Lantern":4,"Gremlin Horn":13,"MutagenicStrength":13,"Molten Egg 2":13,"Snake Skull":5,"EVO:Axolotl":0,"Ring of the Serpent":9,"Toy Ornithopter":10,"Ring of the Snake":0,"Meat on the Bone":13},{"Lantern":11,"Gremlin Horn":43,"MutagenicStrength":43,"Molten Egg 2":43,"Snake Skull":14,"EVO:Axolotl":0,"Ring of the Serpent":30,"Toy Ornithopter":34,"Ring of the Snake":0,"Meat on the Bone":43}],"Toy Ornithopter":50,"Meat on the Bone":0},"card_choices":[{"not_picked":["Metamorphosis","Thinking Ahead"],"picked":"Sadistic Nature","floor":0.0},{"not_picked":["Cloak And Dagger","Riddle With Holes"],"picked":"Underhanded Strike","floor":1.0},{"not_picked":["Dodge and Roll","Choke","Backflip"],"picked":"SKIP","floor":2.0},{"not_picked":["Accuracy","Acrobatics","Blade Dance"],"picked":"SKIP","floor":4.0},{"not_picked":["Riddle With Holes","Bane"],"picked":"Poisoned Stab","floor":6.0},{"not_picked":["Slice","Masterful Stab","Tactician"],"picked":"SKIP","floor":8.0},{"not_picked":["Backflip","Distraction","Infinite Blades"],"picked":"SKIP","floor":12.0},{"not_picked":["Predator","Cloak And Dagger"],"picked":"Poisoned Stab","floor":13.0},{"not_picked":["Skewer","Masterful Stab","Caltrops"],"picked":"SKIP","floor":14.0},{"not_picked":["Storm of Steel","Bullet Time"],"picked":"Venomology","floor":16.0},{"not_picked":["Bane","PiercingWail+1","Flechettes+1"],"picked":"SKIP","floor":18.0},{"not_picked":["Tactician","Riddle With Holes","Dagger Throw"],"picked":"SKIP","floor":21.0},{"not_picked":["Quick Slash","Cloak And Dagger","Dodge and Roll"],"picked":"SKIP","floor":24},{"not_picked":["Quick Slash","Bullet Time","Flying Knee"],"picked":"SKIP","floor":25},{"not_picked":["Dagger Spray+1","Accuracy","Reflex"],"picked":"SKIP","floor":29},{"not_picked":["Accuracy","Blade Dance"],"picked":"Crippling Poison+1","floor":30}],"player_experience":531054,"relics_obtained":[{"floor":6.0,"key":"Lantern"},{"floor":9.0,"key":"Snake Skull"},{"floor":25,"key":"Meat on the Bone"},{"floor":26,"key":"Molten Egg 2"}],"event_choices":[{"damage_healed":0.0,"max_hp_gain":0.0,"max_hp_loss":0.0,"gold_gain":0.0,"event_name":"The Woman in Blue","player_choice":"Bought 0 Potions","floor":3.0,"gold_loss":0.0,"damage_taken":0.0},{"damage_healed":0.0,"max_hp_gain":0.0,"max_hp_loss":0.0,"gold_gain":0.0,"event_name":"The Mausoleum","player_choice":"Opened","floor":19.0,"gold_loss":0.0,"damage_taken":0.0,"relics_obtained":["Toy Ornithopter"]},{"damage_healed":0,"gold_gain":0,"player_choice":"Inject Mutagens","damage_taken":0,"relics_obtained":["MutagenicStrength"],"max_hp_gain":0,"max_hp_loss":0,"event_name":"Drug Dealer","floor":27,"gold_loss":0},{"cards_removed":["Dagger Throw"],"damage_healed":0,"gold_gain":0,"player_choice":"Gave Card","damage_taken":0,"relics_obtained":["Gremlin Horn"],"max_hp_gain":0,"max_hp_loss":0,"event_name":"WeMeetAgain","floor":28,"gold_loss":0}],"is_beta":false,"boss_relics":[{"not_picked":["WristBlade","Runic Dome"],"picked":"Ring of the Serpent"}],"items_purged_floors":[20],"is_endless":false,"potions_floor_spawned":[2,4,12,16,18,21,25,29],"killed_by":"Champ","ascension_level":5}}