{"host":"och2iitg9ibgz06n","time":1611608719,"event":{"mods":["Abigail Mod","AchievementEnabler","Aspiration","BaseMod","Colored Powertips","Dio Mod","Hubris","Hyrulean Relics","Infinite Spire","Minty Spire (QoL Compilation)","Replay The Spire","Small Relic Pack","StSLib","The Animator","The Bug Knight","The Hierophant","The Jungle","The Saiyan","TheHero","Wandering Minibosses","everything is the same but u backflip on backflip","slay the spire mod where everything is the same but ironclad has a cowboy hat"],"gold_per_floor":[117,133,133,151,151,151,151,151,151,162,162,162],"floor_reached":11,"language":"ENG","playtime":280,"items_purged":[],"score":72,"play_id":"135ea0e5-f8d9-4dd6-9f6d-c27ffb01be7f","local_time":"20210125150519","is_ascension_mode":true,"campfire_choices":[{"data":"Neutralize","floor":6,"key":"SMITH"},{"data":"Panacea","floor":8,"key":"SMITH"}],"circlet_count":0,"master_deck":["Strike_G","Strike_G","Strike_G","Strike_G","Strike_G","Defend_G","Defend_G","Defend_G","Defend_G","Defend_G","Survivor","Neutralize+1","Panacea+1","Accuracy","Fluid Movement","Storm of Steel+1","Grand Finale"],"relics":["Ring of the Snake","Counterbalance"],"acts_visited":["Exordium"],"potions_floor_usage":[],"damage_taken":[{"damage":1,"enemies":"Jaw Worm","floor":1,"turns":6},{"damage":0,"enemies":"2 Louse","floor":2,"turns":2},{"damage":1,"enemies":"Cultist","floor":4,"turns":4},{"damage":5,"enemies":"Red Slaver","floor":10,"turns":5},{"damage":32,"enemies":"3 Sentries","floor":11,"turns":6}],"seed_played":"-8065175231732853814","potions_obtained":[{"floor":1,"key":"Swift Potion"}],"is_trial":false,"path_per_floor":["M","M","?","M","?","R","T","R","T","M","E"],"character_chosen":"THE_SILENT","items_purchased":[],"campfire_rested":0,"item_purchase_floors":[],"current_hp_per_floor":[69,69,69,68,68,68,68,68,68,63,31,31],"gold":162,"neow_bonus":"RANDOM_COLORLESS","is_daily":false,"chose_seed":false,"campfire_upgraded":2,"win_rate":0.0,"timestamp":1611608719,"path_taken":["M","M","?","M","?","R","?","R","T","M","E"],"items_purchased_type":[],"build_version":"2020-12-22","purchased_purges":0,"victory":false,"max_hp_per_floor":[70,70,70,70,70,70,70,70,70,70,70,70],"card_choices":[{"not_picked":["Replay:BasicMightCard","ReplayTheSpireMod:Trickstab"],"picked":"Panacea","floor":0},{"not_picked":["Dagger Spray","Outmaneuver"],"picked":"Toxin Wave","floor":1},{"not_picked":["Slice","Backflip"],"picked":"Accuracy","floor":2},{"not_picked":["Flechettes","Backflip"],"picked":"Fluid Movement","floor":4},{"not_picked":["Escape Plan","hubris:Counter"],"picked":"Grand Finale","floor":10}],"player_experience":480630,"relics_obtained":[{"floor":7,"key":"Counterbalance"}],"event_choices":[],"is_beta":false,"boss_relics":[],"items_purged_floors":[],"is_endless":false,"potions_floor_spawned":[1],"killed_by":"3 Sentries","ascension_level":3}}