{"host":"efyizcsfl4z2taeg","time":1611538381,"event":{"mods":["BaseMod","Colored Map","Downfall","Hermit","Highlight Path","Infinite Spire","Marisa????????","Minty Spire (QoL Compilation)","Replay The Spire","StSLib","The Animator","The Cursed","The Disciple","The Jungle","The Servant 0.9.4"],"gold_per_floor":[99,119,132,142,161,176,250,270,290,290,190,201,201,215,232,331,331,331,24,24,40,40,40,140,174,174,174,74,74,93,93,393,409,428,529,529,529,542,595,609,625,270,297,297,309,309,309,339,239,254,273,273,273,303,0,0,0,0],"floor_reached":59,"language":"ENG","playtime":3674,"items_purged":["bronze:CleanCode","bronze:Strike"],"score":1235,"play_id":"664c7f15-c5a8-44c1-9663-44316375764a","local_time":"20210125023301","is_ascension_mode":false,"campfire_choices":[{"floor":1,"key":"DIG"},{"data":"bronze:DelayedSlice","floor":11,"key":"SMITH"},{"data":"bronze:Replicate","floor":11,"key":"SMITH"},{"data":"bronze:Goto","floor":13,"key":"SMITH"},{"data":"bronze:Return","floor":13,"key":"SMITH"},{"floor":18,"key":"RECALL"},{"data":"bronze:WhirlingStrike","floor":28,"key":"SMITH"},{"data":"bronze:Boost","floor":28,"key":"SMITH"},{"floor":31,"key":"REST"},{"floor":37,"key":"REST"},{"floor":44,"key":"REST"},{"data":"bronze:Verify","floor":47,"key":"SMITH"},{"data":"bronze:Fortify","floor":47,"key":"SMITH"},{"data":"infinitespire:Oblivion","floor":49,"key":"SMITH"},{"data":"bronze:Branch","floor":49,"key":"SMITH"},{"floor":56,"key":"REST"}],"circlet_count":0,"master_deck":["bronze:Strike","bronze:Defend","bronze:Defend","bronze:Defend","bronze:Defend","bronze:Replicate+1","bronze:Goto+1","bronze:DelayedSlice+1","bronze:Fortify+1","bronze:Return+1","bronze:WhirlingStrike","bronze:Boost+1","bronze:Optimize","bronze:BronzeOrb+1","bronze:WhirlingStrike+1","bronze:ChosenStrike","bronze:FineTuning","bronze:FindAndReplace","bronze:GetLatest","bronze:DelayedGuard","J.A.X.","bronze:DarkDash","bronze:FineTuning","infinitespire:Oblivion+1","bronze:Branch+1","bronze:Repair","bronze:Verify+1","AbeCurse","bronze:Fortify+1","bronze:BronzeOrb+1","Doubt","bronze:CutThrough+1"],"relics":["bronze:BronzeCore","Replay:Arrowhead","downfall:HeartBlessingBlue","SlaversCollar","Membership Card","infinitespire:Lucky Rock","infinitespire:Beetle Shell","MutagenicStrength","MealTicket","Bottled Tornado","Mirror","downfall:HeartBlessingRed","Blue Candle","Old Coin","Abe\u0027s Treasure","CatCart","bronze:SilverBullet","infinitespire:Lychee Nut","Medical Kit","ReplayFunnel","CaptainsWheel","downfall:HeartBlessingGreen","Mango","FossilizedHelix","StoneCalendar"],"acts_visited":["Exordium","TheCity","TheBeyond","TheEnding"],"potions_floor_usage":[16,16,24,35,39,52],"damage_taken":[{"damage":10,"enemies":"infinitespire:Voidling","floor":2,"turns":5},{"damage":1,"enemies":"Jaw Worm","floor":3,"turns":2},{"damage":0,"enemies":"Small Slimes","floor":4,"turns":2},{"damage":1,"enemies":"3 Louse","floor":5,"turns":2},{"damage":14,"enemies":"Blue Slaver","floor":6,"turns":4},{"damage":2,"enemies":"Large Slime","floor":8,"turns":5},{"damage":18,"enemies":"Exordium Thugs","floor":9,"turns":3},{"damage":2,"enemies":"3 Louse","floor":12,"turns":2},{"damage":0,"enemies":"Exordium Wildlife","floor":14,"turns":2},{"damage":0,"enemies":"2 Fungi Beasts","floor":15,"turns":3},{"damage":46,"enemies":"IC_STATUS_ARCHETYPE","floor":16,"turns":9},{"damage":10,"enemies":"downfall:FleeingMerchant","floor":19,"turns":4},{"damage":0,"enemies":"Spheric Guardian","floor":21,"turns":3},{"damage":33,"enemies":"downfall:Augmenter","floor":24,"turns":5},{"damage":22,"enemies":"Slavers","floor":25,"turns":6},{"damage":4,"enemies":"Snake Plant","floor":30,"turns":4},{"damage":2,"enemies":"Centurion and Healer","floor":33,"turns":4},{"damage":0,"enemies":"3 Cultists","floor":34,"turns":3},{"damage":22,"enemies":"DF_ARCHETYPE_CLAW","floor":35,"turns":6},{"damage":0,"enemies":"Orb Walker","floor":38,"turns":1},{"damage":56,"enemies":"Orin","floor":39,"turns":9},{"damage":0,"enemies":"3 Shapes","floor":40,"turns":1},{"damage":31,"enemies":"Sphere and 2 Shapes","floor":41,"turns":5},{"damage":1,"enemies":"downfall:FleeingMerchant","floor":42,"turns":4},{"damage":0,"enemies":"Jaw Worm Horde","floor":45,"turns":2},{"damage":5,"enemies":"R_Hoarder","floor":48,"turns":7},{"damage":1,"enemies":"Spire Growth","floor":50,"turns":3},{"damage":4,"enemies":"Maw","floor":51,"turns":6},{"damage":6,"enemies":"WA_ARCHETYPE_DIVINITY","floor":52,"turns":12},{"damage":60,"enemies":"downfall:CharBossMerchant","floor":54,"turns":10},{"damage":51,"enemies":"downfall:NeowBoss","floor":57,"turns":15},{"damage":30,"enemies":"downfall:NeowBossFinal","floor":58,"turns":11}],"seed_played":"3885282833065260314","potions_obtained":[{"floor":2,"key":"Cursed Concoction"},{"floor":4,"key":"LiquidBronze"},{"floor":8,"key":"Reflective Coating"},{"floor":12,"key":"FairyPotion"},{"floor":15,"key":"AttackPotion"},{"floor":16,"key":"Regen Potion"},{"floor":21,"key":"FairyPotion"},{"floor":24,"key":"LiquidMemories"},{"floor":25,"key":"Energy Potion"},{"floor":39,"key":"FearPotion"},{"floor":40,"key":"bronze:BurnAndBuffPotion"},{"floor":41,"key":"EntropicBrew"},{"floor":48,"key":"PowerPotion"}],"is_trial":false,"path_per_floor":["R_BF","M","M","M","M","M","T","M","M","?","R","M","R","M","M","B",null,"R","$","?","M","PTL","PTL","?","E","T","AVR","R","?","M","R","T","M","M","B",null,"R_BF","M","?","M","M","$","T","R","M","?","R","E","R","M","M","B",null,"E","$","R","B","B",null],"character_chosen":"THE_AUTOMATON","items_purchased":["Membership Card","infinitespire:Lucky Rock","infinitespire:Beetle Shell","bronze:SilverBullet","infinitespire:Lychee Nut","Medical Kit","FossilizedHelix","StoneCalendar"],"campfire_rested":4,"item_purchase_floors":[19,19,19,42,42,42,55,55],"current_hp_per_floor":[77,67,66,66,65,51,51,49,31,31,41,39,39,39,39,19,87,87,77,77,77,77,77,56,34,34,34,34,29,25,51,51,49,49,37,87,87,87,38,38,14,39,39,58,61,65,65,65,65,65,63,60,65,27,42,65,27,10],"gold":0,"neow_bonus":"TEN_PERCENT_HP_BONUS","is_daily":false,"chose_seed":false,"campfire_upgraded":10,"win_rate":0.0,"timestamp":1611538381,"path_taken":["R_BF","M","?","?","M","M","T","M","M","?","R","M","R","M","M","BOSS","R","$","?","M","PTL","PTL","?","E","T","AVR","R","?","M","R","?","M","M","BOSS","R_BF","M","?","M","M","$","T","R","M","?","R","E","R","?","M","BOSS","E","$","R","BOSS","BOSS"],"items_purchased_type":["Relic","Relic","Relic","Relic","Relic","Relic","Relic","Relic"],"build_version":"2020-12-22","purchased_purges":2,"victory":true,"max_hp_per_floor":[77,77,77,77,77,77,77,77,77,77,87,87,87,87,87,87,87,87,87,87,87,87,87,87,87,87,87,87,87,87,87,87,87,87,87,87,87,87,87,87,87,65,65,65,65,65,65,65,65,65,65,65,65,79,79,79,79,79],"card_choices":[{"not_picked":["bronze:BronzeOrb","bronze:BitShift"],"picked":"bronze:DelayedSlice","floor":2},{"not_picked":["bronze:Return","bronze:WildBeam"],"picked":"bronze:Fortify","floor":3},{"not_picked":["bronze:Deprecate","bronze:BugBarrage"],"picked":"bronze:Return","floor":4},{"not_picked":["bronze:BitShift","bronze:BuggyMess"],"picked":"bronze:WhirlingStrike","floor":5},{"not_picked":["bronze:GetLatest","bronze:WildBeam"],"picked":"bronze:Boost","floor":6},{"not_picked":["bronze:BuggyMess","bronze:Philosophize"],"picked":"bronze:Optimize","floor":8},{"not_picked":["bronze:Frontload","bronze:Philosophize"],"picked":"bronze:BronzeOrb","floor":9},{"not_picked":["bronze:DigitalCarnage","bronze:Turbo"],"picked":"bronze:WhirlingStrike","floor":12},{"not_picked":["bronze:Shield","bronze:Shell"],"picked":"bronze:ChosenStrike","floor":14},{"not_picked":["bronze:Turbo","bronze:Iterate"],"picked":"bronze:FineTuning","floor":15},{"not_picked":["bronze:Break","bronze:Mutator"],"picked":"bronze:FindAndReplace","floor":16},{"not_picked":["bronze:Return","bronze:BugBarrage"],"picked":"bronze:GetLatest","floor":19},{"not_picked":["bronze:Turbo","bronze:Frontload"],"picked":"bronze:DelayedGuard","floor":21},{"not_picked":[],"picked":"J.A.X.","floor":24},{"not_picked":["bronze:Shield","bronze:ClassDefault+1"],"picked":"bronze:FineTuning","floor":25},{"not_picked":["bronze:Optimize","bronze:WhirlingStrike"],"picked":"bronze:Branch","floor":30},{"not_picked":["bronze:Turbo+1","bronze:DigitalCarnage","bronze:Iterate"],"picked":"SKIP","floor":33},{"not_picked":["bronze:Shield+1","bronze:ClassDefault"],"picked":"bronze:Repair","floor":34},{"not_picked":["bronze:HardenedForm","bronze:BurnOut"],"picked":"bronze:Verify","floor":35},{"not_picked":["bronze:BronzeArmor+1","bronze:Invalidate","bronze:Fortify"],"picked":"SKIP","floor":38},{"not_picked":["bronze:BronzeArmor","bronze:WildBeam+1","bronze:BugBarrage+1"],"picked":"SKIP","floor":40},{"not_picked":["bronze:BuggyMess+1","bronze:DelayedGuard","bronze:CutThrough"],"picked":"SKIP","floor":41},{"not_picked":["bronze:Repulsor","bronze:Break"],"picked":"bronze:Fortify+1","floor":42},{"not_picked":["bronze:Invalidate","bronze:DelayedGuard+1"],"picked":"bronze:BronzeOrb+1","floor":45},{"not_picked":["bronze:Repair","bronze:DarkDash","bronze:ItsAFeature+1"],"picked":"SKIP","floor":48},{"not_picked":["bronze:ChosenStrike","bronze:Overheat+1","bronze:OilSpill+1"],"picked":"SKIP","floor":50},{"not_picked":["bronze:Break","bronze:Overheat+1","bronze:DarkDash+1"],"picked":"SKIP","floor":51},{"not_picked":["bronze:BugBarrage","bronze:FineTuning"],"picked":"bronze:CutThrough+1","floor":54}],"player_experience":610747,"relics_obtained":[{"floor":1,"key":"Replay:Arrowhead"},{"floor":24,"key":"MutagenicStrength"},{"floor":25,"key":"MealTicket"},{"floor":26,"key":"Bottled Tornado"},{"floor":32,"key":"Old Coin"},{"floor":39,"key":"CatCart"},{"floor":43,"key":"ReplayFunnel"},{"floor":48,"key":"CaptainsWheel"},{"floor":54,"key":"Mango"}],"event_choices":[{"damage_healed":0,"gold_gain":0,"player_choice":"Ignored","damage_taken":0,"max_hp_gain":0,"max_hp_loss":0,"event_name":"Vampires","floor":20,"gold_loss":0},{"damage_healed":0,"gold_gain":0,"player_choice":"Fight","damage_taken":0,"max_hp_gain":0,"max_hp_loss":0,"event_name":"OrinTheCat","floor":39,"gold_loss":0}],"is_beta":false,"boss_relics":[{"not_picked":["Replay:Drink Me","ReplayTheSpireMod:DimensionalGlitch"],"picked":"SlaversCollar"},{"not_picked":["Philosopher\u0027s Stone","Replay:Grab Bag"],"picked":"Abe\u0027s Treasure"}],"items_purged_floors":[27,42],"is_endless":false,"potions_floor_spawned":[2,4,8,12,15,16,21,24,25,39,40,41,48],"ascension_level":0}}