{"host":"mal0jdk4f6ubgyb8","time":1611547176,"event":{"mods":["100% Spire Juice","Act Like it!","Aspiration","BaseMod","CapriCore","Gensokyo","Hallownest","KinomotoSakuraMod(ƒæ÷Æ±æ”£)","Koishi","Luminous","Marisa£®ÏF”Í°°ƒß¿Ì…≥£©","Minty Spire (QoL Compilation)","Pale of the Ancients","Quick Restart","Reimu£®≤©¿ˆ¡È√Œ£©","Relic Stats","Remilia£®¿Ÿ√◊¿Ú—«£©","Replay The Spire","StSLib","The Animator","The Bug Knight","The Immortal","Waifu the Spire","WarShipGirlsR/’ΩΩ¢…Ÿ≈ÆR mod","Yakumo Yukari mod","Youmu£®ªÍ∆«—˝√Œ£©","Yuri Mod","Yuyuko"],"gold_per_floor":[113,127,127,202,202,202,241,241,241,241,259,274,274,26,26,150,150,168,201,214,139,163,206,206,229,229,253,253,35,48,83,83,203,203,217,283,283,308,308,344,344,368,368,443,75,75,91,91,91,219,219,244,519,537,562,585,585,626,639,662,662,681,681,717,737,737,861,861,880,880,880,900,900,934,959,975,975,975,999,1013,1052,1066,1066,1066,1079,1094,1094,570,570,593,593,111,111,111],"floor_reached":95,"language":"ZHS","playtime":5150,"items_purged":["ClowCardTheShield","ClowCardTheShield","Writhe"],"score":1940,"play_id":"547dfa5c-4c0a-4bef-b00b-0ec798ade853","local_time":"20210125115936","is_ascension_mode":false,"campfire_choices":[{"floor":6.0,"key":"REST"},{"data":"ClowCardTheMove","floor":10.0,"key":"SMITH"},{"floor":13.0,"key":"RECALL"},{"data":"ClowCardTheWatery","floor":15.0,"key":"SMITH"},{"data":"SpellCardSeal","floor":28.0,"key":"SMITH"},{"data":"ClowCardTheBig","floor":32.0,"key":"SMITH"},{"data":"1","floor":41.0,"key":"LIFT"},{"data":"2","floor":46.0,"key":"LIFT"},{"data":"3","floor":49.0,"key":"LIFT"},{"data":"ClowCardTheWatery","floor":57.0,"key":"SMITH"},{"data":"ClowCardTheShot","floor":63.0,"key":"SMITH"},{"data":"ClowCardTheSand","floor":66.0,"key":"SMITH"},{"data":"ReplayTheSpireMod:Splinters","floor":83.0,"key":"PURGE"},{"data":"ClowCardTheDark","floor":89.0,"key":"SMITH"},{"data":"ClowCardTheDash","floor":89.0,"key":"SMITH"},{"data":"ClowCardTheDash","floor":91.0,"key":"SMITH"},{"data":"ClowCardTheMist","floor":91.0,"key":"SMITH"}],"circlet_count":0,"master_deck":["SakuraCardTheWindy+","SakuraCardTheDash+","SakuraCardTheSweet+","SakuraCardTheSnow+","SakuraCardTheSilent+","ClowCardTheSword+1","ClowCardTheSword+1","ClowCardTheSword+1","ClowCardTheShield","ClowCardTheShield","SpellCardSeal+1","SpellCardRelease","ClowCardTheVoice+1","ClowCardTheMove+1","ClowCardTheWatery+1","ClowCardTheSand+1","ClowCardTheMist+1","ClowCardTheLibra+1","ClowCardTheBig+1","ClowCardTheFight+1","ClowCardTheWatery+1","ClowCardTheDash+1","ClowCardTheShot+1","Poisoned Strike","Poisoned Strike","ClowCardTheFight+1","ClowCardTheBubbles+1","ClowCardTheLittle+1","ClowCardTheDash+1","ClowCardTheGlow+1","ClowCardTheDark+1","ClowCardTheShadow+1","ClowCardTheFlower+1","ReplayUltimateDefense"],"relics":["KSMOD_SealedBook","KSMOD_StarWand","StoneCalendar","Golden Idol","Happy Flower","Oddly Smooth Stone","MealTicket","Coffee Dripper","Red Mask","Singing Bowl","Omamori","Bag of Marbles","Lee\u0027s Waffle","Calipers","Sozu","aspiration:Nostalgia","MokouMod:PhoenixFeather","RuthlessExorcism:ReiMu","Girya","Sundial","ReplayTheSpireMod:ShopPack","Simple Rune","Boot","Whetstone","KSMOD_MoonBell","Replay:Ancient Bell","aspiration:Lifesprig","Replay:Bottled Snecko","KSMOD_Cerberus","Replay:Arrowhead","Letter Opener","Blood Vial","aspiration:HatOfInfinitePower","paleoftheancients:Timepiece","paleoftheancients:KeyRelic","Gremlin Horn","paleoftheancients:SoulOfTheWokeBloke","aspiration:StickyExplosives_weak","Pen Nib","Pondfish Scales"],"acts_visited":["Exordium","TheCity","Exordium","TheCity","TheCity","Gensokyo:Gensokyoest"],"potions_floor_usage":[],"damage_taken":[{"damage":5.0,"enemies":"Small Slimes","floor":1.0,"turns":6.0},{"damage":2.0,"enemies":"2 Louse","floor":2.0,"turns":3.0},{"damage":17.0,"enemies":"3 Sentries","floor":7.0,"turns":7.0},{"damage":0.0,"enemies":"Cultist","floor":11.0,"turns":2.0},{"damage":0.0,"enemies":"Exordium Wildlife","floor":12.0,"turns":4.0},{"damage":3.0,"enemies":"The Guardian","floor":16.0,"turns":13.0},{"damage":7.0,"enemies":"3 Byrds","floor":18.0,"turns":5.0},{"damage":0.0,"enemies":"Masked Bandits","floor":19.0,"turns":3.0},{"damage":6.0,"enemies":"Chosen","floor":20.0,"turns":3.0},{"damage":8.0,"enemies":"Centurion and Healer","floor":22.0,"turns":6.0},{"damage":42.0,"enemies":"Slavers","floor":23.0,"turns":5.0},{"damage":12.0,"enemies":"3 Cultists","floor":25.0,"turns":3.0},{"damage":5.0,"enemies":"Snake Plant","floor":30.0,"turns":4.0},{"damage":25.0,"enemies":"Gremlin Leader","floor":31.0,"turns":5.0},{"damage":30.0,"enemies":"Automaton","floor":33.0,"turns":7.0},{"damage":0.0,"enemies":"Small Slimes","floor":35.0,"turns":1.0},{"damage":0.0,"enemies":"3 Sentries","floor":36.0,"turns":2.0},{"damage":0.0,"enemies":"2 Louse","floor":38.0,"turns":1.0},{"damage":0.0,"enemies":"HollowMod:MossKnight","floor":40.0,"turns":1.0},{"damage":0.0,"enemies":"Jaw Worm","floor":42.0,"turns":1.0},{"damage":0.0,"enemies":"Exordium Thugs","floor":47.0,"turns":1.0},{"damage":0.0,"enemies":"Hexaghost","floor":50.0,"turns":2.0},{"damage":0.0,"enemies":"3 Byrds","floor":52.0,"turns":1.0},{"damage":0.0,"enemies":"2 Thieves","floor":54.0,"turns":1.0},{"damage":0.0,"enemies":"Snake Plant","floor":55.0,"turns":2.0},{"damage":0.0,"enemies":"Snecko","floor":56.0,"turns":1.0},{"damage":0.0,"enemies":"Gremlin Leader","floor":58.0,"turns":1.0},{"damage":0.0,"enemies":"Cultist and Chosen","floor":59.0,"turns":3.0},{"damage":0.0,"enemies":"Snake Plant","floor":62.0,"turns":1.0},{"damage":0.0,"enemies":"Book of Stabbing","floor":64.0,"turns":2.0},{"damage":0.0,"enemies":"Snecko","floor":65.0,"turns":1.0},{"damage":12.0,"enemies":"Pondfish","floor":67.0,"turns":4.0},{"damage":0.0,"enemies":"Gensokyo:AncientGuardian","floor":69.0,"turns":4.0},{"damage":2.0,"enemies":"Gensokyo:3_Bats","floor":72.0,"turns":2.0},{"damage":0.0,"enemies":"Gensokyo:Kasen","floor":74.0,"turns":3.0},{"damage":2.0,"enemies":"Gensokyo:3_Boulders","floor":75.0,"turns":1.0},{"damage":2.0,"enemies":"Gensokyo:Dusk_and_Dawn","floor":76.0,"turns":1.0},{"damage":0.0,"enemies":"Gensokyo:Sharpion","floor":79.0,"turns":2.0},{"damage":2.0,"enemies":"Gensokyo:3_Boulders","floor":80.0,"turns":1.0},{"damage":0.0,"enemies":"Gensokyo:Doremy","floor":81.0,"turns":2.0},{"damage":0.0,"enemies":"Gensokyo:Rafflesia","floor":82.0,"turns":1.0},{"damage":31.0,"enemies":"Gensokyo:Scarlet_Devils","floor":84.0,"turns":3.0},{"damage":0.0,"enemies":"Gensokyo:Scarlet_Devils","floor":85.0,"turns":4.0},{"damage":0.0,"enemies":"Gensokyo:Scarlet_Devils","floor":86.0,"turns":2.0},{"damage":0.0,"enemies":"Gensokyo:Scarlet_Devils","floor":90.0,"turns":2.0},{"damage":21,"enemies":"paleoftheancients:N","floor":94,"turns":3}],"seed_played":"-428230856513454592","potions_obtained":[{"floor":2.0,"key":"Block Potion"},{"floor":11.0,"key":"EssenceOfSteel"},{"floor":12.0,"key":"EssenceOfSteel"},{"floor":18.0,"key":"SteroidPotion"},{"floor":19.0,"key":"KSMOD_MagickBottle"},{"floor":22.0,"key":"Dexterity Potion"},{"floor":23.0,"key":"Elixir"},{"floor":30.0,"key":"Energy Potion"}],"is_trial":false,"path_per_floor":["M","M","?","?","?","R","E","T","T","R","M","M","R","$","R","B",null,"M","?","M","?","M","E","?","M","T","T","R","$","M","E","R","B",null,"M","?","?","M","?","E","R","M","T","?","$","R","M","$","R","B",null,"M","?","M","M","M","R","E","M","T","?","M","R","E","M","R","B",null,"M","?","?","M","?","E","M","M","T","?","M","M","E","M","R","B","M","M","?","$","R","M","R","$","?","B",null],"character_chosen":"KINOMOTOSAKURA","items_purchased":["MealTicket","Fruit Juice","Lee\u0027s Waffle","ReplayTheSpireMod:ShopPack","Simple Rune","aspiration:StickyExplosives_weak","Pen Nib","Pondfish Scales","ReplayUltimateDefense"],"campfire_rested":1,"item_purchase_floors":[14,14,29,45,45,88,88,92,92],"current_hp_per_floor":[44,42,42,31,14,35,23,23,23,23,28,33,33,38,38,40,75,68,68,67,67,64,27,85,73,73,73,73,92,87,69,69,44,94,96,96,77,82,82,89,89,94,94,83,100,100,102,102,102,102,102,102,102,104,104,106,106,108,110,110,110,112,112,114,114,114,104,120,120,120,120,121,73,89,89,89,89,102,106,106,114,116,116,138,138,138,138,138,138,140,140,140,140,120],"gold":111,"neow_bonus":"NOSTALGIA","is_daily":false,"chose_seed":false,"campfire_upgraded":11,"win_rate":0.0,"timestamp":1611547176,"path_taken":["M","M","?","?","?","R","E","?","T","R","M","M","R","?","R","BOSS","M","?","M","?","M","E","?","?","T","?","R","?","M","E","R","BOSS","M","?","?","M","?","E","R","M","T","?","$","R","M","?","R","BOSS","M","?","M","?","M","R","E","M","T","?","M","R","E","M","R","BOSS","M","?","?","M","?","E","?","M","T","?","M","?","E","M","R","BOSS","M","M","?","$","R","M","R","$","?","BOSS"],"items_purchased_type":["Relic","Potion","Relic","Relic","Relic","Relic","Relic","Relic","Card"],"build_version":"2020-12-22","purchased_purges":3,"victory":true,"max_hp_per_floor":[70,70,70,70,70,70,70,70,70,70,70,70,70,75,75,75,75,75,75,75,75,75,75,85,85,85,85,85,92,92,94,94,94,94,96,96,96,96,96,98,98,98,98,98,100,100,102,102,102,102,102,102,102,104,104,106,106,108,110,110,110,112,112,114,114,114,114,120,120,120,120,122,122,124,126,128,128,128,130,130,132,132,132,138,138,138,138,138,138,140,140,140,140,140],"relic_stats":{"Lee\u0027s Waffle":7,"Happy Flower":[39],"Singing Bowl":42,"Gremlin Horn":[9,9],"counters":[46,133],"Golden Idol":342,"StoneCalendar":[141],"Pen Nib":[2],"Whetstone":["ClowCardTheFight","ClowCardTheSword"],"Letter Opener":[180],"Boot":[41],"Sozu":17,"Blood Vial":10,"Sundial":[0],"MealTicket":27,"obtain_stats":[{"aspiration:Lifesprig":68,"Calipers":31,"Singing Bowl":23,"Gremlin Horn":84,"StoneCalendar":0,"Whetstone":60,"Boot":58,"aspiration:StickyExplosives_weak":88,"Sozu":34,"Blood Vial":77,"Sundial":43,"MealTicket":14,"KSMOD_SealedWand":0,"Red Mask":19,"Replay:Bottled Snecko":68,"KSMOD_Cerberus":68,"KSMOD_StarWand":51,"Girya":40,"Lee\u0027s Waffle":29,"paleoftheancients:KeyRelic":84,"Happy Flower":7,"KSMOD_SealedBook":0,"Golden Idol":5,"aspiration:Nostalgia":34,"Oddly Smooth Stone":9,"Pen Nib":88,"Omamori":26,"Replay:Ancient Bell":68,"Letter Opener":74,"KSMOD_MoonBell":64,"Replay:Arrowhead":73,"paleoftheancients:Timepiece":84,"Pondfish Scales":92,"paleoftheancients:SoulOfTheWokeBloke":85,"MokouMod:PhoenixFeather":34,"Simple Rune":45,"Coffee Dripper":17,"Bag of Marbles":27,"aspiration:HatOfInfinitePower":81,"RuthlessExorcism:ReiMu":36,"ReplayTheSpireMod:ShopPack":45},{"aspiration:Lifesprig":32,"Calipers":14,"Singing Bowl":11,"Gremlin Horn":42,"StoneCalendar":0,"Whetstone":28,"Boot":27,"aspiration:StickyExplosives_weak":44,"Sozu":15,"Blood Vial":37,"Sundial":20,"MealTicket":5,"KSMOD_SealedWand":0,"Red Mask":8,"Replay:Bottled Snecko":32,"KSMOD_Cerberus":32,"KSMOD_StarWand":22,"Girya":19,"Lee\u0027s Waffle":12,"paleoftheancients:KeyRelic":42,"Happy Flower":3,"KSMOD_SealedBook":0,"Golden Idol":2,"aspiration:Nostalgia":15,"Oddly Smooth Stone":3,"Pen Nib":44,"Omamori":12,"Replay:Ancient Bell":32,"Letter Opener":35,"KSMOD_MoonBell":30,"Replay:Arrowhead":34,"paleoftheancients:Timepiece":42,"Pondfish Scales":45,"paleoftheancients:SoulOfTheWokeBloke":43,"MokouMod:PhoenixFeather":15,"Simple Rune":20,"Coffee Dripper":6,"Bag of Marbles":12,"aspiration:HatOfInfinitePower":40,"RuthlessExorcism:ReiMu":16,"ReplayTheSpireMod:ShopPack":20},{"aspiration:Lifesprig":102,"Calipers":69,"Singing Bowl":57,"Gremlin Horn":122,"StoneCalendar":0,"Whetstone":94,"Boot":91,"aspiration:StickyExplosives_weak":128,"Sozu":76,"Blood Vial":113,"Sundial":82,"MealTicket":22,"KSMOD_SealedWand":0,"Red Mask":43,"Replay:Bottled Snecko":102,"KSMOD_Cerberus":102,"KSMOD_StarWand":85,"Girya":81,"Lee\u0027s Waffle":60,"paleoftheancients:KeyRelic":122,"Happy Flower":16,"KSMOD_SealedBook":0,"Golden Idol":9,"aspiration:Nostalgia":76,"Oddly Smooth Stone":16,"Pen Nib":128,"Omamori":60,"Replay:Ancient Bell":102,"Letter Opener":111,"KSMOD_MoonBell":97,"Replay:Arrowhead":108,"paleoftheancients:Timepiece":122,"Pondfish Scales":130,"paleoftheancients:SoulOfTheWokeBloke":126,"MokouMod:PhoenixFeather":76,"Simple Rune":82,"Coffee Dripper":35,"Bag of Marbles":60,"aspiration:HatOfInfinitePower":118,"RuthlessExorcism:ReiMu":77,"ReplayTheSpireMod:ShopPack":82}]},"card_choices":[{"not_picked":["ClowCardTheLibra","ClowCardTheMaze"],"picked":"ClowCardTheVoice","floor":1.0},{"not_picked":["ClowCardThePower","ClowCardTheStorm"],"picked":"ClowCardTheSweet","floor":2.0},{"not_picked":["ClowCardTheCloud","ClowCardTheLibra"],"picked":"ClowCardTheMove","floor":7.0},{"not_picked":["ClowCardTheArrow","ClowCardThePower"],"picked":"ClowCardTheSilent","floor":11.0},{"not_picked":["ClowCardTheDark","ClowCardTheMaze"],"picked":"ClowCardTheWatery","floor":12.0},{"not_picked":["ClowCardTheTime","ClowCardTheFight"],"picked":"ClowCardTheThunder","floor":16.0},{"not_picked":["ClowCardThePower","ClowCardTheSleep"],"picked":"ClowCardTheSnow","floor":18.0},{"not_picked":["ClowCardTheWood","ClowCardTheLock"],"picked":"ClowCardTheSand","floor":19.0},{"not_picked":["ClowCardTheSweet","ClowCardTheMaze","ClowCardTheFloat"],"picked":"SKIP","floor":20.0},{"not_picked":["ClowCardTheSilent+1","ClowCardTheChange"],"picked":"ClowCardTheMist","floor":22.0},{"not_picked":["ClowCardTheLoop","ClowCardTheRain"],"picked":"ClowCardTheLibra+1","floor":23.0},{"not_picked":["ClowCardTheWindy","ClowCardTheLibra"],"picked":"ClowCardTheDash","floor":25.0},{"not_picked":["ClowCardTheRain","ClowCardTheDream"],"picked":"ClowCardTheBig","floor":30.0},{"not_picked":["ClowCardTheErase","ClowCardTheMaze","ClowCardTheLock"],"picked":"Singing Bowl","floor":31.0},{"not_picked":["ClowCardTheDash","ClowCardTheThunder"],"picked":"ClowCardTheFight","floor":33.0},{"not_picked":["ClowCardTheLibra","ClowCardTheMirror","ClowCardTheMist"],"picked":"Singing Bowl","floor":35.0},{"not_picked":["ClowCardTheGlow","ClowCardTheSweet"],"picked":"ClowCardTheWatery","floor":36.0},{"not_picked":["ClowCardTheMist","ClowCardTheWood"],"picked":"ClowCardTheDash","floor":38.0},{"not_picked":["ClowCardTheEarthy","ClowCardThePower","ClowCardTheMist"],"picked":"Singing Bowl","floor":40.0},{"not_picked":["ClowCardTheChange","ClowCardTheIllusion"],"picked":"ClowCardTheShot","floor":42.0},{"not_picked":["HandOfGreed","Thinking Ahead"],"picked":"Poisoned Strike","floor":45.0},{"not_picked":["Dark Shackles","Madness"],"picked":"Poisoned Strike","floor":45.0},{"not_picked":["Forethought","Replay:Bootleg Shield Generator","PanicButton"],"picked":"Singing Bowl","floor":45.0},{"not_picked":["ClowCardTheEarthy","ClowCardTheLibra","ClowCardTheWindy"],"picked":"Singing Bowl","floor":47.0},{"not_picked":["ClowCardTheReturn","ClowCardTheThunder"],"picked":"ClowCardTheFight","floor":50.0},{"not_picked":["ClowCardTheGlow","ClowCardTheChange+1"],"picked":"ClowCardTheBubbles+1","floor":52.0},{"not_picked":["ClowCardTheMist","ClowCardTheFreeze","ClowCardTheSweet"],"picked":"Singing Bowl","floor":54.0},{"not_picked":["ClowCardTheRain","ClowCardTheShot"],"picked":"ClowCardTheWindy","floor":55.0},{"not_picked":["ClowCardTheSand","ClowCardTheMaze","ClowCardTheFlower"],"picked":"Singing Bowl","floor":56.0},{"not_picked":["ClowCardTheSilent","ClowCardTheSand","ClowCardTheWood"],"picked":"Singing Bowl","floor":58.0},{"not_picked":["ClowCardTheSand","ClowCardTheLock","ClowCardTheSleep"],"picked":"Singing Bowl","floor":59.0},{"not_picked":["ClowCardTheSnow","ClowCardTheVoice","ClowCardTheWindy"],"picked":"Singing Bowl","floor":62.0},{"not_picked":["ClowCardTheLoop","ClowCardTheSilent","ClowCardTheArrow"],"picked":"Singing Bowl","floor":64.0},{"not_picked":["ClowCardTheLight","ClowCardTheDream"],"picked":"ClowCardTheLittle+1","floor":65.0},{"not_picked":["ClowCardTheThunder","ClowCardTheFight"],"picked":"ClowCardTheDash","floor":67.0},{"not_picked":["Greed_TH","CommonCold","yuri:MarkovCurse"],"picked":"Singing Bowl","floor":68.0},{"not_picked":["ReplayTheSpireMod:Restless Dread","ReplayTheSpireMod:Splinters","yuri:MarkovCurse"],"picked":"Singing Bowl","floor":68.0},{"not_picked":["Pain","Writhe","Overencumbered"],"picked":"Singing Bowl","floor":68.0},{"not_picked":["ClowCardTheFlower","ClowCardTheWave+1"],"picked":"ClowCardTheGlow+1","floor":69.0},{"not_picked":["ClowCardTheErase+1","ClowCardTheWood","ClowCardTheDream"],"picked":"Singing Bowl","floor":72.0},{"not_picked":["ClowCardTheDream+1","ClowCardTheChange+1","ClowCardTheCloud+1"],"picked":"Singing Bowl","floor":74.0},{"not_picked":["ClowCardTheSand","ClowCardTheShadow","ClowCardTheRain"],"picked":"Singing Bowl","floor":75.0},{"not_picked":["ClowCardTheWindy+1","ClowCardTheIllusion","ClowCardTheFreeze+1"],"picked":"Singing Bowl","floor":76.0},{"not_picked":["ClowCardTheMist+1","ClowCardTheWood+1","ClowCardTheFly"],"picked":"Singing Bowl","floor":79.0},{"not_picked":["ClowCardThePower+1","ClowCardTheFirey+1"],"picked":"ClowCardTheMove+1","floor":80.0},{"not_picked":["ClowCardTheArrow+1","ClowCardTheVoice","ClowCardTheShadow"],"picked":"Singing Bowl","floor":81.0},{"not_picked":["ClowCardTheIllusion+1","ClowCardTheMirror"],"picked":"ClowCardTheDark","floor":82.0},{"not_picked":["ClowCardTheSand+1","ClowCardTheWindy"],"picked":"ClowCardTheShadow+1","floor":85.0},{"not_picked":["ClowCardTheFly+1","ClowCardTheCloud+1"],"picked":"ClowCardTheFlower+1","floor":86.0},{"not_picked":["ClowCardThePower","ClowCardTheLibra+1","ClowCardTheSand"],"picked":"Singing Bowl","floor":90.0}],"player_experience":339522,"relics_obtained":[{"floor":7.0,"key":"Happy Flower"},{"floor":9.0,"key":"Oddly Smooth Stone"},{"floor":19.0,"key":"Red Mask"},{"floor":23.0,"key":"Singing Bowl"},{"floor":26.0,"key":"Omamori"},{"floor":27.0,"key":"Bag of Marbles"},{"floor":31.0,"key":"Calipers"},{"floor":40.0,"key":"Girya"},{"floor":43.0,"key":"Sundial"},{"floor":58.0,"key":"Boot"},{"floor":60.0,"key":"Whetstone"},{"floor":64.0,"key":"KSMOD_MoonBell"},{"floor":74.0,"key":"Letter Opener"},{"floor":77.0,"key":"Blood Vial"},{"floor":81.0,"key":"aspiration:HatOfInfinitePower"},{"floor":85.0,"key":"paleoftheancients:SoulOfTheWokeBloke"},{"floor":86.0,"key":"paleoftheancients:SoulOfTheIroncluck"}],"event_choices":[{"damage_healed":0.0,"max_hp_gain":0.0,"max_hp_loss":0.0,"gold_gain":0.0,"event_name":"Living Wall","player_choice":"Grow","floor":3.0,"gold_loss":0.0,"damage_taken":0.0,"cards_upgraded":["ClowCardTheSweet"]},{"damage_healed":0.0,"max_hp_gain":0.0,"max_hp_loss":0.0,"gold_gain":75.0,"event_name":"World of Goop","player_choice":"Gather Gold","floor":4.0,"gold_loss":0.0,"damage_taken":11.0},{"damage_healed":0.0,"max_hp_gain":0.0,"max_hp_loss":0.0,"gold_gain":0.0,"event_name":"Golden Idol","player_choice":"Take Damage","floor":5.0,"gold_loss":0.0,"damage_taken":17.0,"relics_obtained":["Golden Idol"]},{"damage_healed":0.0,"max_hp_gain":0.0,"max_hp_loss":0.0,"gold_gain":0.0,"event_name":"Masked Bandits","player_choice":"Fought Bandits","floor":19.0,"gold_loss":0.0,"damage_taken":0.0},{"cards_removed":["ClowCardTheSword"],"damage_healed":0.0,"max_hp_gain":0.0,"max_hp_loss":0.0,"gold_gain":0.0,"event_name":"Beggar","player_choice":"Gave Gold","floor":21.0,"gold_loss":75.0,"damage_taken":0.0},{"cards_removed":["ClowCardTheThunder"],"damage_healed":48.0,"max_hp_gain":10.0,"max_hp_loss":0.0,"gold_gain":0.0,"event_name":"Bonfire Elementals","player_choice":"Offered Rare","floor":24.0,"gold_loss":0.0,"damage_taken":0.0},{"damage_healed":0.0,"max_hp_gain":0.0,"max_hp_loss":0.0,"gold_gain":30.0,"event_name":"Dead Adventurer","player_choice":"Searched \u00273\u0027 times","floor":36.0,"gold_loss":0.0,"damage_taken":0.0,"relics_obtained":["RuthlessExorcism:ReiMu"]},{"damage_healed":0.0,"max_hp_gain":0.0,"max_hp_loss":0.0,"gold_gain":0.0,"event_name":"Shining Light","player_choice":"Entered Light","floor":37.0,"gold_loss":0.0,"damage_taken":19.0,"cards_upgraded":["ClowCardTheVoice","ClowCardTheSword"]},{"damage_healed":0.0,"max_hp_gain":0.0,"max_hp_loss":0.0,"gold_gain":75.0,"event_name":"World of Goop","player_choice":"Gather Gold","floor":44.0,"gold_loss":0.0,"damage_taken":11.0},{"damage_healed":0.0,"max_hp_gain":0.0,"max_hp_loss":0.0,"gold_gain":275.0,"event_name":"Golden Shrine","player_choice":"Desecrate","floor":53.0,"gold_loss":0.0,"damage_taken":0.0,"cards_obtained":["Regret"]},{"damage_healed":0.0,"max_hp_gain":0.0,"max_hp_loss":0.0,"gold_gain":0.0,"event_name":"Upgrade Shrine","player_choice":"Upgraded","floor":61.0,"gold_loss":0.0,"damage_taken":0.0,"cards_upgraded":["ClowCardTheWindy"]},{"damage_healed":0.0,"max_hp_gain":0.0,"max_hp_loss":0.0,"gold_gain":0.0,"event_name":"The Woman in Blue","player_choice":"Bought 0 Potions","floor":87.0,"gold_loss":0.0,"damage_taken":0.0}],"is_beta":false,"boss_relics":[{"not_picked":["Empty Cage","Calling Bell"],"picked":"Coffee Dripper"},{"not_picked":["Runic Pyramid","Busted Crown"],"picked":"Sozu"},{"not_picked":["aspiration:IroncladSkillbook","SlaversCollar"],"picked":"KSMOD_StarWand"},{"not_picked":["aspiration:SilentSkillbook","aspiration:PoetsPen_weak"],"picked":"Replay:Ancient Bell"},{"not_picked":["Centennial Puzzle","ReplayTheSpireMod:TigerMarble"],"picked":"aspiration:Lifesprig"},{"not_picked":["Ornamental Fan","White Beast Statue"],"picked":"Replay:Bottled Snecko"},{"not_picked":["Gambling Chip","Incense Burner"],"picked":"KSMOD_Cerberus"}],"items_purged_floors":[29,45,88],"is_endless":false,"potions_floor_spawned":[2,11,12,18,19,22,23,30,35,40,42,47,50,52,54,55,58,65,72,74,76,80,81,82,85],"ascension_level":0}}