{"host":"jhy70w0yh8dayqay","time":1611557620,"event":{"mods":["AchievementEnabler","BaseMod","Colored Map","Colored Powertips","DeckTracker","Minty Spire (QoL Compilation)","Permanent Neow","SuperFastMode"],"gold_per_floor":[114,22,40,50,65,65,91,91,91,91,109,109,137,137,137,137,137],"floor_reached":16,"language":"KOR","playtime":572,"items_purged":[],"score":154,"play_id":"2d53f0c9-e067-457e-9627-a1ca4af82921","local_time":"20210125155340","is_ascension_mode":true,"campfire_choices":[{"data":"Eruption","floor":6,"key":"SMITH"},{"floor":8,"key":"REST"},{"data":"WheelKick","floor":12,"key":"SMITH"},{"data":"MentalFortress","floor":15,"key":"SMITH"}],"circlet_count":0,"master_deck":["Strike_P","Strike_P","Strike_P","Strike_P","Defend_P+1","Defend_P","Defend_P","Defend_P","Eruption+1","Vigilance","SashWhip","WheelKick+1","EmptyBody","Halt","ClearTheMind+1","FlurryOfBlows","EmptyFist","LessonLearned","MentalFortress+1"],"relics":["PureWater","Bag of Marbles","Art of War","White Beast Statue"],"acts_visited":["Exordium"],"potions_floor_usage":[7,7,13],"damage_taken":[{"damage":4,"enemies":"2 Louse","floor":1,"turns":2},{"damage":0,"enemies":"Small Slimes","floor":3,"turns":2},{"damage":0,"enemies":"Cultist","floor":4,"turns":4},{"damage":21,"enemies":"Lots of Slimes","floor":5,"turns":6},{"damage":26,"enemies":"Lagavulin","floor":7,"turns":6},{"damage":3,"enemies":"Blue Slaver","floor":11,"turns":3},{"damage":6,"enemies":"3 Sentries","floor":13,"turns":5},{"damage":54,"enemies":"The Guardian","floor":16,"turns":8}],"seed_played":"9054595195505486903","potions_obtained":[{"floor":3,"key":"SteroidPotion"},{"floor":4,"key":"Strength Potion"},{"floor":11,"key":"AttackPotion"}],"is_trial":false,"path_per_floor":["M","$","M","M","M","R","E","R","T","?","M","R","E","?","R","B"],"character_chosen":"WATCHER","items_purchased":["EmptyBody","Halt"],"campfire_rested":1,"item_purchase_floors":[2,2],"current_hp_per_floor":[61,61,61,61,40,40,14,35,35,59,56,56,50,50,50,0,0],"gold":137,"neow_bonus":"THREE_CARDS","is_daily":false,"chose_seed":false,"campfire_upgraded":3,"win_rate":0.0,"timestamp":1611557620,"path_taken":["M","$","M","M","M","R","E","R","T","?","M","R","E","?","R","BOSS"],"items_purchased_type":["Card","Card"],"build_version":"2020-12-22","purchased_purges":0,"victory":false,"max_hp_per_floor":[72,72,72,72,72,72,72,72,72,72,72,72,72,72,72,72,72],"card_choices":[{"not_picked":["Perseverance","ThirdEye"],"picked":"SashWhip","floor":0},{"not_picked":["ThirdEye","Fasting2"],"picked":"WheelKick","floor":1},{"not_picked":["Prostrate","Crescendo","Nirvana"],"picked":"SKIP","floor":3},{"not_picked":["JustLucky","Protect"],"picked":"ClearTheMind","floor":4},{"not_picked":["SashWhip","FlyingSleeves"],"picked":"FlurryOfBlows","floor":5},{"not_picked":["Halt","Consecrate"],"picked":"EmptyFist","floor":7},{"not_picked":["Halt","CutThroughFate"],"picked":"LessonLearned","floor":11},{"not_picked":["Protect","BowlingBash"],"picked":"MentalFortress","floor":13}],"player_experience":422054,"relics_obtained":[{"floor":7,"key":"Bag of Marbles"},{"floor":9,"key":"Art of War"},{"floor":13,"key":"White Beast Statue"}],"event_choices":[{"damage_healed":24,"gold_gain":0,"player_choice":"Banana","damage_taken":0,"max_hp_gain":0,"max_hp_loss":0,"event_name":"Big Fish","floor":10,"gold_loss":0},{"damage_healed":0,"gold_gain":0,"player_choice":"Forge","damage_taken":0,"max_hp_gain":0,"max_hp_loss":0,"event_name":"Accursed Blacksmith","floor":14,"gold_loss":0,"cards_upgraded":["ClearTheMind"]}],"is_beta":false,"boss_relics":[],"items_purged_floors":[],"is_endless":false,"potions_floor_spawned":[3,4,11],"killed_by":"The Guardian","ascension_level":8}}