{"host":"1z4hbl9vfqrhg136","time":1611535467,"event":{"mods":["BaseMod","Minty Spire (QoL Compilation)"],"gold_per_floor":[114,124,139,139,164,208,208,243,243,243,274,290,62,42,42,42,42],"floor_reached":16,"language":"ENG","playtime":956,"items_purged":["Strike_B"],"score":236,"play_id":"44c7cb87-1291-47a0-aa6c-264ef0e049d9","local_time":"20210125004427","is_ascension_mode":true,"campfire_choices":[{"data":"Cold Snap","floor":7,"key":"SMITH"},{"floor":10,"key":"REST"},{"floor":15,"key":"REST"}],"circlet_count":0,"master_deck":["AscendersBane","Strike_B","Strike_B","Strike_B","Defend_B","Defend_B","Defend_B","Defend_B","Zap","Dualcast","Cold Snap+1","Go for the Eyes","Conserve Battery","Ball Lightning","Genetic Algorithm","Beam Cell","Cold Snap","Doom and Gloom","Fission"],"relics":["Cracked Core","Golden Idol","Bag of Preparation","Darkstone Periapt","Sundial","Ice Cream","Bag of Marbles"],"acts_visited":["Exordium"],"potions_floor_usage":[6,6,16],"damage_taken":[{"damage":4,"enemies":"Jaw Worm","floor":1,"turns":3},{"damage":7,"enemies":"Small Slimes","floor":2,"turns":4},{"damage":0,"enemies":"Cultist","floor":3,"turns":3},{"damage":9,"enemies":"Gremlin Nob","floor":6,"turns":4},{"damage":29,"enemies":"3 Sentries","floor":8,"turns":10},{"damage":25,"enemies":"Gremlin Nob","floor":11,"turns":4},{"damage":0,"enemies":"3 Louse","floor":12,"turns":2},{"damage":46,"enemies":"The Guardian","floor":16,"turns":11}],"seed_played":"5520459651231562633","potions_obtained":[{"floor":2,"key":"EssenceOfSteel"},{"floor":3,"key":"DistilledChaos"},{"floor":12,"key":"FearPotion"},{"floor":14,"key":"Fruit Juice"}],"is_trial":false,"path_per_floor":["M","M","M","?","T","E","R","E","T","R","E","M","$","?","R","B"],"character_chosen":"DEFECT","items_purchased":["Doom and Gloom","Fission"],"campfire_rested":2,"item_purchase_floors":[13,13],"current_hp_per_floor":[67,60,60,60,60,51,51,22,22,43,18,18,18,18,39,0,0],"gold":42,"neow_bonus":"TEN_PERCENT_HP_BONUS","is_daily":false,"chose_seed":false,"campfire_upgraded":1,"win_rate":0.0,"timestamp":1611535467,"path_taken":["M","M","M","?","?","E","R","E","T","R","E","M","$","?","R","BOSS"],"items_purchased_type":["Card","Card"],"build_version":"2020-12-22","purchased_purges":1,"victory":false,"max_hp_per_floor":[78,78,78,71,71,71,71,71,71,71,71,71,71,71,71,76,76],"card_choices":[{"not_picked":["Beam Cell","Redo"],"picked":"Cold Snap","floor":1},{"not_picked":["Ball Lightning","Barrage"],"picked":"Go for the Eyes","floor":2},{"not_picked":["Gash","Go for the Eyes"],"picked":"Conserve Battery","floor":3},{"not_picked":["Streamline","Conserve Battery"],"picked":"Ball Lightning","floor":6},{"not_picked":["Buffer","Stack"],"picked":"Genetic Algorithm","floor":8},{"not_picked":["Gash","Hello World"],"picked":"Beam Cell","floor":11},{"not_picked":["Rip and Tear","Steam"],"picked":"Cold Snap","floor":12}],"player_experience":1913742,"relics_obtained":[{"floor":5,"key":"Bag of Preparation"},{"floor":6,"key":"Darkstone Periapt"},{"floor":8,"key":"Sundial"},{"floor":9,"key":"Ice Cream"},{"floor":11,"key":"Bag of Marbles"}],"event_choices":[{"damage_healed":0,"gold_gain":0,"player_choice":"Lose Max HP","damage_taken":0,"relics_obtained":["Golden Idol"],"max_hp_gain":0,"max_hp_loss":7,"event_name":"Golden Idol","floor":4,"gold_loss":0},{"damage_healed":0,"gold_gain":0,"player_choice":"Bought 1 Potion","damage_taken":0,"max_hp_gain":0,"max_hp_loss":0,"event_name":"The Woman in Blue","floor":14,"gold_loss":0}],"is_beta":false,"boss_relics":[],"items_purged_floors":[13],"is_endless":false,"potions_floor_spawned":[2,3,12],"killed_by":"The Guardian","ascension_level":20}}