{"host":"xz7n3qy1zq36rzpg","time":1611583008,"event":{"mods":["BaseMod","Colored Map","Colored Powertips","Highlight Path","Minty Spire (QoL Compilation)","Quick Restart","Shop Mod"],"gold_per_floor":[114,214,139,139,139,167,186,186,212,273,296,308,220,235,235,338,338,358,275,291,302,317,317,344,130,153,153,186,199,199,57,57,158,158,171,171,186,198,198,198,298,333,333,333,363,363,135,185,185,185,185],"floor_reached":50,"language":"ENG","playtime":2942,"items_purged":["Strike_P","Regret","Defend_P","Defend_P"],"score":613,"play_id":"883ced0b-1d66-4280-b51d-8247d382d4fd","local_time":"20210125145648","is_ascension_mode":true,"campfire_choices":[{"data":"CarveReality","floor":8,"key":"SMITH"},{"data":"CrushJoints","floor":12,"key":"SMITH"},{"data":"CutThroughFate","floor":15,"key":"SMITH"},{"floor":23,"key":"REST"},{"floor":27,"key":"REST"},{"floor":30,"key":"REST"},{"floor":32,"key":"REST"},{"floor":40,"key":"REST"},{"floor":44,"key":"REST"},{"floor":46,"key":"REST"},{"floor":49,"key":"REST"}],"circlet_count":0,"master_deck":["Strike_P+1","Defend_P","Eruption+1","Vigilance","CarveReality+1","CrushJoints+1","CutThroughFate+1","EmptyBody+1","PathToVictory+1","Alpha+1","DevaForm","PathToVictory+1","Protect+1","FlurryOfBlows+1","Halt+1","FearNoEvil+1","PathToVictory+1","DeusExMachina+1","Panacea+1","Establishment","Wireheading+1","LikeWater+1","Halt+1"],"relics":["PureWater","NeowsBlessing","Toy Ornithopter","Toxic Egg 2","Anchor","MawBank","Fusion Hammer","Dead Branch","Smiling Mask","Ancient Tea Set","Whetstone","Astrolabe","Blue Candle","Pantograph","Vajra","Bag of Marbles","Torii"],"acts_visited":["Exordium","TheCity","TheBeyond"],"potions_floor_usage":[11,16,16,21,28,33,37,42,45,50],"damage_taken":[{"damage":0,"enemies":"Jaw Worm","floor":1,"turns":1},{"damage":0,"enemies":"Gremlin Nob","floor":6,"turns":1},{"damage":0,"enemies":"Cultist","floor":7,"turns":1},{"damage":32,"enemies":"3 Sentries","floor":10,"turns":7},{"damage":4,"enemies":"2 Louse","floor":11,"turns":2},{"damage":0,"enemies":"Red Slaver","floor":14,"turns":1},{"damage":23,"enemies":"Slime Boss","floor":16,"turns":7},{"damage":7,"enemies":"2 Thieves","floor":18,"turns":3},{"damage":0,"enemies":"Chosen","floor":20,"turns":4},{"damage":5,"enemies":"Centurion and Healer","floor":21,"turns":5},{"damage":13,"enemies":"Shelled Parasite and Fungi","floor":22,"turns":5},{"damage":34,"enemies":"Book of Stabbing","floor":24,"turns":4},{"damage":15,"enemies":"Slavers","floor":28,"turns":7},{"damage":15,"enemies":"Snake Plant","floor":29,"turns":3},{"damage":32,"enemies":"Collector","floor":33,"turns":5},{"damage":0,"enemies":"3 Darklings","floor":35,"turns":4},{"damage":20,"enemies":"Orb Walker","floor":37,"turns":3},{"damage":9,"enemies":"Jaw Worm Horde","floor":38,"turns":4},{"damage":6,"enemies":"Nemesis","floor":42,"turns":5},{"damage":42,"enemies":"Reptomancer","floor":45,"turns":5},{"damage":9,"enemies":"Mind Bloom Boss Battle","floor":48,"turns":3},{"damage":82,"enemies":"Time Eater","floor":50,"turns":5}],"seed_played":"-7947295089290718906","potions_obtained":[{"floor":1,"key":"Swift Potion"},{"floor":6,"key":"SkillPotion"},{"floor":11,"key":"Energy Potion"},{"floor":20,"key":"FearPotion"},{"floor":24,"key":"Dexterity Potion"},{"floor":36,"key":"LiquidBronze"},{"floor":36,"key":"DuplicationPotion"},{"floor":36,"key":"ColorlessPotion"},{"floor":38,"key":"Explosive Potion"}],"is_trial":false,"path_per_floor":["M","?","$","?","?","E","M","R","T","?","M","R","$","M","R","B",null,"M","?","M","M","M","R","E","$","T","R","E","M","R","$","R","B",null,"M","?","M","M","$","R","?","E","T","R","E","R","$","?","R","B"],"character_chosen":"WATCHER","items_purchased":["FearNoEvil","BottledMiracle","PathToVictory+1","Panacea+1","DistilledChaos","Bag of Marbles"],"campfire_rested":8,"item_purchase_floors":[25,25,25,31,47,47],"current_hp_per_floor":[72,72,72,72,72,72,72,72,72,40,41,41,41,41,41,28,72,65,65,65,65,52,72,38,38,38,59,49,34,55,55,72,40,72,72,72,52,43,43,64,64,63,63,72,35,56,56,63,72,0,0],"gold":185,"neow_bonus":"THREE_ENEMY_KILL","is_daily":false,"chose_seed":false,"campfire_upgraded":3,"win_rate":0.0,"timestamp":1611583008,"path_taken":["M","?","?","?","?","E","?","R","T","?","M","R","$","M","R","BOSS","M","?","M","?","M","R","E","$","T","R","E","M","R","$","R","BOSS","M","?","?","M","$","R","?","E","T","R","E","R","?","?","R","BOSS"],"items_purchased_type":["Card","Potion","Card","Card","Potion","Relic"],"build_version":"2020-12-22","purchased_purges":4,"victory":false,"max_hp_per_floor":[72,72,72,72,72,72,72,72,72,72,72,72,72,72,72,72,72,72,72,72,72,72,72,72,72,72,72,72,72,72,72,72,72,72,72,72,72,72,72,72,72,72,72,72,72,72,72,72,72,72,72],"card_choices":[{"not_picked":["WindmillStrike","Prostrate"],"picked":"CarveReality","floor":1},{"not_picked":["SignatureMove","Establishment"],"picked":"CrushJoints","floor":6},{"not_picked":["DeceiveReality+1","Crescendo+1"],"picked":"CutThroughFate","floor":7},{"not_picked":["ClearTheMind+1","DeceiveReality+1"],"picked":"EmptyBody+1","floor":10},{"not_picked":["CutThroughFate","FlurryOfBlows"],"picked":"PathToVictory+1","floor":11},{"not_picked":["EmptyBody+1","Consecrate"],"picked":"Alpha+1","floor":14},{"not_picked":["Wish+1","Judgement+1"],"picked":"DevaForm","floor":16},{"not_picked":["EmptyBody+1","WheelKick"],"picked":"PathToVictory+1","floor":18},{"not_picked":["CarveReality","Prostrate+1","Halt+1"],"picked":"SKIP","floor":20},{"not_picked":["EmptyFist+1","ClearTheMind+1"],"picked":"Protect+1","floor":21},{"not_picked":["Crescendo+1","FlyingSleeves"],"picked":"FlurryOfBlows+1","floor":22},{"not_picked":["FlurryOfBlows","Prostrate+1"],"picked":"Halt+1","floor":24},{"not_picked":["WaveOfTheHand+1","SashWhip","EmptyFist"],"picked":"SKIP","floor":28},{"not_picked":["Nirvana","BowlingBash"],"picked":"DeusExMachina+1","floor":29},{"not_picked":["Ragnarok","Alpha+1"],"picked":"Establishment","floor":33},{"not_picked":["Collect+1","FlurryOfBlows","Pray+1"],"picked":"SKIP","floor":35},{"not_picked":["Nirvana","EmptyBody+1","Prostrate+1"],"picked":"SKIP","floor":37},{"not_picked":["JustLucky+1","Wireheading+1","Vengeance+1"],"picked":"SKIP","floor":38},{"not_picked":["FearNoEvil","Adaptation","Crescendo+1"],"picked":"SKIP","floor":42},{"not_picked":["ReachHeaven","SandsOfTime+1","Perseverance+1"],"picked":"SKIP","floor":45}],"player_experience":348004,"relics_obtained":[{"floor":6,"key":"Toxic Egg 2"},{"floor":9,"key":"Anchor"},{"floor":24,"key":"Smiling Mask"},{"floor":26,"key":"Ancient Tea Set"},{"floor":28,"key":"Whetstone"},{"floor":42,"key":"Blue Candle"},{"floor":43,"key":"Pantograph"},{"floor":45,"key":"Vajra"},{"floor":48,"key":"Torii"}],"event_choices":[{"damage_healed":0,"gold_gain":100,"player_choice":"Pray","damage_taken":0,"max_hp_gain":0,"max_hp_loss":0,"event_name":"Golden Shrine","floor":2,"gold_loss":0},{"damage_healed":0,"gold_gain":0,"player_choice":"Box","damage_taken":0,"relics_obtained":["Toy Ornithopter"],"max_hp_gain":0,"max_hp_loss":0,"event_name":"Big Fish","floor":4,"gold_loss":0,"cards_obtained":["Regret"]},{"damage_healed":0,"gold_gain":0,"player_choice":"Forge","damage_taken":0,"max_hp_gain":0,"max_hp_loss":0,"event_name":"Accursed Blacksmith","floor":5,"gold_loss":0,"cards_upgraded":["Eruption"]},{"damage_healed":0,"gold_gain":0,"player_choice":"Searched \u00272\u0027 times","damage_taken":0,"relics_obtained":["MawBank"],"max_hp_gain":0,"max_hp_loss":0,"event_name":"Dead Adventurer","floor":10,"gold_loss":0},{"damage_healed":0,"gold_gain":0,"player_choice":"Paid Gold","damage_taken":0,"relics_obtained":["Dead Branch"],"max_hp_gain":0,"max_hp_loss":0,"event_name":"WeMeetAgain","floor":19,"gold_loss":83},{"damage_healed":0,"gold_gain":0,"player_choice":"Got Potions","damage_taken":0,"max_hp_gain":0,"max_hp_loss":0,"event_name":"Lab","floor":36,"gold_loss":0},{"damage_healed":0,"gold_gain":100,"player_choice":"Pray","damage_taken":0,"max_hp_gain":0,"max_hp_loss":0,"event_name":"Golden Shrine","floor":41,"gold_loss":0},{"damage_healed":0,"gold_gain":0,"player_choice":"Fight","damage_taken":0,"max_hp_gain":0,"max_hp_loss":0,"event_name":"MindBloom","floor":48,"gold_loss":0}],"is_beta":false,"boss_relics":[{"not_picked":["Sozu","SlaversCollar"],"picked":"Fusion Hammer"},{"not_picked":["Philosopher\u0027s Stone","Black Star"],"picked":"Astrolabe"}],"items_purged_floors":[3,13,25,31],"is_endless":false,"potions_floor_spawned":[1,6,11,20,24,38],"killed_by":"Time Eater","ascension_level":1}}