{"host":"vyjryxuuuxkt43k4","time":1611575236,"event":{"mods":["AchievementEnabler","BaseMod","Colored Map","DeckTracker","Keyboard Shortcuts","Minty Spire (QoL Compilation)","Permanent Neow","Quick Restart","Rare Cards Sparkle","StSLib","SuperFastMode","everything is the same but u backflip on backflip"],"gold_per_floor":[367,43,60,78,78,106,125,140,166,166,166,189,189,207,207,207,207],"floor_reached":16,"language":"KOR","playtime":578,"items_purged":["Writhe"],"score":146,"play_id":"e3916a12-f563-4503-bbc6-8e69866957c3","local_time":"20210125204716","is_ascension_mode":true,"campfire_choices":[{"floor":10,"key":"REST"},{"data":"Dualcast","floor":13,"key":"SMITH"},{"data":"Go for the Eyes","floor":15,"key":"SMITH"}],"circlet_count":0,"master_deck":["Strike_B","Strike_B","Strike_B","Strike_B","Defend_B","Defend_B","Defend_B","Defend_B","Zap","Dualcast+1","Cold Snap","Conserve Battery","Sweeping Beam","Compile Driver","Hologram","Lockon","Gash","Go for the Eyes+1","Glacier","Sunder"],"relics":["Cracked Core","Medical Kit","Calipers","Happy Flower","Juzu Bracelet","Golden Idol"],"acts_visited":["Exordium"],"potions_floor_usage":[16],"damage_taken":[{"damage":2,"enemies":"Jaw Worm","floor":1,"turns":3},{"damage":3,"enemies":"Cultist","floor":3,"turns":4},{"damage":3,"enemies":"2 Louse","floor":4,"turns":3},{"damage":32,"enemies":"Lagavulin","floor":6,"turns":10},{"damage":7,"enemies":"Large Slime","floor":7,"turns":5},{"damage":11,"enemies":"Blue Slaver","floor":8,"turns":4},{"damage":0,"enemies":"Looter","floor":12,"turns":2},{"damage":0,"enemies":"2 Fungi Beasts","floor":14,"turns":3},{"damage":32,"enemies":"The Guardian","floor":16,"turns":14}],"seed_played":"3150223152652917841","potions_obtained":[{"floor":3,"key":"LiquidMemories"},{"floor":6,"key":"Swift Potion"},{"floor":12,"key":"SmokeBomb"}],"is_trial":false,"path_per_floor":["M","$","M","M","?","E","M","M","T","R","?","M","R","M","R","B"],"character_chosen":"DEFECT","items_purchased":["Medical Kit","Conserve Battery","Sweeping Beam"],"campfire_rested":1,"item_purchase_floors":[2,2,2],"current_hp_per_floor":[66,66,63,60,60,28,21,10,10,32,32,32,32,32,32,0,0],"gold":207,"neow_bonus":"TWO_FIFTY_GOLD","is_daily":false,"chose_seed":false,"campfire_upgraded":2,"win_rate":0.0,"timestamp":1611575236,"path_taken":["M","$","M","M","?","E","M","M","T","R","?","M","R","M","R","BOSS"],"items_purchased_type":["Relic","Card","Card"],"build_version":"2020-12-22","purchased_purges":1,"victory":false,"max_hp_per_floor":[75,75,75,75,75,75,75,75,75,75,69,69,69,69,69,69,69],"card_choices":[{"not_picked":["Hologram","Leap"],"picked":"Cold Snap","floor":1},{"not_picked":["Streamline","Hologram"],"picked":"Compile Driver","floor":3},{"not_picked":["Static Discharge","Steam"],"picked":"Hologram","floor":4},{"not_picked":["Tempest","Redo"],"picked":"Lockon","floor":6},{"not_picked":["Heatsinks","Sweeping Beam"],"picked":"Gash","floor":7},{"not_picked":["Reinforced Body","Cold Snap"],"picked":"Go for the Eyes","floor":8},{"not_picked":["Leap","Gash"],"picked":"Glacier","floor":12},{"not_picked":["Streamline","Leap"],"picked":"Sunder","floor":14}],"player_experience":335821,"relics_obtained":[{"floor":6,"key":"Happy Flower"},{"floor":9,"key":"Juzu Bracelet"}],"event_choices":[{"damage_healed":0,"gold_gain":0,"player_choice":"Gave Potion","damage_taken":0,"relics_obtained":["Calipers"],"max_hp_gain":0,"max_hp_loss":0,"event_name":"WeMeetAgain","floor":5,"gold_loss":0},{"damage_healed":0,"gold_gain":0,"player_choice":"Lose Max HP","damage_taken":0,"relics_obtained":["Golden Idol"],"max_hp_gain":0,"max_hp_loss":6,"event_name":"Golden Idol","floor":11,"gold_loss":0}],"is_beta":false,"boss_relics":[],"items_purged_floors":[2],"is_endless":false,"potions_floor_spawned":[3,6,12],"killed_by":"The Guardian","ascension_level":8}}