{"host":"w06dlwhvl5cs3jlo","time":1611551818,"event":{"mods":["ATMod(阿瑾Mod)","Act Like it!","BaseMod","Downfall","Gensokyo","Luminous","Marisa（F雨　魔理沙）","Minty Spire (QoL Compilation)","Quick Restart","Relic Stats","Remilia（蕾米莉亚）","RumiaBox-露米娅的神秘盒子","Spicy Shops","StSLib","The Servant 0.9.4","UnlockEverythingMod","Yakumo Yukari mod","Youmu（魂魄妖梦）","Yuyuko","【功能Mod】聪明的最终Boss","【遗物卡牌】REMEMod"],"gold_per_floor":[114,334,352,363,400,400,437,467,493,493,386,386,415,430,430,549,549,571,585,579,579,579,579,614,614,614,22,94,124,58,88,88,88,88],"floor_reached":33,"language":"ZHS","playtime":1878,"items_purged":[],"score":462,"play_id":"e340fd82-722d-4cc6-be17-82b4cf50548f","local_time":"20210125131658","daily_mods":["Vintage","Allstar","Heirloom","DeadlyEvents","Elite Swarm"],"is_ascension_mode":true,"campfire_choices":[{"floor":6.0,"key":"RECALL"},{"floor":10.0,"key":"REST"},{"data":"REME_MagicPocketWatch","floor":12.0,"key":"SMITH"},{"floor":15.0,"key":"REST"},{"floor":23.0,"key":"REST"},{"floor":25.0,"key":"REST"},{"floor":32,"key":"REST"}],"circlet_count":0,"master_deck":["Strike_RM","Strike_RM","Strike_RM","Strike_RM","Defend_RM","Defend_RM","Defend_RM","Defend_RM","RedMoon","ScarletShoot","HandOfGreed","Discovery","Dramatic Entrance","Forethought","REME_MagicPocketWatch+1","AT_FamilyPortrait","CurseOfVladTepes","BloodRain","TricksterDevil","KillingBlow","KillingBlow+1","Gensokyo:TurboGranny","ScarletCoffin","Apotheosis","UnstableMagic","StarOfDavid","EquivalentExchange","ForecastOfChange","Gensokyo:LockedMedkit","BloodySeventeenLaser"],"relics":["ScarletHat","AT_ATBox","REME_ComplimentaryCards","TypeBBloodRedTea","Anchor","AddBug","SecretRecord","SecretRecord","SecretRecord","Baka2","SecretRecord","SecretRecord"],"acts_visited":["Gensokyo:Gensokyo","Gensokyo:Gensokyoer"],"potions_floor_usage":[31,33,33],"damage_taken":[{"damage":0.0,"enemies":"Gensokyo:Python","floor":1.0,"turns":2.0},{"damage":0.0,"enemies":"Gensokyo:3_Fairies","floor":2.0,"turns":4.0},{"damage":0.0,"enemies":"Gensokyo:2_Kodama","floor":3.0,"turns":3.0},{"damage":0.0,"enemies":"Gensokyo:5_Fairies","floor":4.0,"turns":5.0},{"damage":0.0,"enemies":"Gensokyo:2_Rabbits","floor":5.0,"turns":3.0},{"damage":11.0,"enemies":"Gensokyo:LivingMonolith","floor":7.0,"turns":4.0},{"damage":0.0,"enemies":"Gensokyo:Cirno","floor":8.0,"turns":7.0},{"damage":0.0,"enemies":"Gensokyo:Aya","floor":11.0,"turns":17.0},{"damage":6.0,"enemies":"Gensokyo:Mamizou","floor":13.0,"turns":10.0},{"damage":0.0,"enemies":"Gensokyo:VengefulSpirit","floor":14.0,"turns":2.0},{"damage":111.0,"enemies":"Gensokyo:Kokoro","floor":16.0,"turns":9.0},{"damage":28.0,"enemies":"Gensokyo:Chomper","floor":18.0,"turns":4.0},{"damage":1.0,"enemies":"Gensokyo:AngelMirror","floor":19.0,"turns":4.0},{"damage":8.0,"enemies":"Gensokyo:Slime_Group","floor":20.0,"turns":4.0},{"damage":32.0,"enemies":"Gensokyo:Reisen","floor":24.0,"turns":11.0},{"damage":42.0,"enemies":"Gensokyo:Tenshi","floor":28.0,"turns":3.0},{"damage":44.0,"enemies":"Gensokyo:Koishi","floor":29.0,"turns":5.0},{"damage":15,"enemies":"Gensokyo:Tenshi","floor":31,"turns":3},{"damage":56,"enemies":"Gensokyo:Eternal_Rivals","floor":33,"turns":2}],"seed_played":"-6282646776532266079","potions_obtained":[{"floor":1.0,"key":"Dexterity Potion"},{"floor":3.0,"key":"Strength Potion"},{"floor":4.0,"key":"Regen Potion"},{"floor":7.0,"key":"SneckoOil"},{"floor":11.0,"key":"SpeedPotion"},{"floor":18.0,"key":"AttackPotion"},{"floor":29.0,"key":"Block Potion"}],"is_trial":true,"path_per_floor":["M","M","M","M","M","R","M","E","T","R","E","R","E","M","R","B",null,"M","M","M","?","?","R","E","R","T","$","E","E","COS","E","R","B"],"character_chosen":"REMILIA","items_purchased":["Apotheosis","DollysMirror","Bronze Scales","UnstableMagic","StarOfDavid"],"campfire_rested":5,"item_purchase_floors":[27,27,27,27,27],"current_hp_per_floor":[75,75,75,75,63,63,60,67,67,83,83,83,77,80,83,83,92,65,67,71,71,71,83,51,75,75,75,40,16,16,15,39,0,0],"gold":88,"neow_bonus":"","is_daily":false,"chose_seed":false,"campfire_upgraded":1,"win_rate":0.0,"timestamp":1611551818,"path_taken":["M","M","M","M","M","R","M","E","T","R","E","R","E","M","R","BOSS","M","M","M","?","?","R","E","R","T","?","?","E","COS","E","R","BOSS"],"items_purchased_type":["Card","Relic","Relic","Card","Card"],"build_version":"2020-12-22","purchased_purges":0,"victory":false,"max_hp_per_floor":[75,75,75,75,83,83,83,83,83,83,83,83,83,83,83,92,92,92,92,92,83,83,83,83,83,83,83,83,83,83,83,83,83,83],"relic_stats":{"counters":[19,102],"obtain_stats":[{"TypeBBloodRedTea":0,"Anchor":1,"Baka2":14,"AT_ATBox":0,"AddBug":1,"SecretRecord":1,"Baka":1,"ScarletHat":0,"REME_ComplimentaryCards":0},{"TypeBBloodRedTea":0,"Anchor":1,"Baka2":10,"AT_ATBox":0,"AddBug":1,"SecretRecord":1,"Baka":1,"ScarletHat":0,"REME_ComplimentaryCards":0},{"TypeBBloodRedTea":0,"Anchor":2,"Baka2":57,"AT_ATBox":0,"AddBug":2,"SecretRecord":2,"Baka":2,"ScarletHat":0,"REME_ComplimentaryCards":0}]},"card_choices":[{"not_picked":["BloodySeventeenLaser","ScarletCoffin"],"picked":"CurseOfVladTepes","floor":8.0},{"not_picked":["CeilingFear","ForecastOfChange"],"picked":"BloodRain","floor":11.0},{"not_picked":["CurseOfVladTepes","ChaoticDestiny"],"picked":"TricksterDevil","floor":13.0},{"not_picked":["CurseOfVladTepes","HeartBreak"],"picked":"KillingBlow","floor":16.0},{"not_picked":["Gensokyo:HAARP","Gensokyo:MonkeysPaw"],"picked":"Gensokyo:TurboGranny","floor":21.0},{"not_picked":["CeilingFear","BloodRain"],"picked":"ScarletCoffin","floor":24.0},{"not_picked":["HellCatastrophe","TransientEternity"],"picked":"EquivalentExchange","floor":28.0},{"not_picked":["EquivalentExchange","BloodRain"],"picked":"ForecastOfChange","floor":29.0},{"not_picked":["BatForm","ChaoticDestiny"],"picked":"BloodySeventeenLaser","floor":31}],"player_experience":28987,"relics_obtained":[{"floor":1.0,"key":"Anchor"},{"floor":1.0,"key":"AddBug"},{"floor":1.0,"key":"Baka"},{"floor":2.0,"key":"AT_SpeedBoots"},{"floor":3.0,"key":"Ccalipers"},{"floor":4.0,"key":"Blood Vial"},{"floor":5.0,"key":"SecretRecord"},{"floor":5.0,"key":"AT_BellowingDragoncrestRing"},{"floor":7.0,"key":"GodSword1"},{"floor":8.0,"key":"Ginger"},{"floor":11.0,"key":"MealTicket"},{"floor":13.0,"key":"SecretRecord"},{"floor":13.0,"key":"AT_MibuBalloonWealth"},{"floor":14.0,"key":"GodSword3"},{"floor":14.0,"key":"Baka2"},{"floor":18.0,"key":"Happy Flower"},{"floor":19.0,"key":"AT_SilvercatRing"},{"floor":20.0,"key":"SecretRecord"},{"floor":20.0,"key":"Bottled Lightning"},{"floor":24.0,"key":"Pantograph"},{"floor":24.0,"key":"Unceasing Top"},{"floor":26.0,"key":"White Beast Statue"},{"floor":28.0,"key":"Turnip"},{"floor":29.0,"key":"MawBank"},{"floor":31,"key":"SecretRecord"},{"floor":31,"key":"WingedGreaves"}],"event_choices":[],"is_beta":false,"boss_relics":[{"not_picked":["Empty Cage","Black Star"],"picked":"REME_DemonsWealth"}],"items_purged_floors":[],"is_endless":false,"potions_floor_spawned":[1,3,4,7,11,18,19,29],"killed_by":"Gensokyo:Eternal_Rivals","ascension_level":1}}