{"host":"p62uqwu04pp7leh9","time":1611557844,"event":{"mods":["BaseMod","Block Reminder","Colored Map","Colored Powertips","Minty Spire (QoL Compilation)","Relic Stats"],"gold_per_floor":[111,111,36,47,47,47,75,75,99,131,142,42,62,97,97,192,192,208,34,34,49,68,68,96,96,121,121,121],"floor_reached":27,"language":"ENG","playtime":1561,"items_purged":["Defend_R","Strike_R"],"score":274,"play_id":"56a8386f-e009-4c61-b7b6-0920b2b59479","local_time":"20210125005724","is_ascension_mode":true,"campfire_choices":[{"data":"Pommel Strike","floor":6,"key":"SMITH"},{"data":"Havoc","floor":8,"key":"SMITH"},{"data":"Dual Wield","floor":15,"key":"SMITH"},{"data":"Mayhem","floor":23,"key":"SMITH"},{"data":"Armaments","floor":25,"key":"SMITH"}],"circlet_count":0,"master_deck":["Bash","Dropkick","Pommel Strike+1","Havoc+1","Evolve","Dual Wield+1","Juggernaut","True Grit","Heavy Blade","Entrench","Rupture","Whirlwind","Evolve","Armaments+1","Thunderclap","Mayhem+1","Thunderclap+1"],"relics":["Philosopher\u0027s Stone","Ginger","Oddly Smooth Stone","Mummified Hand","Self Forming Clay","Pandora\u0027s Box","Juzu Bracelet","Bag of Preparation"],"acts_visited":["Exordium","TheCity"],"potions_floor_usage":[7,7,13,14,16,21,21],"damage_taken":[{"damage":1,"enemies":"Small Slimes","floor":1,"turns":3},{"damage":0,"enemies":"Cultist","floor":4,"turns":2},{"damage":11,"enemies":"3 Sentries","floor":7,"turns":7},{"damage":14,"enemies":"Lagavulin","floor":10,"turns":5},{"damage":1,"enemies":"Jaw Worm","floor":11,"turns":2},{"damage":7,"enemies":"Lots of Slimes","floor":13,"turns":4},{"damage":13,"enemies":"Gremlin Nob","floor":14,"turns":3},{"damage":10,"enemies":"Slime Boss","floor":16,"turns":6},{"damage":8,"enemies":"Chosen","floor":18,"turns":3},{"damage":12,"enemies":"2 Thieves","floor":21,"turns":2},{"damage":19,"enemies":"Snake Plant","floor":22,"turns":3},{"damage":33,"enemies":"Gremlin Leader","floor":24,"turns":5},{"damage":14,"enemies":"Book of Stabbing","floor":27,"turns":2}],"seed_played":"-7898795511102909726","potions_obtained":[{"floor":1,"key":"Ancient Potion"},{"floor":2,"key":"HeartOfIron"},{"floor":2,"key":"SkillPotion"},{"floor":2,"key":"BlessingOfTheForge"},{"floor":10,"key":"Strength Potion"},{"floor":11,"key":"SneckoOil"},{"floor":13,"key":"BlessingOfTheForge"},{"floor":14,"key":"LiquidMemories"},{"floor":21,"key":"ElixirPotion"}],"is_trial":false,"path_per_floor":["M","?","$","M","$","R","E","R","T","E","M","$","M","E","R","B",null,"M","$","$","M","M","R","E","R","T","E"],"character_chosen":"IRONCLAD","items_purchased":["Mayhem"],"campfire_rested":0,"item_purchase_floors":[19],"current_hp_per_floor":[79,79,79,79,79,79,68,68,68,54,53,53,46,33,33,23,80,72,72,72,60,41,41,8,8,8,0,0],"gold":121,"neow_bonus":"BOSS_RELIC","is_daily":false,"chose_seed":false,"campfire_upgraded":5,"win_rate":0.0,"timestamp":1611557844,"path_taken":["M","?","?","M","?","R","E","R","T","E","M","$","?","E","R","BOSS","M","?","$","M","M","R","E","R","T","E"],"items_purchased_type":["Card"],"build_version":"2020-12-22","purchased_purges":2,"victory":false,"max_hp_per_floor":[80,80,80,80,80,80,80,80,80,80,80,80,80,80,80,80,80,80,80,80,80,80,80,80,80,80,80,80],"relic_stats":{"counters":[13,47],"Mummified Hand":[42],"Self Forming Clay":[39],"Pandora\u0027s Box":["True Grit","Heavy Blade","Entrench","Rupture","Whirlwind","Evolve","Armaments"],"Juzu Bracelet":0,"Bag of Preparation":[2],"Ginger":[8],"obtain_stats":[{"Mummified Hand":10,"Self Forming Clay":14,"Oddly Smooth Stone":9,"Philosopher\u0027s Stone":0,"Pandora\u0027s Box":17,"Juzu Bracelet":24,"Bag of Preparation":26,"Ginger":7,"Burning Blood":0},{"Mummified Hand":4,"Self Forming Clay":7,"Oddly Smooth Stone":3,"Philosopher\u0027s Stone":0,"Pandora\u0027s Box":8,"Juzu Bracelet":12,"Bag of Preparation":12,"Ginger":3,"Burning Blood":0},{"Mummified Hand":17,"Self Forming Clay":26,"Oddly Smooth Stone":12,"Philosopher\u0027s Stone":0,"Pandora\u0027s Box":32,"Juzu Bracelet":45,"Bag of Preparation":45,"Ginger":12,"Burning Blood":0}]},"card_choices":[{"not_picked":["Searing Blow","Clash"],"picked":"Dropkick","floor":1},{"not_picked":["Pummel","Heavy Blade"],"picked":"Pommel Strike","floor":4},{"not_picked":["Exhume","Wild Strike"],"picked":"Havoc","floor":7},{"not_picked":["Bloodletting","Perfected Strike"],"picked":"Evolve","floor":10},{"not_picked":["Clash","True Grit","Bloodletting"],"picked":"SKIP","floor":11},{"not_picked":["Power Through","Shockwave"],"picked":"Dual Wield","floor":13},{"not_picked":["Clothesline","Uppercut","Warcry"],"picked":"SKIP","floor":14},{"not_picked":["Corruption","Limit Break"],"picked":"Juggernaut","floor":16},{"not_picked":["Perfected Strike+1","Headbutt+1"],"picked":"Thunderclap","floor":18},{"not_picked":["Twin Strike+1","Headbutt","Second Wind"],"picked":"SKIP","floor":21},{"not_picked":["Carnage","Headbutt+1","Thunderclap"],"picked":"SKIP","floor":22},{"not_picked":["Body Slam","Clash"],"picked":"Thunderclap+1","floor":24}],"player_experience":316072,"relics_obtained":[{"floor":7,"key":"Ginger"},{"floor":9,"key":"Oddly Smooth Stone"},{"floor":10,"key":"Mummified Hand"},{"floor":14,"key":"Self Forming Clay"},{"floor":24,"key":"Juzu Bracelet"},{"floor":26,"key":"Bag of Preparation"}],"event_choices":[{"damage_healed":0,"gold_gain":0,"player_choice":"Got Potions","damage_taken":0,"max_hp_gain":0,"max_hp_loss":0,"event_name":"Lab","floor":2,"gold_loss":0}],"is_beta":false,"boss_relics":[{"not_picked":["Astrolabe","Busted Crown"],"picked":"Pandora\u0027s Box"}],"items_purged_floors":[3,12],"is_endless":false,"potions_floor_spawned":[1,10,11,13,14,21],"killed_by":"Book of Stabbing","ascension_level":2}}