{"host":"uv5ws9rdk87e8i5k","time":1611550585,"event":{"mods":["AchievementEnabler","BaseMod","Colored Map","Minty Spire (QoL Compilation)","StSLib","SuperFastMode","The Necromancer"],"gold_per_floor":[19,33,51,51,67,108,108,149,149,170,170,214,214,229,229,357,357,376,396,410,410,425,425,469,469,541,576,591,57,157,172,172,300,300,325,344,365,389,405,443,506,506,506,135,0,0,0,20,20,20],"floor_reached":51,"language":"ENG","playtime":1302,"items_purged":["Strike_W","Parasite"],"score":929,"play_id":"1c08027d-e9d1-4908-acdb-efb19aff3c10","local_time":"20210124225625","is_ascension_mode":true,"campfire_choices":[{"data":"Summon_Vampire_Lady","floor":7.0,"key":"SMITH"},{"data":"Bone_Prison","floor":11.0,"key":"SMITH"},{"floor":13.0,"key":"REST"},{"data":"Life_Tap","floor":15.0,"key":"SMITH"},{"data":"Summon_Vampire_Lady","floor":23.0,"key":"SMITH"},{"data":"Summon_Undead_Army","floor":25.0,"key":"SMITH"},{"data":"Summon_Lich","floor":32.0,"key":"SMITH"},{"data":"Shade_Step","floor":42.0,"key":"SMITH"},{"data":"Summon_Lich","floor":47.0,"key":"SMITH"},{"floor":49,"key":"REST"}],"circlet_count":0,"master_deck":["Strike_W","Strike_W","Strike_W","Defend_W","Defend_W","Defend_W","Defend_W","Negative_Energy_Arrows","Bone_Wall","Summon_Vampire_Lady+1","Bone_Armor","Negative_Energy_Burst","Bone_Prison+1","Spectral_Armor","Negative_Energy_Sphere","Grasp_Heart","Life_Tap+1","Hellfire","Summon_Vampire_Lady+1","Summon_Lich+1","Summon_Lich+1","Summon_Undead_Army+1","Summon_Lich+1","Shade_Step+1","Summon_Undead_Army+1","Summon_Lich+1","Summon_Death_Knight+1","Spectral_Armor","Summon_Lich+1","Summon_Lich+1","Shade_Step+1"],"relics":["Vampire_Amulet","Golden Idol","Nunchaku","Boot","Shuriken","Bottled Flame","SlaversCollar","Pantograph","Frozen Egg 2","Mummified Hand","Orrery","Runic Dome","Peace Pipe","Gambling Chip","Torii","ClockworkSouvenir","Red Mask"],"acts_visited":["Exordium","TheCity","TheBeyond"],"potions_floor_usage":[48],"damage_taken":[{"damage":3.0,"enemies":"2 Louse","floor":1.0,"turns":3.0},{"damage":13.0,"enemies":"Jaw Worm","floor":2.0,"turns":4.0},{"damage":0.0,"enemies":"Cultist","floor":3.0,"turns":4.0},{"damage":13.0,"enemies":"3 Louse","floor":5.0,"turns":3.0},{"damage":40.0,"enemies":"Gremlin Nob","floor":6.0,"turns":7.0},{"damage":17.0,"enemies":"3 Sentries","floor":8.0,"turns":5.0},{"damage":4.0,"enemies":"Blue Slaver","floor":10.0,"turns":3.0},{"damage":18.0,"enemies":"Gremlin Nob","floor":12.0,"turns":3.0},{"damage":0.0,"enemies":"Exordium Wildlife","floor":14.0,"turns":2.0},{"damage":12.0,"enemies":"Hexaghost","floor":16.0,"turns":8.0},{"damage":8.0,"enemies":"Chosen","floor":18.0,"turns":4.0},{"damage":32.0,"enemies":"Spheric Guardian","floor":19.0,"turns":4.0},{"damage":23.0,"enemies":"Centurion and Healer","floor":20.0,"turns":9.0},{"damage":21.0,"enemies":"Snake Plant","floor":22.0,"turns":4.0},{"damage":22.0,"enemies":"Slavers","floor":24.0,"turns":5.0},{"damage":24.0,"enemies":"Book of Stabbing","floor":27.0,"turns":5.0},{"damage":11.0,"enemies":"Shelled Parasite and Fungi","floor":28.0,"turns":4.0},{"damage":0.0,"enemies":"Snecko","floor":31.0,"turns":5.0},{"damage":42.0,"enemies":"Automaton","floor":33.0,"turns":6.0},{"damage":1.0,"enemies":"3 Shapes","floor":35.0,"turns":3.0},{"damage":11.0,"enemies":"Orb Walker","floor":36.0,"turns":2.0},{"damage":4.0,"enemies":"Writhing Mass","floor":37.0,"turns":4.0},{"damage":49.0,"enemies":"Sphere and 2 Shapes","floor":38.0,"turns":6.0},{"damage":8.0,"enemies":"Maw","floor":39.0,"turns":6.0},{"damage":27.0,"enemies":"Reptomancer","floor":40.0,"turns":4.0},{"damage":5.0,"enemies":"Mind Bloom Boss Battle","floor":41.0,"turns":5.0},{"damage":8,"enemies":"Spire Growth","floor":48,"turns":3},{"damage":66,"enemies":"Time Eater","floor":50,"turns":9}],"seed_played":"3764714506765495394","potions_obtained":[{"floor":2.0,"key":"SmokeBomb"},{"floor":10.0,"key":"AttackPotion"},{"floor":16.0,"key":"ColorlessPotion"},{"floor":20.0,"key":"GamblersBrew"},{"floor":22.0,"key":"Strength Potion"},{"floor":24.0,"key":"SteroidPotion"},{"floor":33.0,"key":"PowerPotion"},{"floor":35.0,"key":"Energy Potion"},{"floor":37.0,"key":"SkillPotion"},{"floor":39.0,"key":"EntropicBrew"},{"floor":40.0,"key":"Ancient Potion"}],"is_trial":false,"path_per_floor":["M","M","M","?","M","E","R","E","T","M","R","E","R","M","R","B",null,"M","M","M","?","M","R","E","R","T","E","M","$","?","M","R","B",null,"M","M","M","M","M","E","?","R","T","$","?","$","R","M","R","B",null],"character_chosen":"NECROMANCER","items_purchased":["Summon_Lich+1","Shade_Step","Orrery","FairyPotion","Block Potion","Summon_Lich+1","ClockworkSouvenir","PowerPotion"],"campfire_rested":2,"item_purchase_floors":[29,29,29,29,29,44,44,44],"current_hp_per_floor":[75,70,72,69,68,30,30,34,34,38,38,22,42,46,46,48,69,69,51,68,68,56,56,49,49,49,45,47,47,47,52,52,51,69,69,63,64,33,57,49,69,69,69,66,66,66,66,63,66,28],"gold":20,"neow_bonus":"THREE_RARE_CARDS","is_daily":false,"chose_seed":false,"campfire_upgraded":8,"win_rate":0.0,"timestamp":1611550585,"path_taken":["M","M","M","?","M","E","R","E","T","M","R","E","R","M","R","BOSS","M","M","M","?","M","R","E","R","T","E","M","$","?","M","R","BOSS","M","M","M","?","M","E","?","R","T","$","?","?","R","M","R","BOSS"],"items_purchased_type":["Card","Card","Relic","Potion","Potion","Card","Relic","Potion"],"build_version":"2020-12-22","purchased_purges":2,"victory":true,"max_hp_per_floor":[75,75,75,69,69,69,69,69,69,69,69,69,69,69,69,69,69,69,69,69,69,69,69,69,69,69,69,69,69,69,69,69,69,69,69,69,69,69,69,69,69,69,69,66,66,66,66,66,66,66],"card_choices":[{"not_picked":["Blood_Wake","Negative_Energy_Bomb"],"picked":"Summon_Vampire_Lady","floor":0.0},{"not_picked":["Vampiric_Strike","Death_Coil"],"picked":"Bone_Armor","floor":1.0},{"not_picked":["Death_March_Dance","Toxic_Smoke_Screen"],"picked":"Negative_Energy_Burst","floor":2.0},{"not_picked":["Death_March_Dance","Death_Coil"],"picked":"Bone_Prison","floor":3.0},{"not_picked":["Whirlwind_of_Bones","Blood_Curse"],"picked":"Spectral_Armor","floor":5.0},{"not_picked":["Whirlwind_of_Bones","Bones_to_Steel"],"picked":"Negative_Energy_Sphere","floor":6.0},{"not_picked":["Shackles_Of_Pain","Strike_from_Beyond"],"picked":"Grasp_Heart","floor":8.0},{"not_picked":["Consume_Illness","Bone_Bullets"],"picked":"Life_Tap","floor":10.0},{"not_picked":["Shackles_Of_Pain","Negative_Energy_Mist"],"picked":"Hellfire","floor":12.0},{"not_picked":["Slay_Living","Blood_Is_Power","Vampiric_Strike"],"picked":"SKIP","floor":14.0},{"not_picked":["Detonate_Bones","Negative_Energy_Bomb"],"picked":"Summon_Vampire_Lady","floor":16.0},{"not_picked":["Acid_Javelin+1","Negative_Energy_Shield","Bone_Armory"],"picked":"SKIP","floor":18.0},{"not_picked":["Epidemic","Negative_Energy_Javelin"],"picked":"Summon_Lich","floor":19.0},{"not_picked":["Consume_Illness+1","Corrupt","Negative_Energy_Sphere"],"picked":"SKIP","floor":20.0},{"not_picked":["Acid_Javelin+1","Negative_Energy_Shield+1","Death_March_Dance"],"picked":"SKIP","floor":22.0},{"not_picked":["Slay_Living","Blood_Wake"],"picked":"Summon_Undead_Army","floor":24.0},{"not_picked":["Pandemic","Life_Tap+1","Hellfire"],"picked":"SKIP","floor":27.0},{"not_picked":["Bone_Armor","Whirlwind_of_Bones","Acid_Javelin"],"picked":"SKIP","floor":28.0},{"not_picked":["Negative_Energy_Shield+1","Negative_Energy_Javelin"],"picked":"Summon_Undead_Army+1","floor":29.0},{"not_picked":["Blood_Shield+1","Slay_Living"],"picked":"Summon_Lich+1","floor":29.0},{"not_picked":["Life_Drain+1","Thousand_Bone_Knives","Negative_Energy_Shield"],"picked":"SKIP","floor":31.0},{"not_picked":["Skeleton_Dragon+1","Cloudkill"],"picked":"Summon_Death_Knight+1","floor":33.0},{"not_picked":["Thousand_Bone_Knives","Shackles_Of_Pain"],"picked":"Spectral_Armor","floor":35.0},{"not_picked":["Slay_Living+1","Negative_Energy_Mist+1","Negative_Energy_Javelin"],"picked":"SKIP","floor":36.0},{"not_picked":["Scare+1","Toxic_Smoke_Screen+1","Negative_Energy_Javelin+1"],"picked":"SKIP","floor":37.0},{"not_picked":["Bone_Spikes","Toxic_Smoke_Screen","Death_Coil+1"],"picked":"SKIP","floor":38.0},{"not_picked":["Epidemic+1","Corrupt+1","Grasp_Heart"],"picked":"SKIP","floor":39.0},{"not_picked":["Violent_Necrosis","Stop_Heart+1"],"picked":"Summon_Lich+1","floor":40.0},{"not_picked":["Exploit","Bone_Bullets+1"],"picked":"Shade_Step+1","floor":48}],"player_experience":257318,"relics_obtained":[{"floor":6.0,"key":"Nunchaku"},{"floor":8.0,"key":"Boot"},{"floor":9.0,"key":"Shuriken"},{"floor":12.0,"key":"Bottled Flame"},{"floor":24.0,"key":"Pantograph"},{"floor":26.0,"key":"Frozen Egg 2"},{"floor":27.0,"key":"Mummified Hand"},{"floor":40.0,"key":"Peace Pipe"},{"floor":41.0,"key":"Gambling Chip"},{"floor":43.0,"key":"Torii"}],"event_choices":[{"damage_healed":0.0,"max_hp_gain":0.0,"max_hp_loss":6.0,"gold_gain":0.0,"event_name":"Golden Idol","player_choice":"Lose Max HP","floor":4.0,"gold_loss":0.0,"damage_taken":0.0,"relics_obtained":["Golden Idol"]},{"damage_healed":0.0,"max_hp_gain":0.0,"max_hp_loss":0.0,"gold_gain":0.0,"event_name":"The Library","player_choice":"Read","floor":21.0,"gold_loss":0.0,"damage_taken":0.0,"cards_obtained":["Summon_Lich"]},{"damage_healed":0.0,"max_hp_gain":0.0,"max_hp_loss":0.0,"gold_gain":100.0,"event_name":"Golden Shrine","player_choice":"Pray","floor":30.0,"gold_loss":0.0,"damage_taken":0.0},{"damage_healed":0.0,"max_hp_gain":0.0,"max_hp_loss":0.0,"gold_gain":0.0,"event_name":"MindBloom","player_choice":"Fight","floor":41.0,"gold_loss":0.0,"damage_taken":0.0},{"damage_healed":0.0,"max_hp_gain":0.0,"max_hp_loss":0.0,"gold_gain":0.0,"event_name":"Tomb of Lord Red Mask","player_choice":"Paid","floor":45.0,"gold_loss":135.0,"damage_taken":0.0,"relics_obtained":["Red Mask"]}],"is_beta":false,"boss_relics":[{"not_picked":["Busted Crown","Runic Pyramid"],"picked":"SlaversCollar"},{"not_picked":["Fusion Hammer","Calling Bell"],"picked":"Runic Dome"}],"items_purged_floors":[29,44],"is_endless":false,"potions_floor_spawned":[2,10,16,20,22,24,33,35,37,39,40],"ascension_level":4}}