{"host":"delta","time":1611577264,"event":{"mods":["Act Like it!","Arknights The Spire","BaseMod","Lobotomy","Minty Spire (QoL Compilation)","StSLib"],"gold_per_floor":[113,133,133,83,99,114,114,132,132,152,168,189,189,216,216,216,216],"floor_reached":16,"language":"ZHS","playtime":1040,"items_purged":[],"score":96,"play_id":"4d56b985-a624-4e91-9912-aa785139503f","local_time":"20210125202104","is_ascension_mode":false,"campfire_choices":[{"data":"ats:Closed Bolt Burst Fire","floor":7,"key":"SMITH"},{"data":"ats:Red Shift","floor":13,"key":"SMITH"},{"data":"ats:Sword Rain","floor":15,"key":"SMITH"}],"circlet_count":0,"master_deck":["ats:Strike G","ats:Strike S","ats:Strike V","ats:Armor Crushing Shot","ats:Defend","ats:Defend","ats:Defend","ats:Defend","ats:Emotion Absorption","CENSORED","ats:Sword Rain+1","ats:Closed Bolt Burst Fire+1","QueenOfHatred","QueenBee","ats:Absolute Focus","Laetitia","ats:Red Shift+1","VoidDream","ats:Fractured Body","ats:LN2 Cannon","Murderer","UniverseFragment","ats:Shadow Assault","MHz"],"relics":["ats:Sanity","CogitoBucket","Golden Idol","Singing Bowl","ResearcherNote","Oddly Smooth Stone"],"acts_visited":["Exordium"],"potions_floor_usage":[],"damage_taken":[{"damage":8,"enemies":"Jaw Worm","floor":1,"turns":4},{"damage":14,"enemies":"Small Slimes","floor":2,"turns":6},{"damage":6,"enemies":"2 Louse","floor":5,"turns":3},{"damage":16,"enemies":"Exordium Wildlife","floor":6,"turns":4},{"damage":6,"enemies":"Red Slaver","floor":8,"turns":4},{"damage":15,"enemies":"Looter","floor":10,"turns":5},{"damage":0,"enemies":"Gremlin Gang","floor":11,"turns":3},{"damage":3,"enemies":"Lots of Slimes","floor":12,"turns":2},{"damage":36,"enemies":"Hexaghost","floor":16,"turns":3}],"seed_played":"2592398632802877727","potions_obtained":[{"floor":2,"key":"AttackPotion"},{"floor":11,"key":"BlessingOfTheForge"},{"floor":12,"key":"SpeedPotion"}],"is_trial":false,"path_per_floor":["M","M","?","?","M","M","R","M","T","M","M","M","R","T","R","B"],"character_chosen":"DOCTOR_CLASS","items_purchased":[],"campfire_rested":0,"item_purchase_floors":[],"current_hp_per_floor":[64,66,48,48,53,66,66,68,68,71,72,72,72,72,72,48,48],"gold":216,"neow_bonus":"","is_daily":false,"chose_seed":false,"campfire_upgraded":3,"win_rate":0.0,"timestamp":1611577264,"path_taken":["M","M","?","?","?","M","R","M","T","M","M","M","R","?","R","BOSS"],"items_purchased_type":[],"build_version":"2020-12-18","purchased_purges":0,"victory":false,"max_hp_per_floor":[72,72,72,72,72,72,72,72,72,72,72,74,74,74,74,74,74],"card_choices":[{"not_picked":["QueenBee","Wellcheers"],"picked":"CENSORED","floor":1},{"not_picked":["ats:Poison Spread","ats:Soul Absorption"],"picked":"ats:Sword Rain","floor":1},{"not_picked":["ats:Explosion Area Strengthen","ats:Powerful Strike"],"picked":"ats:Closed Bolt Burst Fire","floor":2},{"not_picked":["OldLady","BeautyBeast"],"picked":"QueenOfHatred","floor":2},{"not_picked":["SingingMachine","Mercenary","WallGazer"],"picked":"Singing Bowl","floor":5},{"not_picked":["PunishingBird","SpiderBud"],"picked":"QueenBee","floor":5},{"not_picked":["ats:Curse Doll","ats:Apocalypse"],"picked":"ats:Absolute Focus","floor":5},{"not_picked":["FairyFestival","BeautyBeast"],"picked":"Laetitia","floor":6},{"not_picked":["ats:Revitalization","ats:Cat Scratch"],"picked":"ats:Red Shift","floor":6},{"not_picked":["SpiderBud","RedShoes"],"picked":"VoidDream","floor":8},{"not_picked":["ats:Leaping Hammer","ats:Support Order"],"picked":"ats:Fractured Body","floor":8},{"not_picked":["ats:Closed Bolt Burst Fire","ats:Consecutive Shot Auto"],"picked":"ats:LN2 Cannon","floor":10},{"not_picked":["BeautyBeast","Variant"],"picked":"Murderer","floor":10},{"not_picked":["HeroicMonk","Wellcheers"],"picked":"UniverseFragment","floor":11},{"not_picked":["ats:Absolute Focus","ats:Poison Spread"],"picked":"ats:Shadow Assault","floor":11},{"not_picked":["Wellcheers","WallGazer"],"picked":"MHz","floor":12},{"not_picked":["ats:Spore Proliferation","ats:Steam Pump","ats:Blood Oath"],"picked":"Singing Bowl","floor":12}],"player_experience":321259,"relics_obtained":[{"floor":9,"key":"Singing Bowl"},{"floor":14,"key":"Oddly Smooth Stone"}],"event_choices":[{"damage_healed":0,"gold_gain":0,"player_choice":"Take Damage","damage_taken":18,"relics_obtained":["Golden Idol"],"max_hp_gain":0,"max_hp_loss":0,"event_name":"Golden Idol","floor":3,"gold_loss":0},{"cards_removed":["ats:Strike C"],"damage_healed":0,"gold_gain":0,"player_choice":"Card Removal","damage_taken":0,"max_hp_gain":0,"max_hp_loss":0,"event_name":"The Cleric","floor":4,"gold_loss":50}],"is_beta":true,"boss_relics":[],"items_purged_floors":[],"is_endless":false,"potions_floor_spawned":[2,11,12],"killed_by":"Hexaghost","ascension_level":0}}