{"host":"36umirwmj0u9xjg7","time":1611614095,"event":{"mods":["Aspiration","BaseMod","CCEM","Downfall","Minty Spire (QoL Compilation)","Reliquary","Replay The Spire","StS++","StSLib","The Construct","The Gatherer","The Necromancer","The Runesmith"],"gold_per_floor":[110,210,221,285,305,305,305],"floor_reached":6,"language":"ENG","playtime":112,"items_purged":[],"score":36,"play_id":"8c024bd6-1242-4948-a50d-9012c82bf14d","local_time":"20210125233455","is_ascension_mode":false,"campfire_choices":[],"circlet_count":0,"master_deck":["construct:Strike_Gold","construct:Strike_Gold","construct:Strike_Gold","construct:Strike_Gold","construct:Strike_Gold","construct:Defend_Gold","construct:Defend_Gold","construct:Defend_Gold","construct:Defend_Gold","construct:Defend_Gold","construct:DefenseMode","construct:Analyze","construct:FlameCore","construct:LaserCore","construct:Reinforce"],"relics":["construct:ClockworkPhoenix","NeowsBlessing","reliquary:FeatherDuster"],"acts_visited":["Exordium"],"potions_floor_usage":[6,6],"damage_taken":[{"damage":0,"enemies":"Small Slimes","floor":1,"turns":1},{"damage":0,"enemies":"Cultist","floor":3,"turns":1},{"damage":0,"enemies":"Jaw Worm","floor":5,"turns":1},{"damage":53,"enemies":"Gremlin Nob","floor":6,"turns":5}],"seed_played":"-5049744980082755771","potions_obtained":[{"floor":3,"key":"PowerPotion"},{"floor":4,"key":"PowerPotion"}],"is_trial":false,"path_per_floor":["M","?","M","?","M","E"],"character_chosen":"THE_CONSTRUCT_MOD","items_purchased":[],"campfire_rested":0,"item_purchase_floors":[],"current_hp_per_floor":[85,85,85,51,51,0,0],"gold":305,"neow_bonus":"THREE_ENEMY_KILL","is_daily":false,"chose_seed":false,"campfire_upgraded":0,"win_rate":0.0,"timestamp":1611614095,"path_taken":["M","?","?","?","?","E"],"items_purchased_type":[],"build_version":"2020-12-22","purchased_purges":0,"victory":false,"max_hp_per_floor":[85,85,85,85,85,85,85],"card_choices":[{"not_picked":["construct:FierceBash","construct:HeavyBolt"],"picked":"construct:Analyze","floor":1},{"not_picked":["construct:ModeShift","construct:ElectricArmor"],"picked":"construct:FlameCore","floor":3},{"not_picked":["construct:HardReboot","construct:PowerUp"],"picked":"construct:LaserCore","floor":4},{"not_picked":["construct:VentSteam","construct:ShiftStrike"],"picked":"construct:Reinforce","floor":5}],"player_experience":157021,"relics_obtained":[{"floor":4,"key":"reliquary:FeatherDuster"}],"event_choices":[{"damage_healed":0,"gold_gain":100,"player_choice":"Pray","damage_taken":0,"max_hp_gain":0,"max_hp_loss":0,"event_name":"Golden Shrine","floor":2,"gold_loss":0}],"is_beta":false,"boss_relics":[],"items_purged_floors":[],"is_endless":false,"potions_floor_spawned":[3],"killed_by":"Gremlin Nob","ascension_level":0}}