{"host":"seujf6kmfn3ctpoe","time":1611584390,"event":{"mods":["BaseMod","Colored Map","Downfall","Minty Spire (QoL Compilation)","Permanent Neow","Relic Sorter","Relic Stats","StSLib"],"gold_per_floor":[349,349,359,0,18,18,18,18,45,57,57,76,109,109,123,123,123,123],"floor_reached":16,"language":"ENG","playtime":666,"items_purged":[],"score":110,"play_id":"d929706e-e2ba-4a23-aab2-36e15f622fb9","local_time":"20210125151950","is_ascension_mode":false,"campfire_choices":[{"floor":1,"key":"RECALL"},{"data":"bronze:OilSpill","floor":6,"key":"SMITH"},{"floor":11,"key":"REST"}],"circlet_count":0,"master_deck":["bronze:Strike","bronze:Strike","bronze:Defend","bronze:Defend","bronze:Defend","bronze:Defend","bronze:Replicate","bronze:Goto","bronze:Shield","bronze:BuggyMess","bronze:CloningBeam","bronze:OilSpill+1","bronze:OilSpill+1","bronze:Flail","bronze:Frontload","bronze:ClassDefault"],"relics":["bronze:BronzeCore","Matryoshka","Ancient Tea Set","White Beast Statue","Bag of Preparation","Juzu Bracelet"],"acts_visited":["Exordium"],"potions_floor_usage":[16,16],"damage_taken":[{"damage":1,"enemies":"Cultist","floor":3,"turns":4},{"damage":0,"enemies":"downfall:FleeingMerchant","floor":4,"turns":4},{"damage":0,"enemies":"Small Slimes","floor":5,"turns":3},{"damage":20,"enemies":"Lagavulin","floor":9,"turns":7},{"damage":0,"enemies":"Jaw Worm","floor":10,"turns":2},{"damage":0,"enemies":"Lots of Slimes","floor":12,"turns":1},{"damage":14,"enemies":"Gremlin Nob","floor":13,"turns":3},{"damage":23,"enemies":"Gremlin Gang","floor":15,"turns":4},{"damage":26,"enemies":"DF_ARCHETYPE_STREAMLINE","floor":16,"turns":3}],"seed_played":"-798770666227348740","potions_obtained":[{"floor":5,"key":"GamblersBrew"},{"floor":9,"key":"Slimebound:ThreeZeroPotion"},{"floor":10,"key":"Regen Potion"},{"floor":12,"key":"champ:CounterPotion"},{"floor":13,"key":"CultistPotion"}],"is_trial":false,"path_per_floor":["R","?","M","$","M","R","T","?","E","M","R","M","E","?","M","B"],"character_chosen":"THE_AUTOMATON","items_purchased":["bronze:CloningBeam","bronze:OilSpill","Matryoshka"],"campfire_rested":1,"item_purchase_floors":[4,4,4],"current_hp_per_floor":[49,49,48,48,48,48,48,48,28,28,49,49,35,35,12,0,0,0],"gold":123,"neow_bonus":"TWO_FIFTY_GOLD","is_daily":false,"chose_seed":false,"campfire_upgraded":1,"win_rate":0.0,"timestamp":1611584390,"path_taken":["R","?","M","$","M","R","T","?","E","?","R","M","E","?","M","BOSS"],"items_purchased_type":["Card","Card","Relic"],"build_version":"2020-12-22","purchased_purges":0,"victory":false,"max_hp_per_floor":[70,70,70,70,70,70,70,70,70,70,70,70,70,70,70,70,70,70],"relic_stats":{"counters":[9,31],"Bag of Preparation":[10],"Juzu Bracelet":0,"obtain_stats":[{"bronze:BronzeCore":0,"Matryoshka":4,"Bag of Preparation":9,"Juzu Bracelet":13,"Ancient Tea Set":7,"White Beast Statue":7},{"bronze:BronzeCore":0,"Matryoshka":2,"Bag of Preparation":4,"Juzu Bracelet":7,"Ancient Tea Set":3,"White Beast Statue":3},{"bronze:BronzeCore":0,"Matryoshka":8,"Bag of Preparation":18,"Juzu Bracelet":24,"Ancient Tea Set":11,"White Beast Statue":11}]},"card_choices":[{"not_picked":["bronze:Overheat","bronze:Constructor"],"picked":"bronze:Shield","floor":3},{"not_picked":["bronze:WhirlingStrike","bronze:Turbo"],"picked":"bronze:BuggyMess","floor":4},{"not_picked":["bronze:Frontload","bronze:BuggyMess"],"picked":"bronze:OilSpill","floor":5},{"not_picked":["bronze:ThunderWave","bronze:Invalidate","bronze:BitShift"],"picked":"SKIP","floor":9},{"not_picked":["bronze:WildBeam","bronze:WhirlingStrike"],"picked":"bronze:Flail","floor":10},{"not_picked":["bronze:Deprecate","bronze:Branch","bronze:Separator"],"picked":"SKIP","floor":12},{"not_picked":["bronze:ForceShield","bronze:Philosophize"],"picked":"bronze:Frontload","floor":13},{"not_picked":["bronze:WildBeam","bronze:BuggyMess","bronze:Separator"],"picked":"SKIP","floor":15}],"player_experience":418971,"relics_obtained":[{"floor":7,"key":"Ancient Tea Set"},{"floor":7,"key":"White Beast Statue"},{"floor":9,"key":"Bag of Preparation"},{"floor":13,"key":"Juzu Bracelet"}],"event_choices":[],"is_beta":false,"boss_relics":[],"items_purged_floors":[],"is_endless":false,"potions_floor_spawned":[5,9,10,12,13,15],"killed_by":"DF_ARCHETYPE_STREAMLINE","ascension_level":0}}