{"host":"opyh6vr790e42ffe","time":1611545732,"event":{"mods":["BaseMod","Bestiary","Colored Map","Highlight Path","Minty Spire (QoL Compilation)","Relic Stats","StSLib"],"gold_per_floor":[117,134,5,16,16,16,50,50,50,63,73,248,280,295,295,399,399,411,411,427,438,456,456,470,485,485,512,611,611,3,29,29,129,129,145,145,165,176,187,187,187],"floor_reached":40,"language":"ENG","playtime":5935,"items_purged":["Pain"],"score":532,"play_id":"0d123009-939c-4aeb-a8b3-be9259fc1a7b","local_time":"20210124193532","is_ascension_mode":true,"campfire_choices":[{"data":"All Out Attack","floor":6,"key":"SMITH"},{"data":"Noxious Fumes","floor":8,"key":"SMITH"},{"floor":15,"key":"REST"},{"floor":23,"key":"REST"},{"floor":29,"key":"REST"},{"floor":32,"key":"RECALL"}],"circlet_count":0,"master_deck":["Strike_G","Strike_G","Strike_G","Strike_G","Strike_G","Defend_G","Defend_G","Defend_G","Defend_G","Defend_G","Survivor","Neutralize","All Out Attack+1","Flechettes","Crippling Poison","Poisoned Stab","Noxious Fumes+1","Backstab","Bouncing Flask","Cloak And Dagger","Dash","After Image","Bouncing Flask","Well Laid Plans+1","Leg Sweep","Dagger Spray","Dagger Throw+1","Escape Plan","Blur","Caltrops","Wraith Form v2+1","CurseOfTheBell","Deadly Poison","Tactician+1","Bane+1","Dodge and Roll"],"relics":["Ring of the Snake","Toy Ornithopter","Matryoshka","Lantern","Regal Pillow","Letter Opener","Ninja Scroll","Fusion Hammer","WarpedTongs","HornCleat","White Beast Statue","TwistedFunnel","Bag of Preparation","Ancient Tea Set","Frozen Egg 2","Calling Bell","Bag of Marbles","Pantograph","Ice Cream","Spirit Poop"],"acts_visited":["Exordium","TheCity","TheBeyond"],"potions_floor_usage":[13,27,31,33,38,39,40],"damage_taken":[{"damage":9,"enemies":"Jaw Worm","floor":1,"turns":6},{"damage":2,"enemies":"Small Slimes","floor":2,"turns":3},{"damage":0,"enemies":"Cultist","floor":4,"turns":3},{"damage":14,"enemies":"Gremlin Nob","floor":7,"turns":4},{"damage":0,"enemies":"Lots of Slimes","floor":10,"turns":1},{"damage":4,"enemies":"Blue Slaver","floor":11,"turns":3},{"damage":22,"enemies":"Lagavulin","floor":13,"turns":6},{"damage":0,"enemies":"Exordium Wildlife","floor":14,"turns":1},{"damage":13,"enemies":"The Guardian","floor":16,"turns":8},{"damage":10,"enemies":"Spheric Guardian","floor":18,"turns":4},{"damage":15,"enemies":"Chosen","floor":20,"turns":3},{"damage":7,"enemies":"Snake Plant","floor":21,"turns":3},{"damage":22,"enemies":"Cultist and Chosen","floor":22,"turns":6},{"damage":3,"enemies":"Chosen and Byrds","floor":24,"turns":5},{"damage":12,"enemies":"Snake Plant","floor":25,"turns":4},{"damage":16,"enemies":"Slavers","floor":27,"turns":7},{"damage":3,"enemies":"Book of Stabbing","floor":31,"turns":4},{"damage":27,"enemies":"Collector","floor":33,"turns":7},{"damage":0,"enemies":"Orb Walker","floor":35,"turns":4},{"damage":3,"enemies":"3 Darklings","floor":37,"turns":4},{"damage":40,"enemies":"Transient","floor":38,"turns":5},{"damage":15,"enemies":"Writhing Mass","floor":39,"turns":5},{"damage":62,"enemies":"Giant Head","floor":40,"turns":9}],"seed_played":"4389596730184822564","potions_obtained":[{"floor":7,"key":"Ancient Potion"},{"floor":11,"key":"Swift Potion"},{"floor":13,"key":"PowerPotion"},{"floor":14,"key":"Regen Potion"},{"floor":27,"key":"BlessingOfTheForge"},{"floor":31,"key":"Dexterity Potion"},{"floor":33,"key":"ColorlessPotion"},{"floor":38,"key":"SneckoOil"},{"floor":39,"key":"Dexterity Potion"}],"is_trial":false,"path_per_floor":["M","M","$","M","?","R","E","R","T","M","M","?","E","M","R","B",null,"M","?","M","M","M","R","M","M","T","E","?","R","$","E","R","B",null,"M","?","M","M","M","E"],"character_chosen":"THE_SILENT","items_purchased":["Crippling Poison","Poisoned Stab","TwistedFunnel","Caltrops","Bag of Preparation","Ancient Tea Set"],"campfire_rested":3,"item_purchase_floors":[3,3,30,30,30,30],"current_hp_per_floor":[61,59,59,59,41,41,27,27,27,27,23,23,6,6,42,29,70,60,60,45,38,16,52,49,37,37,41,41,70,70,67,67,43,70,70,70,67,30,20,0,0],"gold":187,"neow_bonus":"RANDOM_COMMON_RELIC","is_daily":false,"chose_seed":false,"campfire_upgraded":2,"win_rate":0.0,"timestamp":1611545732,"path_taken":["M","M","$","M","?","R","E","R","T","M","M","?","E","M","R","BOSS","M","?","?","M","?","R","M","M","T","E","?","R","?","E","R","BOSS","M","?","M","?","M","E"],"items_purchased_type":["Card","Card","Relic","Card","Relic","Relic"],"build_version":"2020-12-22","purchased_purges":1,"victory":false,"max_hp_per_floor":[70,70,70,70,70,70,70,70,70,70,70,70,70,70,70,70,70,70,70,70,70,70,70,70,70,70,70,70,70,70,70,70,70,70,70,70,70,70,70,70,70],"relic_stats":{"Regal Pillow":38,"counters":[23,105],"Pantograph":0,"Bag of Preparation":[0],"Letter Opener":[37],"obtain_stats":[{"TwistedFunnel":30,"Ice Cream":34,"Lantern":7,"Regal Pillow":9,"Spirit Poop":36,"Bag of Preparation":30,"Letter Opener":9,"Frozen Egg 2":31,"Ancient Tea Set":30,"White Beast Statue":27,"WarpedTongs":19,"Calling Bell":34,"Matryoshka":5,"HornCleat":26,"Ninja Scroll":13,"Pantograph":34,"Fusion Hammer":17,"Bag of Marbles":34,"Toy Ornithopter":0,"Ring of the Snake":0},{"TwistedFunnel":16,"Ice Cream":18,"Lantern":4,"Regal Pillow":4,"Spirit Poop":19,"Bag of Preparation":16,"Letter Opener":4,"Frozen Egg 2":17,"Ancient Tea Set":16,"White Beast Statue":16,"WarpedTongs":10,"Calling Bell":18,"Matryoshka":3,"HornCleat":15,"Ninja Scroll":7,"Pantograph":18,"Fusion Hammer":9,"Bag of Marbles":18,"Toy Ornithopter":0,"Ring of the Snake":0},{"TwistedFunnel":67,"Ice Cream":78,"Lantern":16,"Regal Pillow":16,"Spirit Poop":82,"Bag of Preparation":67,"Letter Opener":16,"Frozen Egg 2":71,"Ancient Tea Set":67,"White Beast Statue":67,"WarpedTongs":39,"Calling Bell":78,"Matryoshka":12,"HornCleat":60,"Ninja Scroll":26,"Pantograph":78,"Fusion Hammer":35,"Bag of Marbles":78,"Toy Ornithopter":0,"Ring of the Snake":0}],"Toy Ornithopter":26,"Ring of the Snake":[46],"WarpedTongs":[66]},"card_choices":[{"not_picked":["Cloak And Dagger","PiercingWail"],"picked":"All Out Attack","floor":1},{"not_picked":["Catalyst","Outmaneuver"],"picked":"Flechettes","floor":2},{"not_picked":["Quick Slash","Dodge and Roll"],"picked":"Noxious Fumes","floor":4},{"not_picked":["Riddle With Holes","Finisher"],"picked":"Backstab","floor":7},{"not_picked":["Blade Dance","Slice"],"picked":"Bouncing Flask","floor":10},{"not_picked":["Sucker Punch","Outmaneuver"],"picked":"Cloak And Dagger","floor":11},{"not_picked":["Backstab","Cloak And Dagger"],"picked":"Dash","floor":13},{"not_picked":["Underhanded Strike","Expertise","Cloak And Dagger"],"picked":"SKIP","floor":14},{"not_picked":["Grand Finale","Doppelganger"],"picked":"After Image","floor":16},{"not_picked":["Blade Dance","Prepared"],"picked":"Bouncing Flask","floor":18},{"not_picked":["Underhanded Strike+1","Calculated Gamble"],"picked":"Well Laid Plans+1","floor":20},{"not_picked":["Dash","All Out Attack"],"picked":"Leg Sweep","floor":21},{"not_picked":["Infinite Blades+1","Reflex"],"picked":"Dagger Spray","floor":22},{"not_picked":["Quick Slash","Dagger Spray"],"picked":"Dagger Throw+1","floor":24},{"not_picked":["Well Laid Plans","Blade Dance"],"picked":"Escape Plan","floor":25},{"not_picked":["Calculated Gamble","Dodge and Roll"],"picked":"Blur","floor":27},{"not_picked":["Riddle With Holes+1","Outmaneuver","Slice"],"picked":"SKIP","floor":31},{"not_picked":["Storm of Steel","Malaise"],"picked":"Wraith Form v2+1","floor":33},{"not_picked":["Poisoned Stab+1","Skewer+1"],"picked":"Deadly Poison","floor":35},{"not_picked":["Underhanded Strike+1","Blade Dance"],"picked":"Tactician+1","floor":37},{"not_picked":["Reflex","Heel Hook+1"],"picked":"Bane+1","floor":38},{"not_picked":["Finisher","Quick Slash+1"],"picked":"Dodge and Roll","floor":39}],"player_experience":2457972,"relics_obtained":[{"floor":7,"key":"Lantern"},{"floor":9,"key":"Regal Pillow"},{"floor":9,"key":"Letter Opener"},{"floor":13,"key":"Ninja Scroll"},{"floor":26,"key":"HornCleat"},{"floor":27,"key":"White Beast Statue"},{"floor":31,"key":"Frozen Egg 2"},{"floor":34,"key":"Bag of Marbles"},{"floor":34,"key":"Pantograph"},{"floor":34,"key":"Ice Cream"}],"event_choices":[{"damage_healed":0,"gold_gain":0,"player_choice":"Success","damage_taken":18,"relics_obtained":["Matryoshka"],"max_hp_gain":0,"max_hp_loss":0,"event_name":"Scrap Ooze","floor":5,"gold_loss":0},{"damage_healed":0,"gold_gain":175,"player_choice":"AGREE","damage_taken":0,"max_hp_gain":0,"max_hp_loss":0,"event_name":"Liars Game","floor":12,"gold_loss":0,"cards_obtained":["Doubt"]},{"damage_healed":0,"gold_gain":0,"player_choice":"Rummage","damage_taken":0,"relics_obtained":["WarpedTongs"],"max_hp_gain":0,"max_hp_loss":0,"event_name":"Accursed Blacksmith","floor":19,"gold_loss":0,"cards_obtained":["Pain"]},{"damage_healed":0,"gold_gain":99,"player_choice":"Stole From Cult","damage_taken":0,"max_hp_gain":0,"max_hp_loss":0,"event_name":"Nest","floor":28,"gold_loss":0},{"cards_removed":["Doubt"],"damage_healed":0,"gold_gain":0,"player_choice":"Offered Curse","damage_taken":0,"relics_obtained":["Spirit Poop"],"max_hp_gain":0,"max_hp_loss":0,"event_name":"Bonfire Elementals","floor":36,"gold_loss":0}],"is_beta":false,"boss_relics":[{"not_picked":["Empty Cage","Ring of the Serpent"],"picked":"Fusion Hammer"},{"not_picked":["HoveringKite","Coffee Dripper"],"picked":"Calling Bell"}],"items_purged_floors":[30],"is_endless":false,"potions_floor_spawned":[7,11,13,14,21,27,31,33,35,37,38,39],"killed_by":"Giant Head","ascension_level":3}}