{"host":"srk2drlvga69hbot","time":1611593811,"event":{"mods":["BaseMod","Bestiary","Block Reminder","Colored Map","Colored Powertips","Dark Map","DeckTracker","Highlight Path","Minty Spire (QoL Compilation)","Quick Restart","Rare Cards Sparkle","Relic Stats","SuperFastMode","Unceasing Turn Reminder"],"gold_per_floor":[118,193,193,39,39,54,54,85,85,101,101,160,160,160,160,258,258,271,271,289,289,227,257,257,285,285,296,296,296,331,74,74,169,169,184,202,222,241,258,284,284,55,82,82,109,109,143,159,159,159,159],"floor_reached":50,"language":"ZHS","playtime":1581,"items_purged":[],"score":1027,"play_id":"1e075b58-b90c-4283-b367-576580956248","local_time":"20210126005651","is_ascension_mode":true,"campfire_choices":[{"data":"Pummel","floor":7.0,"key":"SMITH"},{"floor":11.0,"key":"REST"},{"floor":15.0,"key":"REST"},{"data":"Limit Break","floor":24.0,"key":"SMITH"},{"data":"Reaper","floor":32.0,"key":"SMITH"},{"floor":44.0,"key":"REST"},{"floor":46.0,"key":"RECALL"},{"floor":49,"key":"REST"}],"circlet_count":0,"master_deck":["AscendersBane","Defend_R+1","Defend_R+1","Defend_R+1","Defend_R+1","Bash+1","Twin Strike+1","Pummel+1","Reaper+1","Limit Break+1","Bite+1","Bite+1","Bite+1","Bite+1","Bite+1","Heavy Blade+1","Flex+1","Limit Break+1","Fire Breathing+1","Parasite","Dark Embrace","Second Wind","Pummel+1"],"relics":["Burning Blood","Bronze Scales","Brimstone","Juzu Bracelet","Ancient Tea Set","InkBottle","Torii","Charon\u0027s Ashes","Black Star","PreservedInsect","Blood Vial","Matryoshka","Kunai","Dream Catcher","Centennial Puzzle","Meat on the Bone","Lantern","Nunchaku","Red Mask","Singing Bowl","Fusion Hammer","Happy Flower","Bag of Marbles","Mark of the Bloom","Medical Kit","Strawberry","StoneCalendar","Omamori","Bottled Tornado","Oddly Smooth Stone"],"acts_visited":["Exordium","TheCity","TheBeyond"],"potions_floor_usage":[48,50,50],"damage_taken":[{"damage":6.0,"enemies":"Small Slimes","floor":1.0,"turns":3.0},{"damage":8.0,"enemies":"2 Louse","floor":6.0,"turns":1.0},{"damage":22.0,"enemies":"Lagavulin","floor":8.0,"turns":3.0},{"damage":13.0,"enemies":"Jaw Worm","floor":10.0,"turns":2.0},{"damage":18.0,"enemies":"Gremlin Nob","floor":12.0,"turns":3.0},{"damage":66.0,"enemies":"Hexaghost","floor":16.0,"turns":6.0},{"damage":37.0,"enemies":"2 Thieves","floor":18.0,"turns":3.0},{"damage":38.0,"enemies":"Spheric Guardian","floor":20.0,"turns":4.0},{"damage":34.0,"enemies":"Gremlin Leader","floor":23.0,"turns":4.0},{"damage":12.0,"enemies":"Book of Stabbing","floor":25.0,"turns":2.0},{"damage":35.0,"enemies":"Centurion and Healer","floor":27.0,"turns":5.0},{"damage":12.0,"enemies":"Masked Bandits","floor":30.0,"turns":3.0},{"damage":11.0,"enemies":"Automaton","floor":33.0,"turns":4.0},{"damage":23.0,"enemies":"3 Shapes","floor":35.0,"turns":2.0},{"damage":1.0,"enemies":"Orb Walker","floor":36.0,"turns":2.0},{"damage":10.0,"enemies":"Jaw Worm Horde","floor":37.0,"turns":2.0},{"damage":47.0,"enemies":"4 Shapes","floor":38.0,"turns":3.0},{"damage":46.0,"enemies":"Writhing Mass","floor":39.0,"turns":4.0},{"damage":44.0,"enemies":"Reptomancer","floor":40.0,"turns":3.0},{"damage":46.0,"enemies":"Nemesis","floor":45.0,"turns":5.0},{"damage":0.0,"enemies":"Giant Head","floor":47.0,"turns":4.0},{"damage":0,"enemies":"Spire Growth","floor":48,"turns":2},{"damage":19,"enemies":"Time Eater","floor":50,"turns":3}],"seed_played":"8549117168639699680","potions_obtained":[{"floor":8.0,"key":"SteroidPotion"},{"floor":10.0,"key":"Swift Potion"},{"floor":20.0,"key":"SkillPotion"},{"floor":27.0,"key":"SkillPotion"},{"floor":30.0,"key":"PowerPotion"},{"floor":36.0,"key":"Block Potion"},{"floor":38.0,"key":"Regen Potion"},{"floor":47.0,"key":"SteroidPotion"},{"floor":48,"key":"DistilledChaos"}],"is_trial":false,"path_per_floor":["M","?","?","$","?","M","R","E","T","M","R","?","?","?","R","B",null,"M","?","M","?","?","E","R","E","T","M","?","T","?","$","R","B",null,"M","M","M","M","M","E","?","$","T","R","E","R","E","M","R","B"],"character_chosen":"IRONCLAD","items_purchased":["Brimstone","Singing Bowl","Medical Kit","Dark Embrace"],"campfire_rested":4,"item_purchase_floors":[4,31,42,42],"current_hp_per_floor":[72,61,45,45,45,43,43,27,27,20,44,32,32,29,53,7,62,50,50,36,36,36,30,30,30,30,39,39,39,52,52,52,55,56,58,58,60,50,64,48,48,48,48,48,2,2,2,2,2,0,0],"gold":159,"neow_bonus":"RANDOM_COMMON_RELIC","is_daily":false,"chose_seed":false,"campfire_upgraded":3,"win_rate":0.0,"timestamp":1611593811,"path_taken":["M","?","?","?","?","M","R","E","T","M","R","?","?","?","R","BOSS","M","?","M","?","?","E","R","E","T","M","?","?","?","$","R","BOSS","M","M","M","M","M","E","?","$","T","R","E","R","E","M","R","BOSS"],"items_purchased_type":["Relic","Relic","Relic","Card"],"build_version":"2020-12-22","purchased_purges":0,"victory":false,"max_hp_per_floor":[80,80,80,80,80,80,80,80,80,80,80,80,80,80,80,80,80,80,56,56,56,56,56,56,56,56,56,56,56,56,56,56,56,56,58,58,60,62,64,66,66,66,73,75,75,75,75,77,79,79,79],"relic_stats":{"Mark of the Bloom":228,"Torii":12,"Singing Bowl":16,"Happy Flower":[4],"counters":[23,73],"StoneCalendar":[0],"Charon\u0027s Ashes":[156],"PreservedInsect":326,"Juzu Bracelet":2,"Medical Kit":[2],"Burning Blood":103,"Blood Vial":10,"Dream Catcher":2,"Centennial Puzzle":[30],"Nunchaku":[7],"Bronze Scales":[155],"Black Star":5,"Kunai":[11],"obtain_stats":[{"Lantern":29,"Mark of the Bloom":41,"Torii":13,"Singing Bowl":31,"StoneCalendar":45,"Juzu Bracelet":8,"Bottled Tornado":47,"Ancient Tea Set":9,"Burning Blood":0,"Blood Vial":23,"Dream Catcher":25,"Centennial Puzzle":26,"Nunchaku":29,"Matryoshka":23,"Strawberry":43,"Fusion Hammer":34,"Red Mask":30,"Kunai":25,"InkBottle":12,"Happy Flower":40,"Oddly Smooth Stone":47,"Charon\u0027s Ashes":14,"PreservedInsect":22,"Omamori":45,"Medical Kit":42,"Brimstone":4,"Bronze Scales":0,"Black Star":17,"Bag of Marbles":40,"Meat on the Bone":26},{"Lantern":11,"Mark of the Bloom":19,"Torii":5,"Singing Bowl":12,"StoneCalendar":20,"Juzu Bracelet":3,"Bottled Tornado":21,"Ancient Tea Set":3,"Burning Blood":0,"Blood Vial":9,"Dream Catcher":10,"Centennial Puzzle":10,"Nunchaku":11,"Matryoshka":9,"Strawberry":19,"Fusion Hammer":13,"Red Mask":12,"Kunai":10,"InkBottle":4,"Happy Flower":19,"Oddly Smooth Stone":21,"Charon\u0027s Ashes":5,"PreservedInsect":8,"Omamori":20,"Medical Kit":19,"Brimstone":1,"Bronze Scales":0,"Black Star":6,"Bag of Marbles":19,"Meat on the Bone":10},{"Lantern":36,"Mark of the Bloom":59,"Torii":12,"Singing Bowl":39,"StoneCalendar":64,"Juzu Bracelet":7,"Bottled Tornado":68,"Ancient Tea Set":7,"Burning Blood":0,"Blood Vial":29,"Dream Catcher":31,"Centennial Puzzle":31,"Nunchaku":36,"Matryoshka":29,"Strawberry":59,"Fusion Hammer":43,"Red Mask":39,"Kunai":31,"InkBottle":9,"Happy Flower":59,"Oddly Smooth Stone":68,"Charon\u0027s Ashes":12,"PreservedInsect":25,"Omamori":64,"Medical Kit":59,"Brimstone":3,"Bronze Scales":0,"Black Star":18,"Bag of Marbles":59,"Meat on the Bone":31}],"InkBottle":[20],"Meat on the Bone":36},"card_choices":[{"not_picked":["Wild Strike","Clothesline"],"picked":"Twin Strike","floor":1.0},{"not_picked":["Clothesline","Wild Strike"],"picked":"Pummel","floor":6.0},{"not_picked":["Carnage","Power Through"],"picked":"Reaper","floor":8.0},{"not_picked":["True Grit","Warcry","Wild Strike"],"picked":"SKIP","floor":10.0},{"not_picked":["Offering","Juggernaut"],"picked":"Limit Break","floor":16.0},{"not_picked":["Power Through","Wild Strike","Iron Wave"],"picked":"SKIP","floor":18.0},{"not_picked":["Twin Strike","Cleave","Burning Pact+1"],"picked":"SKIP","floor":20.0},{"not_picked":["Headbutt+1","Fiend Fire"],"picked":"Heavy Blade+1","floor":23.0},{"not_picked":["Cleave","Shrug It Off","Armaments"],"picked":"SKIP","floor":25.0},{"not_picked":["Iron Wave","Pommel Strike+1"],"picked":"Flex+1","floor":27.0},{"not_picked":["Barricade","Reaper"],"picked":"Limit Break","floor":33.0},{"not_picked":["Perfected Strike","Thunderclap+1","Shrug It Off+1"],"picked":"Singing Bowl","floor":35.0},{"not_picked":["Burning Pact","Anger"],"picked":"Fire Breathing+1","floor":36.0},{"not_picked":["Sword Boomerang","True Grit+1","Dual Wield"],"picked":"Singing Bowl","floor":37.0},{"not_picked":["Perfected Strike","Seeing Red+1","Shockwave+1"],"picked":"Singing Bowl","floor":38.0},{"not_picked":["Sword Boomerang+1","Sever Soul+1","Headbutt+1"],"picked":"Singing Bowl","floor":39.0},{"not_picked":["Armaments+1","Bloodletting+1","Havoc+1"],"picked":"Singing Bowl","floor":40.0},{"not_picked":["Cleave+1","Heavy Blade","Offering"],"picked":"Singing Bowl","floor":44.0},{"not_picked":["Flame Barrier+1","Clash+1"],"picked":"Second Wind","floor":45.0},{"not_picked":["Heavy Blade","Rage"],"picked":"Pummel+1","floor":47.0},{"not_picked":["Pommel Strike","Thunderclap","Twin Strike"],"picked":"Singing Bowl","floor":48},{"not_picked":["True Grit+1","Iron Wave+1","Heavy Blade"],"picked":"Singing Bowl","floor":49}],"player_experience":265644,"relics_obtained":[{"floor":8.0,"key":"Juzu Bracelet"},{"floor":9.0,"key":"Ancient Tea Set"},{"floor":23.0,"key":"Blood Vial"},{"floor":23.0,"key":"Matryoshka"},{"floor":25.0,"key":"Kunai"},{"floor":25.0,"key":"Dream Catcher"},{"floor":26.0,"key":"Centennial Puzzle"},{"floor":26.0,"key":"Meat on the Bone"},{"floor":29.0,"key":"Lantern"},{"floor":29.0,"key":"Nunchaku"},{"floor":30.0,"key":"Red Mask"},{"floor":40.0,"key":"Happy Flower"},{"floor":40.0,"key":"Bag of Marbles"},{"floor":43.0,"key":"Strawberry"},{"floor":45.0,"key":"StoneCalendar"},{"floor":45.0,"key":"Omamori"},{"floor":47.0,"key":"Bottled Tornado"},{"floor":47.0,"key":"Oddly Smooth Stone"}],"event_choices":[{"damage_healed":0.0,"max_hp_gain":0.0,"max_hp_loss":0.0,"gold_gain":75.0,"event_name":"World of Goop","player_choice":"Gather Gold","floor":2.0,"gold_loss":0.0,"damage_taken":11.0},{"damage_healed":0.0,"max_hp_gain":0.0,"max_hp_loss":0.0,"gold_gain":0.0,"event_name":"Shining Light","player_choice":"Entered Light","floor":3.0,"gold_loss":0.0,"damage_taken":16.0,"cards_upgraded":["Strike_R","Strike_R"]},{"damage_healed":0.0,"max_hp_gain":0.0,"max_hp_loss":0.0,"gold_gain":0.0,"event_name":"Living Wall","player_choice":"Grow","floor":5.0,"gold_loss":0.0,"damage_taken":0.0,"cards_upgraded":["Twin Strike"]},{"damage_healed":0.0,"max_hp_gain":0.0,"max_hp_loss":0.0,"gold_gain":0.0,"event_name":"Dead Adventurer","player_choice":"Searched \u00272\u0027 times","floor":12.0,"gold_loss":0.0,"damage_taken":0.0,"relics_obtained":["InkBottle"]},{"damage_healed":0.0,"max_hp_gain":0.0,"max_hp_loss":0.0,"gold_gain":0.0,"event_name":"Big Fish","player_choice":"Box","floor":13.0,"gold_loss":0.0,"damage_taken":0.0,"relics_obtained":["Torii"],"cards_obtained":["Regret"]},{"damage_healed":0.0,"max_hp_gain":0.0,"max_hp_loss":0.0,"gold_gain":0.0,"event_name":"Scrap Ooze","player_choice":"Success","floor":14.0,"gold_loss":0.0,"damage_taken":3.0,"relics_obtained":["Charon\u0027s Ashes"]},{"damage_healed":0.0,"max_hp_gain":0.0,"max_hp_loss":24.0,"gold_gain":0.0,"event_name":"Vampires","player_choice":"Became a vampire","floor":19.0,"gold_loss":0.0,"damage_taken":0.0,"cards_obtained":["Bite","Bite","Bite","Bite","Bite"]},{"damage_healed":0.0,"max_hp_gain":0.0,"max_hp_loss":0.0,"gold_gain":0.0,"event_name":"Cursed Tome","player_choice":"Ignored","floor":21.0,"gold_loss":0.0,"damage_taken":0.0},{"damage_healed":0.0,"max_hp_gain":0.0,"max_hp_loss":0.0,"gold_gain":0.0,"event_name":"WeMeetAgain","player_choice":"Paid Gold","floor":22.0,"gold_loss":62.0,"damage_taken":0.0,"relics_obtained":["PreservedInsect"]},{"cards_removed":["Regret"],"damage_healed":0.0,"max_hp_gain":0.0,"max_hp_loss":0.0,"gold_gain":0.0,"event_name":"Back to Basics","player_choice":"Elegance","floor":28.0,"gold_loss":0.0,"damage_taken":0.0},{"damage_healed":0.0,"max_hp_gain":0.0,"max_hp_loss":0.0,"gold_gain":0.0,"event_name":"Masked Bandits","player_choice":"Fought Bandits","floor":30.0,"gold_loss":0.0,"damage_taken":0.0},{"damage_healed":0.0,"max_hp_gain":0.0,"max_hp_loss":0.0,"gold_gain":0.0,"event_name":"MindBloom","player_choice":"Upgrade","floor":41.0,"gold_loss":0.0,"damage_taken":0.0,"cards_upgraded":["Defend_R","Defend_R","Defend_R","Defend_R","Bash","Bite","Bite","Bite","Bite","Bite","Limit Break"],"relics_obtained":["Mark of the Bloom"]}],"is_beta":false,"boss_relics":[{"not_picked":["Astrolabe","Philosopher\u0027s Stone"],"picked":"Black Star"},{"not_picked":["Cursed Key","Velvet Choker"],"picked":"Fusion Hammer"}],"items_purged_floors":[],"is_endless":false,"potions_floor_spawned":[8,10,20,27,30,36,38,47,48],"killed_by":"Time Eater","ascension_level":11}}