{"host":"ncocfkoislda923u","time":1611589422,"event":{"mods":["BaseMod","Downfall","Googly Eyes","Minty Spire (QoL Compilation)","Spire Arcade","StSLib"],"gold_per_floor":[99,115,128,140,290,440,440,455,455,467,486,486,486,586,596,697,697,697,715,158,173,184,184,184,184,84,101,118,118,318,60,70,70,70,70],"floor_reached":33,"language":"ENG","playtime":4379,"items_purged":["Regret","downfall:Icky"],"score":302,"play_id":"cf184a08-9a71-4f05-aa39-a114c277c57c","local_time":"20210125164342","is_ascension_mode":true,"campfire_choices":[{"data":"hexamod:Sear","floor":1.0,"key":"SMITH"},{"data":"hexamod:Float","floor":9.0,"key":"SMITH"},{"floor":12.0,"key":"REST"},{"floor":18.0,"key":"RECALL"},{"floor":23.0,"key":"REST"},{"floor":26.0,"key":"REST"},{"floor":29.0,"key":"REST"}],"circlet_count":0,"master_deck":["hexamod:Strike","hexamod:Strike","hexamod:Strike+1","hexamod:Strike+1","hexamod:Defend+1","hexamod:Defend+1","hexamod:Defend","hexamod:Defend","hexamod:Sear+1","hexamod:Float+1","hexamod:SixthSeal","hexamod:ExtraCrispy+1","hexamod:SpectersWail+1","hexamod:SpectersWail+1","hexamod:SpectersWail+1","hexamod:DynamicBlow","hexamod:SoulSteal+1","hexamod:ApocalypseNow+1","Clumsy","downfall:Haunted","hexamod:ExtraCrispy","hexamod:TimeOfNeed+1","hexamod:ShieldOfDarkness","hexamod:SpectralSpark+1","hexamod:ApocalypseNow","hexamod:FirstSeal","hexamod:EtherealExpedition+1","hexamod:GhostShield","hexamod:HeatShield+1","hexamod:HeatCrush+1","downfall:Haunted"],"relics":["hexamod:SpiritBrand","downfall:ExtraCursedKey","Fusion Hammer","downfall:RedIOU","downfall:HeartBlessingRed","hexamod:MatchstickCase"],"acts_visited":["Exordium","TheCity"],"potions_floor_usage":[],"damage_taken":[{"damage":0.0,"enemies":"2 Louse","floor":2.0,"turns":3.0},{"damage":2.0,"enemies":"Jaw Worm","floor":3.0,"turns":4.0},{"damage":0.0,"enemies":"Small Slimes","floor":4.0,"turns":3.0},{"damage":5.0,"enemies":"2 Fungi Beasts","floor":8.0,"turns":3.0},{"damage":8.0,"enemies":"Blue Slaver","floor":10.0,"turns":3.0},{"damage":15.0,"enemies":"Exordium Thugs","floor":11.0,"turns":5.0},{"damage":13.0,"enemies":"2 Fungi Beasts","floor":15.0,"turns":3.0},{"damage":15.0,"enemies":"SI_SHIV_ARCHETYPE","floor":16.0,"turns":7.0},{"damage":34.0,"enemies":"Spheric Guardian","floor":19.0,"turns":6.0},{"damage":1.0,"enemies":"downfall:FleeingMerchant","floor":20.0,"turns":4.0},{"damage":14.0,"enemies":"Cultist and Chosen","floor":21.0,"turns":4.0},{"damage":31.0,"enemies":"3 Cultists","floor":22.0,"turns":6.0},{"damage":10.0,"enemies":"Centurion and Healer","floor":27.0,"turns":8.0},{"damage":32.0,"enemies":"Shelled Parasite and Fungi","floor":28.0,"turns":7.0},{"damage":10.0,"enemies":"downfall:FleeingMerchant","floor":31.0,"turns":4.0},{"damage":3,"enemies":"Chosen and Byrds","floor":32,"turns":5},{"damage":54,"enemies":"DF_ARCHETYPE_CLAW","floor":33,"turns":5}],"seed_played":"-7563444250463027429","potions_obtained":[{"floor":2.0,"key":"EntropicBrew"},{"floor":10.0,"key":"Strength Potion"},{"floor":11.0,"key":"LiquidBronze"},{"floor":16.0,"key":"Weak Potion"},{"floor":22.0,"key":"CultistPotion"},{"floor":28.0,"key":"Fire Potion"}],"is_trial":false,"path_per_floor":["R","M","M","M","?","?","T","M","R","M","M","R","?","?","M","B",null,"R","M","$","M","M","R","T","?","R","M","M","R","?","$","M","B"],"character_chosen":"THE_SPIRIT","items_purchased":["hexamod:ApocalypseNow","hexamod:FirstSeal","StoneCalendar","hexamod:MatchstickCase"],"campfire_rested":4,"item_purchase_floors":[20,20,20,31],"current_hp_per_floor":[70,70,68,68,68,68,68,63,63,55,40,61,61,66,53,38,75,75,41,40,33,9,31,31,31,53,50,25,47,47,37,41,0,0,0],"gold":70,"neow_bonus":"ONE_RANDOM_RARE_CARD","is_daily":false,"chose_seed":false,"campfire_upgraded":2,"win_rate":0.0,"timestamp":1611589422,"path_taken":["R","M","M","M","?","?","T","M","R","M","M","R","?","?","M","BOSS","R","M","$","M","M","R","T","?","R","M","M","R","?","$","M","BOSS"],"items_purchased_type":["Card","Card","Relic","Relic"],"build_version":"2020-12-22","purchased_purges":2,"victory":false,"max_hp_per_floor":[70,70,70,70,70,70,70,70,70,70,70,70,70,75,75,75,75,75,75,75,75,75,75,75,75,75,75,75,75,75,75,75,75,75,75],"card_choices":[{"not_picked":["hexamod:ChargedBarrage","hexamod:SwordOfDarkness"],"picked":"hexamod:ExtraCrispy","floor":2.0},{"not_picked":["hexamod:CatchUp","hexamod:GhostShield"],"picked":"hexamod:SpectersWail","floor":3.0},{"not_picked":["hexamod:RainOfEmbers","hexamod:NightmareStrike"],"picked":"hexamod:SpectersWail","floor":4.0},{"not_picked":["hexamod:GhostLash","hexamod:ThermalTransfer"],"picked":"hexamod:SpectersWail","floor":8.0},{"not_picked":["hexamod:GhostOfSpireFuture","hexamod:GhostShield"],"picked":"hexamod:DynamicBlow","floor":10.0},{"not_picked":["hexamod:FlamesFromBeyond","hexamod:Firestarter"],"picked":"hexamod:SoulSteal","floor":11.0},{"not_picked":["hexamod:FastForward","hexamod:SuperheatedStrike"],"picked":"hexamod:ExtraCrispy","floor":15.0},{"not_picked":["hexamod:FlameSwitch","hexamod:GhostOfSpirePresent"],"picked":"hexamod:TimeOfNeed","floor":16.0},{"not_picked":["hexamod:NightmareGuise","hexamod:ThermalTransfer"],"picked":"hexamod:ShieldOfDarkness","floor":19.0},{"not_picked":["hexamod:SoulSteal+1","hexamod:BurningTouch+1"],"picked":"hexamod:SpectralSpark","floor":20.0},{"not_picked":["hexamod:ShieldOfDarkness","hexamod:PowerFromBeyond"],"picked":"hexamod:EtherealExpedition+1","floor":21.0},{"not_picked":["hexamod:HauntingEcho","hexamod:NightmareStrike+1"],"picked":"hexamod:GhostShield","floor":22.0},{"not_picked":["hexamod:EtherealExpedition","hexamod:GhostLash"],"picked":"hexamod:HeatShield","floor":27.0},{"not_picked":["hexamod:PhantomFireball+1","hexamod:NightmareGuise"],"picked":"hexamod:HeatCrush+1","floor":28.0},{"not_picked":["hexamod:FifthSeal","hexamod:ThermalTransfer","hexamod:BurningTouch"],"picked":"SKIP","floor":31.0},{"not_picked":["hexamod:FourthSeal","hexamod:GhostLash","hexamod:ShieldOfDarkness"],"picked":"SKIP","floor":32}],"player_experience":1472500,"relics_obtained":[],"event_choices":[],"is_beta":false,"boss_relics":[{"not_picked":["Tiny House","Velvet Choker"],"picked":"Fusion Hammer"}],"items_purged_floors":[20,31],"is_endless":false,"potions_floor_spawned":[2,10,11,16,22,28],"killed_by":"DF_ARCHETYPE_CLAW","ascension_level":3}}