{"host":"huzih8coe6eib4hq","time":1611544278,"event":{"mods":["BaseMod","Bestiary","Highlight Path","Minty Spire (QoL Compilation)","Relic Stats"],"gold_per_floor":[19,39,39,54,7,40,40,57,57,92,110,50,50,62,62,165,165,185,185,43,62,78,78,105,105,105,105,139,139,159,84,84,84,84],"floor_reached":33,"language":"ENG","playtime":5240,"items_purged":["Strike_G","Writhe"],"score":498,"play_id":"deaa0383-60e8-45f4-aad8-b441a729a69f","local_time":"20210124221118","is_ascension_mode":true,"campfire_choices":[{"data":"Dagger Spray","floor":7.0,"key":"SMITH"},{"floor":15.0,"key":"REST"},{"data":"Wraith Form v2","floor":23,"key":"SMITH"},{"floor":25,"key":"REST"},{"data":"Neutralize","floor":27,"key":"SMITH"},{"data":"Noxious Fumes","floor":29,"key":"SMITH"},{"data":"Caltrops","floor":32,"key":"SMITH"}],"circlet_count":0,"master_deck":["AscendersBane","Strike_G","Strike_G","Strike_G","Defend_G","Defend_G","Defend_G","Defend_G","Defend_G","Survivor","Neutralize+1","Dodge and Roll","Dagger Spray+1","Skewer","Blade Dance","Flying Knee","PiercingWail","Adrenaline","Caltrops+1","Wraith Form v2+1","Terror+1","Noxious Fumes+1","Leg Sweep+1","Caltrops+1","Tools of the Trade"],"relics":["Ring of the Snake","Strawberry","The Courier","Question Card","Juzu Bracelet","Sozu","Omamori","Unceasing Top","Paper Crane","Bottled Tornado"],"acts_visited":["Exordium","TheCity"],"potions_floor_usage":[33],"damage_taken":[{"damage":0.0,"enemies":"Small Slimes","floor":1.0,"turns":5.0},{"damage":0.0,"enemies":"Cultist","floor":2.0,"turns":5.0},{"damage":3.0,"enemies":"Jaw Worm","floor":4.0,"turns":6.0},{"damage":5.0,"enemies":"3 Sentries","floor":6.0,"turns":8.0},{"damage":9.0,"enemies":"Exordium Thugs","floor":8.0,"turns":5.0},{"damage":55.0,"enemies":"Gremlin Nob","floor":10.0,"turns":6.0},{"damage":2.0,"enemies":"Blue Slaver","floor":11.0,"turns":4.0},{"damage":0.0,"enemies":"Lagavulin","floor":13.0,"turns":2.0},{"damage":1.0,"enemies":"Exordium Wildlife","floor":14.0,"turns":3.0},{"damage":32.0,"enemies":"Slime Boss","floor":16.0,"turns":14.0},{"damage":2,"enemies":"3 Byrds","floor":18,"turns":5},{"damage":13,"enemies":"2 Thieves","floor":21,"turns":4},{"damage":15,"enemies":"Snake Plant","floor":22,"turns":4},{"damage":4,"enemies":"Book of Stabbing","floor":24,"turns":5},{"damage":24,"enemies":"Gremlin Leader","floor":28,"turns":7},{"damage":10,"enemies":"Centurion and Healer","floor":30,"turns":6},{"damage":60,"enemies":"Automaton","floor":33,"turns":6}],"seed_played":"-9036164647790955464","potions_obtained":[{"floor":1.0,"key":"Strength Potion"},{"floor":4.0,"key":"LiquidBronze"},{"floor":8.0,"key":"SmokeBomb"},{"floor":11.0,"key":"GhostInAJar"},{"floor":14.0,"key":"Dexterity Potion"}],"is_trial":false,"path_per_floor":["M","M","?","M","$","E","R","M","T","E","M","$","E","M","R","B",null,"M","?","$","M","M","R","E","R","T","R","E","R","M","?","R","B"],"character_chosen":"THE_SILENT","items_purchased":["Blade Dance","Noxious Fumes"],"campfire_rested":2,"item_purchase_floors":[5,20],"current_hp_per_floor":[77,77,84,81,81,76,76,67,67,12,10,10,10,9,36,4,69,67,67,67,54,39,39,35,62,62,62,38,38,28,28,28,0,0],"gold":84,"neow_bonus":"TWENTY_PERCENT_HP_BONUS","is_daily":false,"chose_seed":false,"campfire_upgraded":5,"win_rate":0.0,"timestamp":1611544278,"path_taken":["M","M","?","M","?","E","R","M","T","E","M","?","E","M","R","BOSS","M","?","$","M","M","R","E","R","T","R","E","R","M","?","R","BOSS"],"items_purchased_type":["Card","Card"],"build_version":"2020-12-22","purchased_purges":2,"victory":false,"max_hp_per_floor":[84,84,91,91,91,91,91,91,91,91,91,91,91,91,91,91,91,91,91,91,91,91,91,91,91,91,91,91,91,91,91,91,91,91],"relic_stats":{"Sozu":3,"counters":[17,95],"Juzu Bracelet":0,"Question Card":10,"obtain_stats":[{"Sozu":17,"Strawberry":3,"The Courier":6,"Juzu Bracelet":10,"Omamori":19,"Paper Crane":26,"Bottled Tornado":28,"Question Card":9,"Unceasing Top":24,"Ring of the Snake":0},{"Sozu":10,"Strawberry":2,"The Courier":4,"Juzu Bracelet":6,"Omamori":11,"Paper Crane":14,"Bottled Tornado":15,"Question Card":5,"Unceasing Top":14,"Ring of the Snake":0},{"Sozu":58,"Strawberry":10,"The Courier":24,"Juzu Bracelet":35,"Omamori":63,"Paper Crane":76,"Bottled Tornado":83,"Question Card":29,"Unceasing Top":76,"Ring of the Snake":0}],"Unceasing Top":[6],"Ring of the Snake":[34]},"card_choices":[{"not_picked":["Eviscerate","Setup"],"picked":"Dodge and Roll","floor":1.0},{"not_picked":["Catalyst","Escape Plan"],"picked":"Dagger Spray","floor":2.0},{"not_picked":["Dodge and Roll","Footwork"],"picked":"Skewer","floor":4.0},{"not_picked":["Slice","Catalyst"],"picked":"Flying Knee","floor":6.0},{"not_picked":["After Image","Outmaneuver"],"picked":"PiercingWail","floor":8.0},{"not_picked":["Expertise","Cloak And Dagger","Flying Knee"],"picked":"Adrenaline","floor":10.0},{"not_picked":["Quick Slash","All Out Attack","Reflex","Heel Hook"],"picked":"SKIP","floor":11.0},{"not_picked":["Expertise","Acrobatics","Deflect"],"picked":"Caltrops","floor":14.0},{"not_picked":["Burst","Die Die Die","Grand Finale"],"picked":"Wraith Form v2","floor":16.0},{"not_picked":["Blade Dance","Concentrate","Eviscerate+1"],"picked":"Terror+1","floor":18},{"not_picked":["Dagger Throw+1","Blade Dance","Dash"],"picked":"Leg Sweep+1","floor":21},{"not_picked":["PiercingWail","Caltrops","Outmaneuver","Flechettes"],"picked":"SKIP","floor":22},{"not_picked":["Flying Knee","Slice+1","Outmaneuver"],"picked":"Caltrops+1","floor":24},{"not_picked":["Sucker Punch","Crippling Poison","Quick Slash","Leg Sweep"],"picked":"SKIP","floor":28},{"not_picked":["Finisher+1","Prepared","Deflect"],"picked":"Tools of the Trade","floor":30}],"player_experience":843162,"relics_obtained":[{"floor":3.0,"key":"Strawberry"},{"floor":6.0,"key":"The Courier"},{"floor":9.0,"key":"Question Card"},{"floor":10.0,"key":"Juzu Bracelet"},{"floor":24,"key":"Unceasing Top"},{"floor":26,"key":"Paper Crane"},{"floor":28,"key":"Bottled Tornado"}],"event_choices":[{"damage_healed":0.0,"max_hp_gain":0.0,"max_hp_loss":0.0,"gold_gain":0.0,"event_name":"Wheel of Change","player_choice":"Relic","floor":3.0,"gold_loss":0.0,"damage_taken":0.0},{"damage_healed":0,"gold_gain":0,"player_choice":"Opened","damage_taken":0,"relics_obtained":["Omamori"],"max_hp_gain":0,"max_hp_loss":0,"event_name":"The Mausoleum","floor":19,"gold_loss":0,"cards_obtained":["Writhe"]},{"cards_removed":["Strike_G"],"damage_healed":0,"gold_gain":0,"player_choice":"Gave Gold","damage_taken":0,"max_hp_gain":0,"max_hp_loss":0,"event_name":"Beggar","floor":31,"gold_loss":75}],"is_beta":false,"boss_relics":[{"not_picked":["Astrolabe","Snecko Eye"],"picked":"Sozu"}],"items_purged_floors":[12,20],"is_endless":false,"potions_floor_spawned":[1,4,8,11,14,21,24,30],"killed_by":"Automaton","ascension_level":11}}