{"host":"rz01j32460kf2mtw","time":1611607907,"event":{"mods":["BaseMod","Downfall","Minty Spire (QoL Compilation)","Quick Restart","StSLib"],"gold_per_floor":[0,15,115,138,151,176,229,254,20,5,5,24,24,43,59,163,163,163,174,194,210,210,220,246,246,246,263,50,84,98,98,115,215,215,115,125,140,158,24,43,43,43,74,1,1,1,17,32,44,44],"floor_reached":51,"language":"ENG","playtime":3271,"items_purged":["bronze:Strike"],"score":788,"play_id":"98a29b8d-6d4d-4dc5-b260-a8bc97b426ff","local_time":"20210125135147","is_ascension_mode":false,"campfire_choices":[{"data":"bronze:Replicate","floor":1,"key":"SMITH"},{"data":"bronze:Overload","floor":11,"key":"SMITH"},{"data":"bronze:CloningBeam","floor":13,"key":"SMITH"},{"data":"bronze:Assembly","floor":18,"key":"SMITH"},{"data":"bronze:Optimize","floor":26,"key":"SMITH"},{"data":"bronze:Verify","floor":35,"key":"SMITH"},{"floor":42,"key":"REST"},{"data":"expansioncontent:StudyTheSpire","floor":45,"key":"SMITH"}],"circlet_count":0,"master_deck":["bronze:Strike","bronze:Strike+1","bronze:Strike","bronze:Defend","bronze:Defend","bronze:Defend","bronze:Defend","bronze:Replicate+1","bronze:Goto","bronze:Boost","bronze:Repair","bronze:CloningBeam+1","bronze:ChildClass","bronze:Optimize+1","bronze:ChosenStrike","bronze:Separator+1","bronze:Assembly+1","bronze:BronzeOrb","bronze:GetLatest+1","bronze:Flail+1","bronze:BronzeOrb","bronze:GetLatest","bronze:Frontload+1","Pride","bronze:Boost","bronze:Verify+1","bronze:BronzeOrb+1","bronze:SpaghettiCode","bronze:BronzeOrb+1","bronze:ClassDefault","expansioncontent:StudyTheSpire+1","expansioncontent:StudyTheSpire+1","bronze:Optimize+1","expansioncontent:Chronoboost","bronze:ChildClass+1","bronze:RecursiveStrike"],"relics":["bronze:BronzeCore","Du-Vu Doll","Ancient Tea Set","bronze:SilverBullet","Dream Catcher","bronze:CableSpool","SacredBark","Potion Belt","Whetstone","Akabeko","WingedGreaves","Cursed Key","downfall:HeartBlessingGreen","Vajra","The Courier"],"acts_visited":["Exordium","TheCity","TheBeyond"],"potions_floor_usage":[6,30,30,38,43,43,47,50,50,50,50,50],"damage_taken":[{"damage":1,"enemies":"Jaw Worm","floor":2,"turns":3},{"damage":5,"enemies":"Cultist","floor":5,"turns":4},{"damage":8,"enemies":"Lagavulin","floor":6,"turns":7},{"damage":0,"enemies":"3 Sentries","floor":8,"turns":7},{"damage":0,"enemies":"downfall:FleeingMerchant","floor":9,"turns":4},{"damage":3,"enemies":"downfall:FleeingMerchant","floor":10,"turns":4},{"damage":2,"enemies":"2 Louse","floor":12,"turns":2},{"damage":0,"enemies":"Gremlin Gang","floor":14,"turns":3},{"damage":0,"enemies":"3 Louse","floor":15,"turns":3},{"damage":26,"enemies":"WA_ARCHETYPE_RETAIN","floor":16,"turns":6},{"damage":0,"enemies":"Spheric Guardian","floor":19,"turns":2},{"damage":16,"enemies":"Chosen","floor":20,"turns":5},{"damage":18,"enemies":"Centurion and Healer","floor":21,"turns":5},{"damage":5,"enemies":"Snecko","floor":23,"turns":3},{"damage":0,"enemies":"Chosen and Byrds","floor":27,"turns":2},{"damage":8,"enemies":"downfall:FleeingMerchant","floor":28,"turns":4},{"damage":58,"enemies":"Book of Stabbing","floor":29,"turns":6},{"damage":0,"enemies":"Centurion and Healer","floor":30,"turns":5},{"damage":0,"enemies":"3 Cultists","floor":32,"turns":2},{"damage":30,"enemies":"SI_MIRROR_ARCHETYPE","floor":33,"turns":7},{"damage":0,"enemies":"3 Darklings","floor":36,"turns":1},{"damage":1,"enemies":"Orb Walker","floor":37,"turns":4},{"damage":12,"enemies":"Maw","floor":38,"turns":7},{"damage":7,"enemies":"downfall:FleeingMerchant","floor":39,"turns":4},{"damage":14,"enemies":"Sphere and 2 Shapes","floor":40,"turns":4},{"damage":32,"enemies":"Giant Head","floor":43,"turns":7},{"damage":0,"enemies":"downfall:FleeingMerchant","floor":44,"turns":2},{"damage":0,"enemies":"Transient","floor":47,"turns":5},{"damage":15,"enemies":"3 Darklings","floor":48,"turns":7},{"damage":0,"enemies":"4 Shapes","floor":49,"turns":2},{"damage":48,"enemies":"DF_ARCHETYPE_ORBS","floor":50,"turns":7}],"seed_played":"5600121704011739108","potions_obtained":[{"floor":2,"key":"Weak Potion"},{"floor":6,"key":"SpeedPotion"},{"floor":12,"key":"Swift Potion"},{"floor":14,"key":"Ancient Potion"},{"floor":16,"key":"SkillPotion"},{"floor":20,"key":"Regen Potion"},{"floor":27,"key":"SpeedPotion"},{"floor":30,"key":"DistilledChaos"},{"floor":33,"key":"PowerPotion"},{"floor":43,"key":"GamblersBrew"},{"floor":47,"key":"bronze:BurnAndBuffPotion"},{"floor":48,"key":"SkillPotion"},{"floor":49,"key":"champ:CounterPotion"}],"is_trial":false,"path_per_floor":["R","M","?","T","M","E","T","E","$","$","R","M","R","M","M","B",null,"R","M","M","M","?","M","T","?","R","M","$","E","M","?","M","B",null,"R","M","M","M","$","M","T","R","E","$","R","?","M","M","M","B",null],"character_chosen":"THE_AUTOMATON","items_purchased":["bronze:Optimize","bronze:ChosenStrike","Whetstone","Swift Potion","bronze:SpaghettiCode","Energy Potion","bronze:ClassDefault","expansioncontent:StudyTheSpire","expansioncontent:StudyTheSpire","bronze:Optimize","expansioncontent:Chronoboost"],"campfire_rested":1,"item_purchase_floors":[9,9,28,28,39,39,44,44,44,44,44],"current_hp_per_floor":[70,69,69,69,64,56,56,63,63,67,67,70,70,70,70,44,70,70,70,54,43,70,65,65,65,65,65,62,11,45,45,45,15,70,70,70,70,58,51,37,37,58,36,43,43,35,45,44,44,6],"gold":44,"neow_bonus":"ONE_RARE_RELIC","is_daily":false,"chose_seed":false,"campfire_upgraded":7,"win_rate":0.0,"timestamp":1611607907,"path_taken":["R","M","?","?","?","E","T","E","?","$","R","M","R","?","M","BOSS","R","M","M","?","?","?","T","?","R","M","?","E","?","?","M","BOSS","R","M","M","M","$","M","T","R","E","$","R","?","M","?","M","BOSS"],"items_purchased_type":["Card","Card","Relic","Potion","Card","Potion","Card","Card","Card","Card","Card"],"build_version":"2020-12-22","purchased_purges":1,"victory":true,"max_hp_per_floor":[70,70,70,70,70,70,70,70,70,70,70,70,70,70,70,70,70,70,70,70,70,70,70,70,70,70,70,70,70,70,70,70,70,70,70,70,70,70,70,70,70,70,70,70,70,70,70,70,70,70],"card_choices":[{"not_picked":["bronze:Deprecate","bronze:Shield"],"picked":"bronze:Overload","floor":2},{"not_picked":["bronze:Iterate","bronze:BuggyMess"],"picked":"bronze:Boost","floor":5},{"not_picked":["bronze:DelayedGuard","bronze:Constructor"],"picked":"bronze:Repair","floor":6},{"not_picked":["bronze:WhirlingStrike","bronze:BitShift"],"picked":"bronze:CloningBeam","floor":8},{"not_picked":["bronze:Shell","bronze:ItsAFeature"],"picked":"bronze:ChildClass","floor":9},{"not_picked":["bronze:OilSpill","bronze:DelayedSlice"],"picked":"bronze:Separator","floor":10},{"not_picked":["bronze:OilSpill","bronze:BuggyMess","bronze:ShipIt"],"picked":"SKIP","floor":12},{"not_picked":["bronze:Deprecate","bronze:Iterate","bronze:DelayedGuard"],"picked":"SKIP","floor":14},{"not_picked":["bronze:Separator","bronze:ChosenStrike","bronze:BitShift"],"picked":"SKIP","floor":15},{"not_picked":["bronze:Virus","bronze:CleanCode"],"picked":"bronze:Assembly","floor":16},{"not_picked":["bronze:DelayedSlice","bronze:BronzeArmor"],"picked":"bronze:BronzeOrb","floor":19},{"not_picked":["bronze:OilSpill+1","bronze:Fortify"],"picked":"bronze:GetLatest+1","floor":20},{"not_picked":["bronze:Shield+1","bronze:Separator"],"picked":"bronze:Flail+1","floor":21},{"not_picked":["bronze:Overheat","bronze:Repulsor","bronze:CutThrough"],"picked":"SKIP","floor":23},{"not_picked":["bronze:Separator+1","bronze:OilSpill"],"picked":"bronze:BronzeOrb","floor":27},{"not_picked":["bronze:FineTuning","bronze:Overheat"],"picked":"bronze:GetLatest","floor":28},{"not_picked":["bronze:ThunderWave","bronze:DelayedSlice"],"picked":"bronze:Frontload+1","floor":29},{"not_picked":["bronze:BugBarrage","bronze:Shield","bronze:Constructor"],"picked":"SKIP","floor":30},{"not_picked":["bronze:BugBarrage","bronze:Frontload"],"picked":"bronze:Boost","floor":32},{"not_picked":["bronze:Assembly","bronze:FindAndReplace"],"picked":"bronze:Verify","floor":33},{"not_picked":["bronze:BuggyMess+1","bronze:Turbo","bronze:WildBeam"],"picked":"SKIP","floor":36},{"not_picked":["bronze:OilSpill","bronze:Overload+1","bronze:Frontload+1"],"picked":"SKIP","floor":37},{"not_picked":["bronze:Safeguard+1","bronze:BuggyMess","bronze:Invalidate+1"],"picked":"SKIP","floor":38},{"not_picked":["bronze:WildBeam+1","bronze:Overheat+1"],"picked":"bronze:BronzeOrb+1","floor":39},{"not_picked":["bronze:Backtrace+1","bronze:FineTuning+1","bronze:Frontload+1"],"picked":"SKIP","floor":40},{"not_picked":["bronze:MaxOutput+1","bronze:Frontload+1"],"picked":"bronze:BronzeOrb+1","floor":43},{"not_picked":["bronze:Shield","bronze:ItsAFeature","bronze:Frontload+1"],"picked":"SKIP","floor":44},{"not_picked":["bronze:Turbo","bronze:BronzeArmor+1"],"picked":"bronze:ChildClass+1","floor":47},{"not_picked":["bronze:Overheat+1","bronze:Philosophize"],"picked":"bronze:RecursiveStrike","floor":48},{"not_picked":["bronze:Constructor+1","bronze:Turbo+1","bronze:BuggyMess"],"picked":"SKIP","floor":49}],"player_experience":887517,"relics_obtained":[{"floor":4,"key":"Ancient Tea Set"},{"floor":6,"key":"bronze:SilverBullet"},{"floor":7,"key":"Dream Catcher"},{"floor":8,"key":"bronze:CableSpool"},{"floor":24,"key":"Potion Belt"},{"floor":29,"key":"Akabeko"},{"floor":41,"key":"Vajra"},{"floor":43,"key":"The Courier"}],"event_choices":[{"cards_removed":["bronze:Overload"],"damage_healed":27,"gold_gain":0,"player_choice":"Offered Uncommon","damage_taken":0,"max_hp_gain":0,"max_hp_loss":0,"event_name":"Bonfire Elementals","floor":22,"gold_loss":0},{"damage_healed":0,"gold_gain":0,"player_choice":"Stole Relic","damage_taken":0,"relics_obtained":["WingedGreaves"],"max_hp_gain":0,"max_hp_loss":0,"event_name":"Addict","floor":31,"gold_loss":0,"cards_obtained":["Pride"]}],"is_beta":false,"boss_relics":[{"not_picked":["Tiny House","Empty Cage"],"picked":"SacredBark"},{"not_picked":["Calling Bell","Astrolabe"],"picked":"Cursed Key"}],"items_purged_floors":[9],"is_endless":false,"potions_floor_spawned":[2,6,12,14,16,20,27,29,30,33,40,43,47,48,49],"ascension_level":0}}