{"host":"8is2j71l4wmybkoi","time":1611589472,"event":{"mods":["AchievementEnabler","BaseMod","Colored Map","Minty Spire (QoL Compilation)","Rare Cards Sparkle","StSLib","SuperFastMode"],"gold_per_floor":[114,124,124,141,291,291,307,307,360,20,52,52,71,91,91,163,163,177,192,192,203,223,257,257,269,341,341,354,354,354,384,384,462,462,473,473,18,37,50,50,75,75,75,75,109,3,16,44,44,44],"floor_reached":51,"language":"KOR","playtime":1911,"items_purged":["Doubt","Decay"],"score":1483,"play_id":"3ac4e46f-a04a-48e8-a49f-a2acd2aafb8d","local_time":"20210126004432","is_ascension_mode":true,"campfire_choices":[{"data":"Zap","floor":6.0,"key":"SMITH"},{"data":"Dualcast","floor":12.0,"key":"SMITH"},{"floor":15.0,"key":"REST"},{"data":"Aggregate","floor":24.0,"key":"SMITH"},{"floor":27.0,"key":"REST"},{"floor":30.0,"key":"REST"},{"data":"Fusion","floor":32.0,"key":"SMITH"},{"data":"Buffer","floor":40,"key":"SMITH"},{"data":"Recycle","floor":42,"key":"SMITH"},{"data":"Biased Cognition","floor":44,"key":"SMITH"},{"floor":49,"key":"REST"}],"circlet_count":0,"master_deck":["AscendersBane","Zap+1","Dualcast+1","Scrape","FTL+1","Conserve Battery","Go for the Eyes","Ball Lightning","Hello World","Reboot","Redo","Doom and Gloom+1","Buffer+1","Chaos","Electrodynamics","Echo Form","Self Repair","Conserve Battery","Thunder Strike","Aggregate+1","Echo Form","Skim","Coolheaded","Reboot","Redo+1","Stack","Fusion+1","Recycle+1","Double Energy+1","Biased Cognition+1","CurseOfTheBell","Aggregate+1","Apotheosis+1","Capacitor","Turbo+1","Panacea+1","Hologram+1","Double Energy+1","Coolheaded+1","Compile Driver+1","Glacier+1","Consume+1"],"relics":["Cracked Core","DataDisk","PreservedInsect","Strawberry","Vajra","Pandora\u0027s Box","Bag of Preparation","Question Card","Toxic Egg 2","Calling Bell","MealTicket","Ornamental Fan","Ginger","Runic Capacitor","Bronze Scales","Pantograph","Dream Catcher","Whetstone"],"acts_visited":["Exordium","TheCity","TheBeyond"],"potions_floor_usage":[33,38,39,47,48],"damage_taken":[{"damage":9.0,"enemies":"Small Slimes","floor":1.0,"turns":3.0},{"damage":7.0,"enemies":"Jaw Worm","floor":2.0,"turns":3.0},{"damage":0.0,"enemies":"Cultist","floor":4.0,"turns":2.0},{"damage":9.0,"enemies":"Exordium Thugs","floor":7.0,"turns":3.0},{"damage":10.0,"enemies":"Gremlin Nob","floor":11.0,"turns":3.0},{"damage":0.0,"enemies":"Large Slime","floor":13.0,"turns":3.0},{"damage":8.0,"enemies":"3 Louse","floor":14.0,"turns":2.0},{"damage":4.0,"enemies":"Slime Boss","floor":16.0,"turns":5.0},{"damage":13.0,"enemies":"Spheric Guardian","floor":18.0,"turns":4.0},{"damage":0.0,"enemies":"Chosen","floor":19.0,"turns":3.0},{"damage":13.0,"enemies":"Snecko","floor":21.0,"turns":4.0},{"damage":18.0,"enemies":"Chosen and Byrds","floor":22.0,"turns":4.0},{"damage":29.0,"enemies":"Book of Stabbing","floor":23.0,"turns":5.0},{"damage":18.0,"enemies":"3 Cultists","floor":25.0,"turns":4.0},{"damage":12.0,"enemies":"Snake Plant","floor":28.0,"turns":3.0},{"damage":15.0,"enemies":"Gremlin Leader","floor":31.0,"turns":5.0},{"damage":28,"enemies":"Automaton","floor":33,"turns":7},{"damage":22,"enemies":"3 Darklings","floor":35,"turns":3},{"damage":5,"enemies":"3 Shapes","floor":38,"turns":2},{"damage":13,"enemies":"Transient","floor":39,"turns":6},{"damage":0,"enemies":"Reptomancer","floor":45,"turns":4},{"damage":17,"enemies":"3 Darklings","floor":47,"turns":3},{"damage":15,"enemies":"Nemesis","floor":48,"turns":5},{"damage":60,"enemies":"Time Eater","floor":50,"turns":10}],"seed_played":"-6239118902958718615","potions_obtained":[{"floor":2.0,"key":"Explosive Potion"},{"floor":7.0,"key":"Swift Potion"},{"floor":11.0,"key":"SmokeBomb"},{"floor":16.0,"key":"PotionOfCapacity"},{"floor":19.0,"key":"Fruit Juice"},{"floor":23.0,"key":"SteroidPotion"},{"floor":31.0,"key":"EssenceOfSteel"},{"floor":33,"key":"PowerPotion"},{"floor":35,"key":"SkillPotion"},{"floor":39,"key":"GamblersBrew"},{"floor":47,"key":"ColorlessPotion"}],"is_trial":false,"path_per_floor":["M","M","?","M","?","R","M","?","T","$","E","R","M","M","R","B",null,"M","M","?","M","M","E","R","M","T","R","M","?","R","E","R","B",null,"M","?","$","M","M","R","T","R","T","R","E","$","M","E","R","B",null],"character_chosen":"DEFECT","items_purchased":["Ball Lightning","Hello World","Strawberry","Runic Capacitor","Capacitor","Turbo+1","Panacea+1","Coolheaded+1","SkillPotion"],"campfire_rested":4,"item_purchase_floors":[10,10,10,37,37,37,37,46,46],"current_hp_per_floor":[55,48,43,43,43,43,34,34,34,41,31,31,31,23,46,42,69,56,63,63,57,46,17,17,18,18,42,37,37,61,53,53,32,70,62,62,77,79,73,73,73,73,73,73,80,83,73,68,83,23],"gold":44,"neow_bonus":"THREE_CARDS","is_daily":false,"chose_seed":false,"campfire_upgraded":7,"win_rate":0.0,"timestamp":1611589472,"path_taken":["M","M","?","M","?","R","M","?","T","$","E","R","?","M","R","BOSS","M","M","?","M","M","E","R","M","T","R","M","?","R","E","R","BOSS","M","?","$","M","M","R","?","R","T","R","E","$","M","E","R","BOSS"],"items_purchased_type":["Card","Card","Relic","Relic","Card","Card","Card","Card","Potion"],"build_version":"2020-12-22","purchased_purges":2,"victory":true,"max_hp_per_floor":[71,71,71,71,71,71,71,71,71,78,78,78,78,78,78,78,78,78,78,78,78,78,78,78,83,83,83,83,83,83,83,83,83,83,83,83,83,83,83,83,83,83,83,83,83,83,83,83,83,83],"card_choices":[{"not_picked":["Redo","Capacitor"],"picked":"Scrape","floor":0.0},{"not_picked":["Cold Snap","Conserve Battery"],"picked":"FTL","floor":1.0},{"not_picked":["Scrape","Steam"],"picked":"Conserve Battery","floor":2.0},{"not_picked":["Hologram","Hello World"],"picked":"Go for the Eyes","floor":4.0},{"not_picked":["Go for the Eyes","Barrage","Stack"],"picked":"SKIP","floor":7.0},{"not_picked":["Ball Lightning","Beam Cell"],"picked":"Reboot","floor":11.0},{"not_picked":["Lockon","Heatsinks"],"picked":"Redo","floor":13.0},{"not_picked":["Undo","Streamline"],"picked":"Doom and Gloom","floor":14.0},{"not_picked":["Amplify","Multi-Cast"],"picked":"Buffer","floor":16.0},{"not_picked":["Leap","Beam Cell"],"picked":"Skim","floor":18.0},{"not_picked":["Leap","Fusion"],"picked":"Coolheaded","floor":19.0},{"not_picked":["Compile Driver","Coolheaded"],"picked":"Redo+1","floor":21.0},{"not_picked":["Genetic Algorithm","Coolheaded"],"picked":"Stack","floor":22.0},{"not_picked":["Coolheaded","Gash"],"picked":"Fusion","floor":23.0},{"not_picked":["Barrage","Gash"],"picked":"Recycle","floor":25.0},{"not_picked":["Streamline","Compile Driver","Rebound+1","Conserve Battery"],"picked":"SKIP","floor":28.0},{"not_picked":["Hologram+1","Reprogram+1","Glacier+1"],"picked":"Double Energy+1","floor":31.0},{"not_picked":["Electrodynamics","Thunder Strike","Reboot+1"],"picked":"Biased Cognition","floor":33},{"not_picked":["Gash","Barrage","Coolheaded+1"],"picked":"Aggregate+1","floor":35},{"not_picked":["Violence+1","Finesse+1","Discovery+1"],"picked":"Apotheosis+1","floor":36},{"not_picked":["Steam+1","Leap+1","Conserve Battery+1"],"picked":"Hologram+1","floor":38},{"not_picked":["Fusion+1","Sweeping Beam","Turbo+1"],"picked":"Double Energy+1","floor":39},{"not_picked":["Reinforced Body+1","Cold Snap","Rebound","Sweeping Beam"],"picked":"SKIP","floor":45},{"not_picked":["Barrage","Hologram+1","Turbo+1"],"picked":"Compile Driver+1","floor":47},{"not_picked":["Scrape","Static Discharge","Sunder"],"picked":"Glacier+1","floor":48},{"not_picked":["Turbo+1","Melter","Thunder Strike"],"picked":"Consume+1","floor":49}],"player_experience":800320,"relics_obtained":[{"floor":9.0,"key":"PreservedInsect"},{"floor":11.0,"key":"Vajra"},{"floor":23.0,"key":"Bag of Preparation"},{"floor":26.0,"key":"Question Card"},{"floor":31.0,"key":"Toxic Egg 2"},{"floor":34,"key":"MealTicket"},{"floor":34,"key":"Ornamental Fan"},{"floor":34,"key":"Ginger"},{"floor":41,"key":"Bronze Scales"},{"floor":43,"key":"Pantograph"},{"floor":45,"key":"Dream Catcher"},{"floor":48,"key":"Whetstone"}],"event_choices":[{"damage_healed":0.0,"max_hp_gain":0.0,"max_hp_loss":0.0,"gold_gain":0.0,"event_name":"Scrap Ooze","player_choice":"Success","floor":3.0,"gold_loss":0.0,"damage_taken":5.0,"relics_obtained":["DataDisk"]},{"damage_healed":0.0,"max_hp_gain":0.0,"max_hp_loss":0.0,"gold_gain":150.0,"event_name":"Liars Game","player_choice":"AGREE","floor":5.0,"gold_loss":0.0,"damage_taken":0.0,"cards_obtained":["Doubt"]},{"damage_healed":0.0,"max_hp_gain":0.0,"max_hp_loss":0.0,"gold_gain":0.0,"event_name":"Wheel of Change","player_choice":"Cursed","floor":8.0,"gold_loss":0.0,"damage_taken":0.0,"cards_obtained":["Decay"]},{"damage_healed":0.0,"max_hp_gain":0.0,"max_hp_loss":0.0,"gold_gain":0.0,"event_name":"The Library","player_choice":"Read","floor":20.0,"gold_loss":0.0,"damage_taken":0.0,"cards_obtained":["Reboot"]},{"damage_healed":0.0,"max_hp_gain":0.0,"max_hp_loss":0.0,"gold_gain":0.0,"event_name":"Vampires","player_choice":"Ignored","floor":29.0,"gold_loss":0.0,"damage_taken":0.0},{"damage_healed":0,"gold_gain":0,"player_choice":"Memory 1","damage_taken":0,"max_hp_gain":0,"max_hp_loss":0,"event_name":"SensoryStone","floor":36,"gold_loss":0}],"is_beta":false,"boss_relics":[{"not_picked":["Snecko Eye","Runic Pyramid"],"picked":"Pandora\u0027s Box"},{"not_picked":["SacredBark","Runic Dome"],"picked":"Calling Bell"}],"items_purged_floors":[10,37],"is_endless":false,"potions_floor_spawned":[2,7,11,16,19,23,31,33,35,39,47],"ascension_level":19}}