{"host":"vyjryxuuuxkt43k4","time":1611535241,"event":{"mods":["AchievementEnabler","BaseMod","Colored Map","DeckTracker","Keyboard Shortcuts","Minty Spire (QoL Compilation)","Permanent Neow","Quick Restart","Rare Cards Sparkle","StSLib","SuperFastMode","everything is the same but u backflip on backflip"],"gold_per_floor":[118,130,144,163,163,163,19,50,50,50,69,87,87,119,119,220,220,230,246,56,75,75,75,85,136,136,154,154,182,202,302,302,403,403,415,216,216,216,233,233,283,283,334,8,8,8,21,32,32,32,32],"floor_reached":50,"language":"KOR","playtime":2671,"items_purged":["Strike_G","Slice"],"score":782,"play_id":"9bdb1e4d-9297-404f-94e2-f0fbddf314d8","local_time":"20210125094041","is_ascension_mode":true,"campfire_choices":[{"floor":6.0,"key":"REST"},{"data":"Accuracy","floor":13.0,"key":"SMITH"},{"floor":15.0,"key":"REST"},{"floor":23.0,"key":"REST"},{"floor":28.0,"key":"REST"},{"data":"A Thousand Cuts","floor":32.0,"key":"SMITH"},{"data":"Apotheosis","floor":40.0,"key":"SMITH"},{"data":"1","floor":42.0,"key":"LIFT"},{"data":"2","floor":45.0,"key":"LIFT"},{"floor":49,"key":"REST"}],"circlet_count":0,"master_deck":["AscendersBane","Defend_G+1","Defend_G","Defend_G","Survivor","Neutralize+1","Blade Dance","Flying Knee+1","Masterful Stab","Finisher+1","Accuracy+1","Dagger Spray","Cloak And Dagger","Crippling Poison","A Thousand Cuts+1","Blade Dance+1","Prepared+1","Reflex","Bite","Bite","Bite","Bite","Bite","Backflip","Blade Dance+1","Acrobatics+1","PiercingWail","Crippling Poison","Storm of Steel","Dash+1","Dodge and Roll","PiercingWail","Deep Breath","Apotheosis+1","Panacea","Madness","Madness","Leg Sweep+1","Well Laid Plans","Leg Sweep+1","Outmaneuver+1"],"relics":["Ring of the Snake","Ice Cream","Whetstone","Boot","StrikeDummy","Gremlin Horn","Philosopher\u0027s Stone","TwistedFunnel","Centennial Puzzle","Happy Flower","Girya","Bottled Tornado","Empty Cage","Gambling Chip","Nunchaku","Pantograph"],"acts_visited":["Exordium","TheCity","TheBeyond"],"potions_floor_usage":[50],"damage_taken":[{"damage":6.0,"enemies":"Cultist","floor":1.0,"turns":5.0},{"damage":0.0,"enemies":"Small Slimes","floor":2.0,"turns":4.0},{"damage":9.0,"enemies":"Jaw Worm","floor":3.0,"turns":5.0},{"damage":9.0,"enemies":"Red Slaver","floor":4.0,"turns":5.0},{"damage":7.0,"enemies":"Lagavulin","floor":8.0,"turns":6.0},{"damage":0.0,"enemies":"Exordium Wildlife","floor":11.0,"turns":2.0},{"damage":7.0,"enemies":"Exordium Thugs","floor":12.0,"turns":3.0},{"damage":18.0,"enemies":"Gremlin Nob","floor":14.0,"turns":3.0},{"damage":20.0,"enemies":"The Guardian","floor":16.0,"turns":11.0},{"damage":6.0,"enemies":"Spheric Guardian","floor":18.0,"turns":4.0},{"damage":20.0,"enemies":"2 Thieves","floor":19.0,"turns":3.0},{"damage":25.0,"enemies":"Cultist and Chosen","floor":21.0,"turns":6.0},{"damage":0.0,"enemies":"Centurion and Healer","floor":24.0,"turns":4.0},{"damage":15.0,"enemies":"Snake Plant","floor":27.0,"turns":3.0},{"damage":20.0,"enemies":"Gremlin Leader","floor":29.0,"turns":4.0},{"damage":3.0,"enemies":"Cultist and Chosen","floor":30.0,"turns":4.0},{"damage":17.0,"enemies":"Colosseum Slavers","floor":31.0,"turns":4.0},{"damage":0.0,"enemies":"Colosseum Nobs","floor":31.0,"turns":2.0},{"damage":66.0,"enemies":"Champ","floor":33.0,"turns":9.0},{"damage":12.0,"enemies":"Orb Walker","floor":35.0,"turns":2.0},{"damage":6.0,"enemies":"3 Shapes","floor":39.0,"turns":4.0},{"damage":1.0,"enemies":"Mind Bloom Boss Battle","floor":41.0,"turns":6.0},{"damage":17.0,"enemies":"Writhing Mass","floor":47.0,"turns":5.0},{"damage":10,"enemies":"Jaw Worm Horde","floor":48,"turns":3},{"damage":48,"enemies":"Time Eater","floor":50,"turns":6}],"seed_played":"-6286340486588221170","potions_obtained":[{"floor":1.0,"key":"FairyPotion"},{"floor":8.0,"key":"Fruit Juice"},{"floor":14.0,"key":"Block Potion"},{"floor":18.0,"key":"AttackPotion"},{"floor":19.0,"key":"Energy Potion"},{"floor":31.0,"key":"Poison Potion"},{"floor":35.0,"key":"GamblersBrew"},{"floor":39.0,"key":"FearPotion"},{"floor":48,"key":"SpeedPotion"}],"is_trial":false,"path_per_floor":["M","M","M","M","?","R","$","E","T","T","M","M","R","E","R","B",null,"M","M","$","M","?","R","M","T","T","M","R","E","M","?","R","B",null,"M","$","?","?","M","R","?","R","T","$","R","?","M","M","R","B"],"character_chosen":"THE_SILENT","items_purchased":["Accuracy","TwistedFunnel","Reflex","Dodge and Roll","PiercingWail","Pantograph","Well Laid Plans"],"campfire_rested":5,"item_purchase_floors":[7,20,20,36,36,44,44],"current_hp_per_floor":[57,57,48,39,26,44,44,42,42,42,42,35,35,17,37,17,55,49,29,29,4,4,18,28,28,28,21,35,23,30,33,33,17,40,28,28,18,12,16,16,25,25,25,25,25,25,20,16,30,0,0],"gold":32,"neow_bonus":"ONE_RARE_RELIC","is_daily":false,"chose_seed":false,"campfire_upgraded":3,"win_rate":0.0,"timestamp":1611535241,"path_taken":["M","?","M","M","?","R","$","E","T","?","M","?","R","E","R","BOSS","M","M","$","M","?","R","M","?","T","M","R","E","?","?","R","BOSS","M","$","?","?","M","R","?","R","T","?","R","?","M","M","R","BOSS"],"items_purchased_type":["Card","Relic","Card","Card","Card","Relic","Card"],"build_version":"2020-12-22","purchased_purges":2,"victory":false,"max_hp_per_floor":[63,63,63,63,63,63,63,68,68,68,68,68,68,68,68,68,68,68,68,68,68,47,47,47,47,47,47,47,47,47,47,47,47,47,47,47,47,47,47,47,47,47,47,47,47,47,47,47,47,47,47],"card_choices":[{"not_picked":["Escape Plan","Terror"],"picked":"Blade Dance","floor":1.0},{"not_picked":["Distraction","Dagger Throw"],"picked":"Flying Knee","floor":2.0},{"not_picked":["Deadly Poison","Predator"],"picked":"Masterful Stab","floor":3.0},{"not_picked":["Flechettes","Blade Dance"],"picked":"Finisher","floor":4.0},{"not_picked":["Calculated Gamble","Deadly Poison"],"picked":"Dagger Spray","floor":8.0},{"not_picked":["Prepared","Quick Slash"],"picked":"Slice","floor":11.0},{"not_picked":["Riddle With Holes","Bullet Time"],"picked":"Cloak And Dagger","floor":12.0},{"not_picked":["Accuracy","Underhanded Strike"],"picked":"Crippling Poison","floor":14.0},{"not_picked":["Night Terror","Tools of the Trade"],"picked":"A Thousand Cuts","floor":16.0},{"not_picked":["Dagger Spray+1","Bane"],"picked":"Blade Dance+1","floor":18.0},{"not_picked":["Cloak And Dagger","Flying Knee"],"picked":"Prepared+1","floor":19.0},{"not_picked":["Flying Knee+1","Reflex","Finisher"],"picked":"SKIP","floor":21.0},{"not_picked":["Bouncing Flask","Cloak And Dagger"],"picked":"Backflip","floor":24.0},{"not_picked":["Dagger Spray","Prepared"],"picked":"Blade Dance+1","floor":27.0},{"not_picked":["Dagger Throw","Cloak And Dagger+1"],"picked":"Acrobatics+1","floor":29.0},{"not_picked":["Glass Knife","Backflip"],"picked":"PiercingWail","floor":30.0},{"not_picked":["Dagger Throw","Outmaneuver"],"picked":"Crippling Poison","floor":31.0},{"not_picked":["Envenom","Grand Finale"],"picked":"Storm of Steel","floor":33.0},{"not_picked":["Quick Slash+1","Prepared"],"picked":"Dash+1","floor":35.0},{"not_picked":["Finesse","Impatience"],"picked":"Deep Breath","floor":37.0},{"not_picked":["Chrysalis","Discovery"],"picked":"Apotheosis","floor":37.0},{"not_picked":["Secret Weapon","Mind Blast"],"picked":"Panacea","floor":37.0},{"not_picked":["Outmaneuver","All Out Attack+1","Backflip"],"picked":"SKIP","floor":39.0},{"not_picked":["Flying Knee","Outmaneuver+1"],"picked":"Leg Sweep+1","floor":41.0},{"not_picked":["Cloak And Dagger+1","Backflip","Blade Dance+1"],"picked":"SKIP","floor":47.0},{"not_picked":["Choke+1","Prepared"],"picked":"Outmaneuver+1","floor":48}],"player_experience":296679,"relics_obtained":[{"floor":8.0,"key":"Whetstone"},{"floor":9.0,"key":"Boot"},{"floor":10.0,"key":"StrikeDummy"},{"floor":14.0,"key":"Gremlin Horn"},{"floor":25.0,"key":"Centennial Puzzle"},{"floor":29.0,"key":"Happy Flower"},{"floor":31.0,"key":"Girya"},{"floor":31.0,"key":"Bottled Tornado"},{"floor":41.0,"key":"Gambling Chip"},{"floor":43.0,"key":"Nunchaku"}],"event_choices":[{"damage_healed":0.0,"max_hp_gain":0.0,"max_hp_loss":0.0,"gold_gain":0.0,"event_name":"Shining Light","player_choice":"Entered Light","floor":5.0,"gold_loss":0.0,"damage_taken":13.0,"cards_upgraded":["Defend_G","Neutralize"]},{"damage_healed":0.0,"max_hp_gain":0.0,"max_hp_loss":21.0,"gold_gain":0.0,"event_name":"Vampires","player_choice":"Became a vampire","floor":22.0,"gold_loss":0.0,"damage_taken":0.0,"cards_obtained":["Bite","Bite","Bite","Bite","Bite"]},{"damage_healed":0.0,"max_hp_gain":0.0,"max_hp_loss":0.0,"gold_gain":0.0,"event_name":"Colosseum","player_choice":"Fight","floor":31.0,"gold_loss":0.0,"damage_taken":0.0},{"damage_healed":0.0,"max_hp_gain":0.0,"max_hp_loss":0.0,"gold_gain":0.0,"event_name":"Colosseum","player_choice":"Fought Nobs","floor":31.0,"gold_loss":0.0,"damage_taken":0.0},{"damage_healed":0.0,"max_hp_gain":0.0,"max_hp_loss":0.0,"gold_gain":0.0,"event_name":"SensoryStone","player_choice":"Memory 3","floor":37.0,"gold_loss":0.0,"damage_taken":10.0},{"damage_healed":0.0,"max_hp_gain":0.0,"max_hp_loss":0.0,"gold_gain":0.0,"event_name":"Winding Halls","player_choice":"Embrace Madness","floor":38.0,"gold_loss":0.0,"damage_taken":6.0,"cards_obtained":["Madness","Madness"]},{"damage_healed":0.0,"max_hp_gain":0.0,"max_hp_loss":0.0,"gold_gain":0.0,"event_name":"MindBloom","player_choice":"Fight","floor":41.0,"gold_loss":0.0,"damage_taken":0.0},{"damage_healed":0.0,"max_hp_gain":0.0,"max_hp_loss":0.0,"gold_gain":0.0,"event_name":"Duplicator","player_choice":"Copied","floor":46.0,"gold_loss":0.0,"damage_taken":0.0,"cards_obtained":["Leg Sweep"]}],"is_beta":false,"boss_relics":[{"not_picked":["Coffee Dripper","Tiny House"],"picked":"Philosopher\u0027s Stone"},{"not_picked":["Runic Dome","Black Star"],"picked":"Empty Cage"}],"items_purged_floors":[7,36],"is_endless":false,"potions_floor_spawned":[1,8,14,18,19,24,31,31,35,39,48],"killed_by":"Time Eater","ascension_level":11}}