{"host":"vyjryxuuuxkt43k4","time":1611569164,"event":{"mods":["AchievementEnabler","BaseMod","Colored Map","DeckTracker","Keyboard Shortcuts","Minty Spire (QoL Compilation)","Permanent Neow","Quick Restart","Rare Cards Sparkle","StSLib","SuperFastMode","everything is the same but u backflip on backflip"],"gold_per_floor":[17,17,17,35,53,53,53,93,165,165,181,199,199,217,217,217,217],"floor_reached":16,"language":"KOR","playtime":668,"items_purged":[],"score":204,"play_id":"374d70bb-cf58-43f7-bc46-cd45077452aa","local_time":"20210125190604","is_ascension_mode":true,"campfire_choices":[{"data":"Searing Blow","floor":6.0,"key":"SMITH"},{"data":"Searing Blow+1","floor":10.0,"key":"SMITH"},{"data":"Searing Blow+2","floor":13.0,"key":"SMITH"},{"data":"Searing Blow+3","floor":15.0,"key":"SMITH"}],"circlet_count":0,"master_deck":["AscendersBane","Strike_R","Strike_R","Defend_R","Defend_R","Defend_R","Defend_R","Bash","Rampage","Reckless Charge","Inflame","Searing Blow+4","Second Wind","Feel No Pain"],"relics":["Burning Blood","Golden Idol","Orichalcum","Singing Bowl"],"acts_visited":["Exordium"],"potions_floor_usage":[16,16,16],"damage_taken":[{"damage":11.0,"enemies":"Jaw Worm","floor":1.0,"turns":5.0},{"damage":15.0,"enemies":"Small Slimes","floor":4.0,"turns":3.0},{"damage":1.0,"enemies":"Cultist","floor":5.0,"turns":3.0},{"damage":32.0,"enemies":"Gremlin Nob","floor":8.0,"turns":4.0},{"damage":11.0,"enemies":"Blue Slaver","floor":11.0,"turns":3.0},{"damage":6.0,"enemies":"Looter","floor":12.0,"turns":3.0},{"damage":8.0,"enemies":"Exordium Thugs","floor":14.0,"turns":5.0},{"damage":33,"enemies":"Slime Boss","floor":16,"turns":7}],"seed_played":"-2471599970459328343","potions_obtained":[{"floor":1.0,"key":"Dexterity Potion"},{"floor":4.0,"key":"EntropicBrew"},{"floor":11.0,"key":"FearPotion"},{"floor":12.0,"key":"EntropicBrew"}],"is_trial":false,"path_per_floor":["M","?","?","M","M","R","$","E","T","R","M","M","R","M","R","B"],"character_chosen":"IRONCLAD","items_purchased":[],"campfire_rested":0,"item_purchase_floors":[],"current_hp_per_floor":[63,63,63,54,59,59,59,33,33,33,28,30,30,28,28,0,0],"gold":217,"neow_bonus":"TRANSFORM_TWO_CARDS","is_daily":false,"chose_seed":false,"campfire_upgraded":4,"win_rate":0.0,"timestamp":1611569164,"path_taken":["M","?","?","M","M","R","$","E","T","R","M","M","R","M","R","BOSS"],"items_purchased_type":[],"build_version":"2020-12-22","purchased_purges":0,"victory":false,"max_hp_per_floor":[75,68,68,68,68,68,68,68,68,68,68,70,70,70,70,70,70],"card_choices":[{"not_picked":["Anger","Heavy Blade"],"picked":"Inflame","floor":1.0},{"not_picked":["Seeing Red","Warcry","Armaments"],"picked":"SKIP","floor":4.0},{"not_picked":["Pommel Strike","True Grit"],"picked":"Searing Blow","floor":5.0},{"not_picked":["Inflame","Seeing Red","Bludgeon"],"picked":"SKIP","floor":8.0},{"not_picked":["Twin Strike","Blood for Blood"],"picked":"Second Wind","floor":11.0},{"not_picked":["Cleave","Anger","Twin Strike"],"picked":"Singing Bowl","floor":12.0},{"not_picked":["Twin Strike","Metallicize"],"picked":"Feel No Pain","floor":14.0}],"player_experience":330864,"relics_obtained":[{"floor":8.0,"key":"Orichalcum"},{"floor":9.0,"key":"Singing Bowl"}],"event_choices":[{"damage_healed":0.0,"max_hp_gain":0.0,"max_hp_loss":7.0,"gold_gain":0.0,"event_name":"Golden Idol","player_choice":"Lose Max HP","floor":2.0,"gold_loss":0.0,"damage_taken":0.0,"relics_obtained":["Golden Idol"]},{"cards_removed":["Strike_R"],"damage_healed":0.0,"max_hp_gain":0.0,"max_hp_loss":0.0,"gold_gain":0.0,"event_name":"Living Wall","player_choice":"Forget","floor":3.0,"gold_loss":0.0,"damage_taken":0.0}],"is_beta":false,"boss_relics":[],"items_purged_floors":[],"is_endless":false,"potions_floor_spawned":[1,4,11,12],"killed_by":"Slime Boss","ascension_level":20}}