{"host":"k5ce38i4ey85p5tz","time":1611559159,"event":{"mods":["BaseMod","Colored Map","Colored Powertips","Downfall","Highlight Path","Marisa£®ÏF”Í°°ƒß¿Ì…≥£©","Minty Spire (QoL Compilation)","Quick Restart","StSLib","Td1madao Mod","The Bug Knight","The Servant 0.9.4","°æ“≈ŒÔø®≈∆°øREMEMod"],"gold_per_floor":[109,109,109,127,141,174,174,184,184,204,217,217,233,259,259,357,357,372,297,297,29,42,42,58,86,168,179,179,179,54,73,73,73,73],"floor_reached":33,"language":"ZHS","playtime":2231,"items_purged":[],"score":304,"play_id":"9e14c27c-7a9a-4a51-9221-b89e29e5ecf1","local_time":"20210125151919","is_ascension_mode":false,"campfire_choices":[{"floor":7,"key":"REST"},{"data":"All Out Attack","floor":12,"key":"SMITH"},{"floor":15,"key":"REST"},{"floor":23,"key":"REST"},{"floor":29,"key":"REST"},{"floor":32,"key":"REST"}],"circlet_count":0,"master_deck":["Strike_G","Strike_G","Strike_G","Strike_G","Defend_G","Defend_G","Defend_G","Defend_G","Survivor","Neutralize","Deadly Poison","All Out Attack+1","REME_GrazeFinale","Poisoned Stab","Distraction","Underhanded Strike","Poisoned Stab","Choke","REME_LeechingPoison","Deadly Poison+1","RitualDagger","REME_GreenPollution","REME_GreenPollution+1","Bane","REME_GreenPollution","REME_CopyPotion","REME_ShadowStrike","Dagger Spray","Burst","Deflect"],"relics":["Ring of the Snake","Snake Skull","Pear","Lizard Tail","Philosopher\u0027s Stone","Strawberry","Thread and Needle","Bottled Flame"],"acts_visited":["TheCity"],"potions_floor_usage":[6,8,16,25,25,25,27],"damage_taken":[{"damage":0,"enemies":"2 Louse","floor":1,"turns":4},{"damage":0,"enemies":"Small Slimes","floor":4,"turns":6},{"damage":0,"enemies":"Cultist","floor":5,"turns":3},{"damage":36,"enemies":"3 Sentries","floor":6,"turns":10},{"damage":14,"enemies":"Gremlin Gang","floor":8,"turns":4},{"damage":0,"enemies":"Lots of Slimes","floor":10,"turns":2},{"damage":0,"enemies":"2 Fungi Beasts","floor":11,"turns":3},{"damage":0,"enemies":"3 Louse","floor":13,"turns":1},{"damage":45,"enemies":"Gremlin Nob","floor":14,"turns":5},{"damage":40,"enemies":"Slime Boss","floor":16,"turns":14},{"damage":39,"enemies":"Shell Parasite","floor":18,"turns":6},{"damage":19,"enemies":"3 Byrds","floor":22,"turns":5},{"damage":44,"enemies":"Shelled Parasite and Fungi","floor":24,"turns":5},{"damage":21,"enemies":"HollowMod:Nosk","floor":25,"turns":6},{"damage":32,"enemies":"Snake Plant","floor":27,"turns":3},{"damage":23,"enemies":"Chosen and Byrds","floor":31,"turns":6},{"damage":82,"enemies":"Collector","floor":33,"turns":6}],"seed_played":"1060673016958350237","potions_obtained":[{"floor":1,"key":"SpeedPotion"},{"floor":5,"key":"SneckoOil"},{"floor":8,"key":"Weak Potion"},{"floor":18,"key":"champ:CounterPotion"},{"floor":22,"key":"Fire Potion"},{"floor":25,"key":"SkillPotion"}],"is_trial":false,"path_per_floor":["M","?","?","M","M","E","R","M","T","M","M","R","M","E","R","B",null,"M","?","?","$","M","R","M","E","T","M","?","R","$","M","R","B"],"character_chosen":"THE_SILENT","items_purchased":["REME_GreenPollution","Strawberry","PowerPotion","Dagger Spray","Burst"],"campfire_rested":5,"item_purchase_floors":[21,21,21,30,30],"current_hp_per_floor":[77,77,77,77,77,41,64,50,60,60,60,60,60,15,41,1,87,48,48,42,49,36,64,20,59,59,27,27,55,55,38,66,0,0],"gold":73,"neow_bonus":"TEN_PERCENT_HP_BONUS","is_daily":false,"chose_seed":false,"campfire_upgraded":1,"win_rate":0.0,"timestamp":1611559159,"path_taken":["M","?","?","?","?","E","R","M","T","M","M","R","?","E","R","BOSS","M","?","?","$","M","R","M","E","T","M","?","R","?","?","R","BOSS"],"items_purchased_type":["Card","Relic","Potion","Card","Card"],"build_version":"2020-12-22","purchased_purges":0,"victory":false,"max_hp_per_floor":[77,77,77,77,77,77,77,77,87,87,87,87,87,87,87,87,87,87,87,87,94,94,94,94,94,94,94,94,94,94,94,94,94,94],"card_choices":[{"not_picked":["Tactician","Dodge and Roll"],"picked":"Blur","floor":1},{"not_picked":["Quick Slash","Terror"],"picked":"Deadly Poison","floor":4},{"not_picked":["Dagger Throw","Sucker Punch"],"picked":"All Out Attack","floor":5},{"not_picked":["Choke","Footwork"],"picked":"REME_GrazeFinale","floor":6},{"not_picked":["Underhanded Strike","Eviscerate"],"picked":"Poisoned Stab","floor":8},{"not_picked":["Outmaneuver","Backflip"],"picked":"Distraction","floor":10},{"not_picked":["Glass Knife","Calculated Gamble"],"picked":"Underhanded Strike","floor":11},{"not_picked":["Dagger Throw","Underhanded Strike"],"picked":"Poisoned Stab","floor":13},{"not_picked":["Backflip","Tactician"],"picked":"Choke","floor":14},{"not_picked":["A Thousand Cuts","After Image"],"picked":"REME_LeechingPoison","floor":16},{"not_picked":["Caltrops","Masterful Stab"],"picked":"Deadly Poison+1","floor":18},{"not_picked":["Quick Slash","Deadly Poison"],"picked":"REME_GreenPollution+1","floor":22},{"not_picked":["Dodge and Roll","Flechettes"],"picked":"REME_ShadowStrike","floor":24},{"not_picked":["REME_ShadowStrike+1","Flechettes"],"picked":"Bane","floor":25},{"not_picked":["Acrobatics","Poisoned Stab"],"picked":"REME_GreenPollution","floor":27},{"not_picked":["Sucker Punch+1","Distraction"],"picked":"Deflect","floor":31}],"player_experience":40895,"relics_obtained":[{"floor":6,"key":"Snake Skull"},{"floor":9,"key":"Pear"},{"floor":14,"key":"Lizard Tail"},{"floor":25,"key":"Thread and Needle"},{"floor":26,"key":"Bottled Flame"}],"event_choices":[{"damage_healed":0,"gold_gain":0,"player_choice":"Leave","damage_taken":0,"max_hp_gain":0,"max_hp_loss":0,"event_name":"The Cleric","floor":2,"gold_loss":0},{"cards_removed":["Defend_G"],"damage_healed":0,"gold_gain":0,"player_choice":"Purged","damage_taken":0,"max_hp_gain":0,"max_hp_loss":0,"event_name":"Purifier","floor":3,"gold_loss":0},{"cards_removed":["Strike_G"],"damage_healed":0,"gold_gain":0,"player_choice":"Gave Gold","damage_taken":0,"max_hp_gain":0,"max_hp_loss":0,"event_name":"Beggar","floor":19,"gold_loss":75},{"damage_healed":0,"gold_gain":0,"player_choice":"Joined the Cult","damage_taken":6,"max_hp_gain":0,"max_hp_loss":0,"event_name":"Nest","floor":20,"gold_loss":0,"cards_obtained":["RitualDagger"]},{"damage_healed":0,"gold_gain":0,"cards_transformed":["REME_ShadowStrike","Blur"],"player_choice":"Became Test Subject","damage_taken":0,"max_hp_gain":0,"max_hp_loss":0,"event_name":"Drug Dealer","floor":28,"gold_loss":0,"cards_obtained":["REME_CopyPotion","REME_ShadowStrike"]}],"is_beta":false,"boss_relics":[{"not_picked":["Tiny House","Coffee Dripper"],"picked":"Philosopher\u0027s Stone"}],"items_purged_floors":[],"is_endless":false,"potions_floor_spawned":[1,5,8,18,22,25],"killed_by":"Collector","ascension_level":0}}