{"host":"ss2ocoam53r2lno0","time":1611586597,"event":{"mods":["Act Like it!","BaseMod","ChefMod","Clockwork Mod","Colored Powertips","Curses Come First","Displayed Cursed Tome","Downfall","Evolution","Googly Eyes","Hallownest","Highlight Path","Minty Spire (QoL Compilation)","Poor People Problems","Rare Cards Sparkle","Robot Space Explorer","Shade Mod","Shop Mod","Spicy Shops","StSLib","The Marked"],"gold_per_floor":[119,119,119,134,134,148,223,241,241,205,205,219,219,235,235,235,235],"floor_reached":16,"language":"ENG","playtime":1050,"items_purged":[],"score":179,"play_id":"b5a4715c-6c71-457d-bac3-55618b1ccb31","local_time":"20210125155637","is_ascension_mode":true,"campfire_choices":[{"floor":11,"key":"REST"},{"floor":13,"key":"REST"},{"data":"Clockwork:SearingStrike+3","floor":15,"key":"SMITH"}],"circlet_count":0,"master_deck":["AscendersBane","Clockwork:Strike","Clockwork:Strike","Clockwork:Strike","Clockwork:Shield","Clockwork:Shield","Clockwork:Shield","Clockwork:Shield","Clockwork:Tinker","Clockwork:WarmUp","Clockwork:SearingStrike+4","Clockwork:Clone"],"relics":["Clockwork:MomentumEngine","EVO:Axolotl","Golden Idol","Singing Bowl","Centennial Puzzle"],"acts_visited":["Exordium"],"potions_floor_usage":[10,16],"damage_taken":[{"damage":12,"enemies":"Small Slimes","floor":1,"turns":10},{"damage":6,"enemies":"Jaw Worm","floor":4,"turns":12},{"damage":0,"enemies":"2 Louse","floor":6,"turns":5},{"damage":0,"enemies":"Blue Slaver","floor":8,"turns":9},{"damage":18,"enemies":"Exordium Thugs","floor":10,"turns":6},{"damage":20,"enemies":"Gremlin Gang","floor":12,"turns":14},{"damage":2,"enemies":"3 Louse","floor":14,"turns":5},{"damage":37,"enemies":"Hexaghost","floor":16,"turns":16}],"seed_played":"4959774028594117132","potions_obtained":[{"floor":4,"key":"AttackPotion"},{"floor":6,"key":"Guardian:BlockOnCardUsePotion"},{"floor":12,"key":"Ancient Potion"}],"is_trial":false,"path_per_floor":["M","?","?","M","?","M","?","M","T","M","R","M","R","M","R","B"],"character_chosen":"CLOCKWORK","items_purchased":[],"campfire_rested":2,"item_purchase_floors":[],"current_hp_per_floor":[59,59,64,58,32,32,21,23,23,5,28,10,34,34,34,0,0],"gold":235,"neow_bonus":"REMOVE_CARD","is_daily":false,"chose_seed":false,"campfire_upgraded":1,"win_rate":0.0,"timestamp":1611586597,"path_taken":["M","?","?","M","?","M","?","M","T","M","R","M","R","M","R","BOSS"],"items_purchased_type":[],"build_version":"2020-12-22","purchased_purges":0,"victory":false,"max_hp_per_floor":[79,72,77,77,77,77,77,79,79,79,79,81,81,83,83,83,83],"card_choices":[{"not_picked":["Clockwork:Redundancy","Clockwork:Enhance","Clockwork:CraftSomewhatSmoothStone"],"picked":"SKIP","floor":1},{"not_picked":["Clockwork:Redundancy","Clockwork:Roundhouse"],"picked":"Clockwork:SearingStrike","floor":4},{"not_picked":["Clockwork:RampUp","Clockwork:CogBarrier"],"picked":"Clockwork:SmithsMallet","floor":6},{"not_picked":["Clockwork:ChargingBlade","Clockwork:SystemHardening","Clockwork:Pluck"],"picked":"Singing Bowl","floor":8},{"not_picked":["Clockwork:StasisBreak","Clockwork:CogBarrier"],"picked":"Clockwork:Clone","floor":10},{"not_picked":["Clockwork:Enhance","Clockwork:TiltAWhirl","Clockwork:AssemblyLine"],"picked":"Singing Bowl","floor":12},{"not_picked":["Clockwork:AssemblyLine","Clockwork:LiteraryArmor","Clockwork:Randomization"],"picked":"Singing Bowl","floor":14}],"player_experience":845088,"relics_obtained":[{"floor":9,"key":"Centennial Puzzle"}],"event_choices":[{"damage_healed":0,"gold_gain":0,"player_choice":"Lose Max HP","damage_taken":0,"relics_obtained":["Golden Idol"],"max_hp_gain":0,"max_hp_loss":7,"event_name":"Golden Idol","floor":2,"gold_loss":0},{"damage_healed":0,"gold_gain":0,"player_choice":"Donut","damage_taken":0,"max_hp_gain":5,"max_hp_loss":0,"event_name":"Big Fish","floor":3,"gold_loss":0},{"damage_healed":0,"gold_gain":0,"player_choice":"Success","damage_taken":26,"relics_obtained":["Singing Bowl"],"max_hp_gain":0,"max_hp_loss":0,"event_name":"Scrap Ooze","floor":5,"gold_loss":0},{"damage_healed":0,"gold_gain":75,"player_choice":"Gather Gold","damage_taken":11,"max_hp_gain":0,"max_hp_loss":0,"event_name":"World of Goop","floor":7,"gold_loss":0}],"is_beta":false,"boss_relics":[],"items_purged_floors":[],"is_endless":false,"potions_floor_spawned":[4,6,12,14],"killed_by":"Hexaghost","ascension_level":18}}