{"host":"Á¤±Û¸µ","time":1611535472,"event":{"mods":["AchievementEnabler","BaseMod","Colored Map","DeckTracker","Highlight Path","Keyboard Shortcuts","Minty Spire (QoL Compilation)","Permanent Neow","Quick Restart","Rare Cards Sparkle","StSLib","SuperFastMode","everything is the same but u backflip on backflip"],"gold_per_floor":[14,14,189,139,139,139,151,177,177,177,202,217,43,83,83,207,207,242,279,279,323,361,361,396,396,396,425,425],"floor_reached":29,"language":"KOR","playtime":1107,"items_purged":[],"score":861,"play_id":"7ee14e84-5f45-4e65-9c86-51e682a77935","local_time":"20210125094432","is_ascension_mode":true,"campfire_choices":[{"data":"Eruption","floor":6.0,"key":"SMITH"},{"data":"Worship","floor":10.0,"key":"SMITH"},{"data":"HandOfGreed","floor":15.0,"key":"SMITH"},{"floor":23,"key":"REST"},{"floor":25,"key":"REST"}],"circlet_count":0,"master_deck":["Strike_P","Strike_P","Strike_P","Strike_P","Defend_P","Defend_P","Defend_P","Defend_P","Eruption+1","Vigilance","Evaluate","Worship+1","Collect","Evaluate","HandOfGreed+1","Collect","MasterReality+1","Meditate","MentalFortress+1","ConjureBlade","DevaForm+1"],"relics":["PureWater","Dead Branch","Letter Opener","Frozen Egg 2","Incense Burner","Ginger","VioletLotus","Art of War","Damaru"],"acts_visited":["Exordium","TheCity","TheEnding"],"potions_floor_usage":[18,19,24,24,24],"damage_taken":[{"damage":0.0,"enemies":"Cultist","floor":1.0,"turns":2.0},{"damage":4.0,"enemies":"2 Louse","floor":7.0,"turns":2.0},{"damage":18.0,"enemies":"Gremlin Nob","floor":8.0,"turns":3.0},{"damage":18.0,"enemies":"3 Sentries","floor":11.0,"turns":5.0},{"damage":0.0,"enemies":"Small Slimes","floor":12.0,"turns":2.0},{"damage":0.0,"enemies":"Blue Slaver","floor":14.0,"turns":1.0},{"damage":3.0,"enemies":"Slime Boss","floor":16.0,"turns":6.0},{"damage":49,"enemies":"3 Byrds","floor":18,"turns":5},{"damage":0,"enemies":"2 Thieves","floor":19,"turns":1},{"damage":0,"enemies":"Snake Plant","floor":21,"turns":2},{"damage":0,"enemies":"Sentry and Sphere","floor":22,"turns":2},{"damage":26,"enemies":"Slavers","floor":24,"turns":3},{"damage":0,"enemies":"Shield and Spear","floor":27,"turns":1},{"damage":1,"enemies":"The Heart","floor":28,"turns":3}],"seed_played":"-3661032729718541333","potions_obtained":[{"floor":1.0,"key":"DuplicationPotion"},{"floor":12.0,"key":"Strength Potion"},{"floor":14.0,"key":"Ambrosia"},{"floor":19,"key":"BottledMiracle"},{"floor":21,"key":"Explosive Potion"},{"floor":22,"key":"Dexterity Potion"},{"floor":24,"key":"Strength Potion"}],"is_trial":false,"path_per_floor":["M","$","?","?","T","R","M","E","T","R","E","M","$","M","R","B",null,"M","M","?","M","M","R","E","R","$","E","B",null],"character_chosen":"WATCHER","items_purchased":["HandOfGreed"],"campfire_rested":2,"item_purchase_floors":[13],"current_hp_per_floor":[65,65,65,65,65,65,61,43,43,43,25,25,25,25,25,22,60,11,11,11,11,11,32,56,72,72,72,71],"gold":425,"neow_bonus":"ONE_RARE_RELIC","is_daily":false,"chose_seed":false,"campfire_upgraded":3,"win_rate":0.0,"timestamp":1611535472,"path_taken":["M","?","?","?","?","R","M","E","T","R","E","M","?","M","R","BOSS","M","M","?","M","M","R","E","R","$","E","BOSS"],"items_purchased_type":["Card"],"build_version":"2020-12-18","purchased_purges":0,"victory":true,"max_hp_per_floor":[72,72,72,72,72,72,72,72,72,72,72,72,72,72,72,72,72,72,72,72,72,72,72,72,72,72,72,72],"card_choices":[{"not_picked":["LikeWater","Prostrate"],"picked":"Evaluate","floor":1.0},{"not_picked":["BowlingBash","FlyingSleeves","Wireheading"],"picked":"SKIP","floor":7.0},{"not_picked":["ThirdEye","FlyingSleeves"],"picked":"Worship","floor":8.0},{"not_picked":["WheelKick","Perseverance"],"picked":"Collect","floor":11.0},{"not_picked":["CrushJoints","Sanctity"],"picked":"Evaluate","floor":12.0},{"not_picked":["Conclude","EmptyFist"],"picked":"Collect","floor":14.0},{"not_picked":["Judgement","Vault"],"picked":"MasterReality+1","floor":16.0},{"not_picked":["BowlingBash+1","JustLucky+1","Swivel+1"],"picked":"SKIP","floor":18},{"not_picked":["CarveReality","EmptyBody"],"picked":"Meditate","floor":19},{"not_picked":["Crescendo+1","EmptyFist"],"picked":"MentalFortress+1","floor":21},{"not_picked":["Consecrate","PathToVictory"],"picked":"ConjureBlade","floor":22},{"not_picked":["CrushJoints","JustLucky","Vengeance"],"picked":"SKIP","floor":24},{"not_picked":["Worship","Crescendo"],"picked":"DevaForm+1","floor":27}],"player_experience":332975,"relics_obtained":[{"floor":5.0,"key":"Letter Opener"},{"floor":8.0,"key":"Frozen Egg 2"},{"floor":9.0,"key":"Incense Burner"},{"floor":11.0,"key":"Ginger"},{"floor":24,"key":"Art of War"},{"floor":27,"key":"Damaru"}],"event_choices":[{"damage_healed":0.0,"max_hp_gain":0.0,"max_hp_loss":0.0,"gold_gain":175.0,"event_name":"Liars Game","player_choice":"AGREE","floor":3.0,"gold_loss":0.0,"damage_taken":0.0,"cards_obtained":["Doubt"]},{"cards_removed":["Doubt"],"damage_healed":0.0,"max_hp_gain":0.0,"max_hp_loss":0.0,"gold_gain":0.0,"event_name":"The Cleric","player_choice":"Card Removal","floor":4.0,"gold_loss":50.0,"damage_taken":0.0},{"damage_healed":0,"gold_gain":0,"player_choice":"Ignored","damage_taken":0,"max_hp_gain":0,"max_hp_loss":0,"event_name":"Cursed Tome","floor":20,"gold_loss":0}],"is_beta":true,"boss_relics":[{"not_picked":["Runic Pyramid","Runic Dome"],"picked":"VioletLotus"}],"items_purged_floors":[],"is_endless":false,"potions_floor_spawned":[1,12,14,19,21,22,24],"ascension_level":8}}