{"host":"1zjc08c6hob33401","time":1611602763,"event":{"mods":["AchievementEnabler","Act Like it!","Aspiration","BaseMod","Downfall","Elementarium","Energized Spire","Evolution","Friendly Minions","Gensokyo","GifTheSpireLib","Hubris","Infinite Spire","Jedi Mod","Menagerie","Minty Spire (QoL Compilation)","Pale of the Ancients","Quick Restart","Reliquary","Replay The Spire","Retaliation","Shop Mod","Spire Arcade","StS++","StSLib","Stuff the Spire","The Blue Laboratory","Wandering Minibosses","??????REMEMod"],"gold_per_floor":[113,93,104,142,155,155,171,63,63,63,80,26,40,53,53,53,53],"floor_reached":16,"language":"RUS","playtime":711,"items_purged":[],"score":179,"play_id":"bc0ea93b-f5a9-40da-ac63-6a205273b414","local_time":"20210125212603","is_ascension_mode":true,"campfire_choices":[{"data":"Zap","floor":6.0,"key":"SMITH"},{"floor":15,"key":"REST"},{"data":"ReplayTheSpireMod:Omega Cannon","floor":15,"key":"SMITH"}],"circlet_count":0,"master_deck":["AscendersBane","Strike_B","Strike_B","Strike_B","Strike_B","Defend_B","Defend_B","Defend_B","Defend_B","Zap+1","Dualcast","Slimebound:WasteNot","Steam","ReplayTheSpireMod:Calculation Training","Leap","Panic Button","Undo","BootSequence","ReplayTheSpireMod:Private Reserves","Capacitor","Leap","ReplayTheSpireMod:Omega Cannon+1"],"relics":["Cracked Core","EVO:Axolotl","REME_ComplimentaryCards","aspiration:Nostalgia","champ:ChampionCrown","InkBottle","infinitespire:Magic Flask"],"acts_visited":["Exordium"],"potions_floor_usage":[13,16,16],"damage_taken":[{"damage":14.0,"enemies":"Jaw Worm","floor":1.0,"turns":4.0},{"damage":1.0,"enemies":"Cultist","floor":3.0,"turns":4.0},{"damage":4.0,"enemies":"Small Slimes","floor":5.0,"turns":3.0},{"damage":13.0,"enemies":"Exordium Wildlife","floor":7.0,"turns":8.0},{"damage":0.0,"enemies":"Red Slaver","floor":11.0,"turns":3.0},{"damage":5,"enemies":"3 Louse","floor":13,"turns":3},{"damage":3,"enemies":"Blue Slaver","floor":14,"turns":4},{"damage":28,"enemies":"Slime Boss","floor":16,"turns":7}],"seed_played":"-1332643135741069106","potions_obtained":[{"floor":1.0,"key":"blueLaboratory:CoolantVial"},{"floor":2.0,"key":"jedi:holywater"},{"floor":7.0,"key":"DistilledChaos"},{"floor":13,"key":"Languid Potion"},{"floor":14,"key":"blueLaboratory:SystemWipe"}],"is_trial":false,"path_per_floor":["M","?","M","?","M","R","M","$","T","?","M","$","M","M","R","B"],"character_chosen":"DEFECT","items_purchased":["ReplayTheSpireMod:Private Reserves","blueLaboratory:BiasPotion"],"campfire_rested":1,"item_purchase_floors":[8,12],"current_hp_per_floor":[50,50,49,26,22,22,9,9,9,9,9,9,4,1,22,0,0],"gold":53,"neow_bonus":"NOSTALGIA","is_daily":false,"chose_seed":false,"campfire_upgraded":2,"win_rate":0.0,"timestamp":1611602763,"path_taken":["M","?","?","?","?","R","M","$","T","?","M","?","M","M","R","BOSS"],"items_purchased_type":["Card","Potion"],"build_version":"2020-12-22","purchased_purges":0,"victory":false,"max_hp_per_floor":[71,71,71,71,71,71,71,71,71,71,71,71,71,71,71,71,71],"card_choices":[{"not_picked":["Sweeping Beam","Turbo"],"picked":"Steam","floor":1.0},{"not_picked":["jedi:blockon","Conserve Battery"],"picked":"ReplayTheSpireMod:Calculation Training","floor":3.0},{"not_picked":["Lockon","Loop"],"picked":"Leap","floor":4.0},{"not_picked":["Crystallizer","Steam"],"picked":"Panic Button","floor":4.0},{"not_picked":["jedi:BurstFrost","Fusion"],"picked":"Undo","floor":5.0},{"not_picked":["Undo","Redo"],"picked":"BootSequence","floor":7.0},{"not_picked":["Panic Button","Gash"],"picked":"Capacitor","floor":11.0},{"not_picked":["Beam Cell","StuffTheSpire:Plugnplay"],"picked":"Leap","floor":13},{"not_picked":["ReplayGash","Steam"],"picked":"ReplayTheSpireMod:Omega Cannon","floor":14}],"player_experience":706672,"relics_obtained":[{"floor":4.0,"key":"InkBottle"},{"floor":9.0,"key":"infinitespire:Magic Flask"}],"event_choices":[{"damage_healed":0.0,"max_hp_gain":0.0,"max_hp_loss":0.0,"gold_gain":0.0,"event_name":"The Woman in Blue","player_choice":"Bought 1 Potion","floor":2.0,"gold_loss":0.0,"damage_taken":0.0}],"is_beta":false,"boss_relics":[],"items_purged_floors":[],"is_endless":false,"potions_floor_spawned":[1,7,13,14],"killed_by":"Slime Boss","ascension_level":18}}