{"host":"n3yraofadl2d9nwo","time":1611535583,"event":{"mods":["BaseMod","Friendly Minions","Marisa????????","Minty Spire (QoL Compilation)","StSLib","The Animator"],"gold_per_floor":[114,114,134,7,7,36,36,61,61,78,78,104,119,148,148,247,247,264,282,381,395,395,435,460,460,487,487,499,528,555,93,93,93,93],"floor_reached":33,"language":"ENG","playtime":2658,"items_purged":["animator:Strike","animator:Strike_MadokaMagica"],"score":322,"play_id":"2c1b2b9a-4f4e-4251-9dd1-599c10939dde","local_time":"20210125014623","is_ascension_mode":false,"campfire_choices":[{"data":"animator:YuiTsuruno","floor":7,"key":"SMITH"},{"data":"animator:WinryRockbell","floor":15,"key":"SMITH"},{"floor":25,"key":"REST"},{"floor":27,"key":"REST"},{"data":"animator:ElricAlphonse","floor":32,"key":"SMITH"}],"circlet_count":0,"master_deck":["animator:Defend_MadokaMagica","animator:Defend","animator:Defend","animator:IrohaTamaki","animator:YuiTsuruno+1","animator:LizardPriest+1","animator:Yuuichirou","animator:DwarfShaman","animator:IrohaTamaki","animator:Gillette","animator:WinryRockbell+1","animator:Mikaela","animator:Mitsuba","animator:AcuraShin","animator:OrikoMikuni","animator:IrohaTamaki","animator:YachiyoNanami","animator:ElricAlphonse+1","animator:OrikoMikuni+1","animator:YunYun","animator:Layla","animator:Evileye+1","animator:YuiTsuruno","animator:Hans","animator:MamiTomoe","animator:SayakaMiki","animator:Megumin+1"],"relics":["animator:LivingPicture","animator:TheMissingPiece","NeowsBlessing","Boot","Red Skull","Dream Catcher","animator:RacePiece","MutagenicStrength","Vajra","Red Mask","Regal Pillow","Letter Opener","TwistedFunnel","Bag of Preparation"],"acts_visited":["Exordium","TheCity"],"potions_floor_usage":[24,30,30,33],"damage_taken":[{"damage":0,"enemies":"Jaw Worm","floor":1,"turns":1},{"damage":0,"enemies":"2 Louse","floor":3,"turns":1},{"damage":0,"enemies":"Lagavulin","floor":6,"turns":1},{"damage":0,"enemies":"Cultist","floor":8,"turns":3},{"damage":0,"enemies":"Looter","floor":10,"turns":4},{"damage":11,"enemies":"Gremlin Nob","floor":12,"turns":4},{"damage":0,"enemies":"Exordium Wildlife","floor":13,"turns":3},{"damage":0,"enemies":"2 Fungi Beasts","floor":14,"turns":3},{"damage":24,"enemies":"The Guardian","floor":16,"turns":8},{"damage":2,"enemies":"3 Byrds","floor":18,"turns":4},{"damage":11,"enemies":"Chosen","floor":19,"turns":6},{"damage":15,"enemies":"Sentry and Sphere","floor":21,"turns":7},{"damage":31,"enemies":"Slavers","floor":23,"turns":6},{"damage":4,"enemies":"Masked Bandits","floor":24,"turns":4},{"damage":0,"enemies":"Centurion and Healer","floor":28,"turns":6},{"damage":8,"enemies":"Snecko","floor":29,"turns":5},{"damage":12,"enemies":"Book of Stabbing","floor":30,"turns":6},{"damage":41,"enemies":"Champ","floor":33,"turns":7}],"seed_played":"6973047983813900947","potions_obtained":[{"floor":6,"key":"Energy Potion"},{"floor":8,"key":"Energy Potion"},{"floor":10,"key":"Weak Potion"},{"floor":24,"key":"PowerPotion"}],"is_trial":false,"path_per_floor":["M","?","M","$","?","E","R","M","T","M","?","E","M","M","R","B",null,"M","M","?","M","?","E","?","R","T","R","M","M","E","$","R","B"],"character_chosen":"THE_ANIMATOR","items_purchased":["animator:DwarfShaman","animator:Megumin","TwistedFunnel","Bag of Preparation"],"campfire_rested":2,"item_purchase_floors":[4,31,31,31],"current_hp_per_floor":[66,59,59,59,59,59,59,59,59,59,41,30,30,30,30,7,67,65,54,54,39,39,8,5,25,25,60,60,52,41,41,41,0,0],"gold":93,"neow_bonus":"THREE_ENEMY_KILL","is_daily":false,"chose_seed":false,"campfire_upgraded":3,"win_rate":0.0,"timestamp":1611535583,"path_taken":["M","?","M","$","?","E","R","M","T","?","?","E","M","M","R","BOSS","M","M","?","M","?","E","?","R","T","R","M","M","E","$","R","BOSS"],"items_purchased_type":["Card","Card","Relic","Relic"],"build_version":"2020-12-22","purchased_purges":2,"victory":false,"max_hp_per_floor":[66,66,66,66,66,66,66,66,66,66,66,66,66,66,66,67,67,67,67,67,67,67,67,68,68,68,68,68,68,69,69,69,69,69],"card_choices":[{"not_picked":["animator:IrohaTamaki","animator:Darkness"],"picked":"animator:LizardPriest","floor":1},{"not_picked":["animator:Gluttony","animator:AcuraAkari"],"picked":"animator:Yuuichirou","floor":3},{"not_picked":["animator:Pride","animator:Viivi"],"picked":"animator:IrohaTamaki","floor":6},{"not_picked":["animator:Layla","animator:Guy"],"picked":"animator:Gillette","floor":8},{"not_picked":["animator:SayakaMiki","animator:SwordMaiden"],"picked":"animator:WinryRockbell","floor":10},{"not_picked":["animator:Darkness","animator:PandorasActor"],"picked":"animator:Mikaela","floor":12},{"not_picked":["animator:Chris","animator:IrohaTamaki"],"picked":"animator:Mitsuba","floor":13},{"not_picked":["animator:Sebas","animator:Cocytus"],"picked":"animator:Entoma","floor":14},{"not_picked":["animator:GoblinSlayer","animator:Wiz"],"picked":"animator:AcuraShin","floor":16},{"not_picked":["animator:Mikaela","animator:Yuuichirou+1"],"picked":"animator:ElricAlphonse","floor":18},{"not_picked":["animator:Cocytus","animator:ChaikaBohdan"],"picked":"animator:OrikoMikuni+1","floor":19},{"not_picked":["animator:Layla","animator:Demiurge"],"picked":"animator:YunYun","floor":21},{"not_picked":["animator:Viivi","animator:AcuraAkari"],"picked":"animator:Layla","floor":23},{"not_picked":["animator:Cocytus+1","animator:Sebas+1"],"picked":"animator:Evileye+1","floor":24},{"not_picked":["animator:ElricAlphonse+1","animator:Evileye"],"picked":"animator:YuiTsuruno","floor":27},{"not_picked":["animator:GuildGirl","animator:MaesHughes"],"picked":"animator:Hans","floor":28},{"not_picked":["animator:OrikoMikuni+1","animator:Gluttony"],"picked":"animator:MamiTomoe","floor":29},{"not_picked":["animator:Gluttony","animator:LizardPriest"],"picked":"animator:SayakaMiki","floor":30}],"player_experience":830579,"relics_obtained":[{"floor":6,"key":"Boot"},{"floor":12,"key":"Dream Catcher"},{"floor":23,"key":"Vajra"},{"floor":24,"key":"Red Mask"},{"floor":26,"key":"Regal Pillow"},{"floor":30,"key":"Letter Opener"}],"event_choices":[{"cards_removed":["animator:Strike"],"damage_healed":0,"gold_gain":0,"player_choice":"Card Removal","damage_taken":7,"max_hp_gain":0,"max_hp_loss":0,"event_name":"Golden Wing","floor":2,"gold_loss":0},{"damage_healed":0,"gold_gain":0,"player_choice":"Forge","damage_taken":0,"max_hp_gain":0,"max_hp_loss":0,"event_name":"Accursed Blacksmith","floor":5,"gold_loss":0,"cards_upgraded":["animator:LizardPriest"]},{"damage_healed":0,"gold_gain":0,"player_choice":"Success","damage_taken":18,"relics_obtained":["Red Skull"],"max_hp_gain":0,"max_hp_loss":0,"event_name":"Scrap Ooze","floor":11,"gold_loss":0},{"damage_healed":0,"gold_gain":99,"player_choice":"Stole From Cult","damage_taken":0,"max_hp_gain":0,"max_hp_loss":0,"event_name":"Nest","floor":20,"gold_loss":0},{"damage_healed":0,"gold_gain":0,"player_choice":"Inject Mutagens","damage_taken":0,"relics_obtained":["MutagenicStrength"],"max_hp_gain":0,"max_hp_loss":0,"event_name":"Drug Dealer","floor":22,"gold_loss":0},{"damage_healed":0,"gold_gain":0,"player_choice":"Fought Bandits","damage_taken":0,"max_hp_gain":0,"max_hp_loss":0,"event_name":"Masked Bandits","floor":24,"gold_loss":0}],"is_beta":false,"boss_relics":[{"not_picked":["Coffee Dripper","Pandora\u0027s Box"],"picked":"animator:RacePiece"}],"items_purged_floors":[4,31],"is_endless":false,"potions_floor_spawned":[6,8,10,12,16,19,23,24,29],"killed_by":"Champ","ascension_level":0}}