{"host":"jbj9vjxoxc0v9q6j","time":1611614560,"event":{"mods":["BaseMod","Downfall","Minty Spire (QoL Compilation)","Replay The Spire","Shop Mod","StSLib","The Disciple","The Runesmith"],"gold_per_floor":[118,132,149,161,10,10,25,25,25,25,53,65,77,112,124,232,244,274,304,329,358,390,432,444,468,480,518,530,542,554,585,597,708,720,752,764,791,26,38,38,49,66,66,66,66,66],"floor_reached":45,"language":"ENG","playtime":7329,"items_purged":["Runesmith:Strike_RS"],"score":526,"play_id":"4f110717-cbb4-4ef6-a7f7-fbcad1ec3609","local_time":"20210125174240","is_ascension_mode":false,"campfire_choices":[{"data":"Runesmith:Fortify","floor":6,"key":"SMITH"},{"data":"Runesmith:LithiumIon","floor":8,"key":"SMITH"},{"data":"Runesmith:Grindstone","floor":12,"key":"SMITH"},{"data":"Runesmith:EnergizedChisel","floor":15,"key":"SMITH"},{"data":"Runesmith:BackupBattery","floor":24,"key":"SMITH"},{"floor":28,"key":"REST"},{"data":"Runesmith:ChargedHammer","floor":30,"key":"SMITH"},{"data":"Runesmith:BackupBattery+1","floor":32,"key":"SMITH"},{"data":"Runesmith:RunicBlueprint","floor":40,"key":"SMITH"}],"circlet_count":0,"master_deck":["Runesmith:Defend_RS","Runesmith:Defend_RS","Runesmith:Defend_RS","Runesmith:CraftFirestone","Runesmith:Fortify+1","Runesmith:HammerAndChisel","Runesmith:HeatedChisel","Runesmith:UnstableHammer","Runesmith:BackupBattery+2","Runesmith:LithiumIon+1","Runesmith:EnergizedChisel+1","Runesmith:Grindstone+1","Runesmith:CraftMagma","Runesmith:ArcReactor","Runesmith:Superposition+1","Runesmith:HammerThrow+1","Runesmith:CraftVitae+1","Runesmith:CraftMagma","Runesmith:LithiumIon+1","Runesmith:LithiumIon","Runesmith:EarthShield+1","Runesmith:CraftObretio","Runesmith:EarthShield+1","Runesmith:ChargedHammer+1","Bite","Bite","Bite","Bite","Bite","Runesmith:CraftObretio+1","Runesmith:HammerTime+1","Pot Of Greed","Pot Of Greed","Pot Of Greed","Runesmith:RunicBlueprint+1"],"relics":["Runesmith:BrokenRuby","Meat on the Bone","MawBank","Ring of Misfortune","Ring of Searing","Odd Mushroom","Astrolabe","InkBottle","Unceasing Top","Runesmith:AutoHammer","Runic Pyramid","Calipers","Strange Spoon","Grinning Jar","Golden Egg"],"acts_visited":["Exordium","TheCity","TheBeyond"],"potions_floor_usage":[33,33,33,38],"damage_taken":[{"damage":1,"enemies":"Jaw Worm","floor":1,"turns":4},{"damage":0,"enemies":"Cultist","floor":2,"turns":4},{"damage":0,"enemies":"Small Slimes","floor":3,"turns":5},{"damage":4,"enemies":"Looter","floor":4,"turns":3},{"damage":4,"enemies":"2 Fungi Beasts","floor":7,"turns":4},{"damage":19,"enemies":"Gremlin Gang","floor":11,"turns":5},{"damage":16,"enemies":"The Mushroom Lair","floor":14,"turns":5},{"damage":7,"enemies":"Fading Forest","floor":16,"turns":11},{"damage":10,"enemies":"Spheric Guardian","floor":18,"turns":4},{"damage":10,"enemies":"2 Thieves","floor":19,"turns":4},{"damage":5,"enemies":"Centurion and Healer","floor":20,"turns":9},{"damage":25,"enemies":"Shelled Parasite and Fungi","floor":21,"turns":6},{"damage":5,"enemies":"Snecko","floor":22,"turns":5},{"damage":7,"enemies":"Book of Stabbing","floor":23,"turns":8},{"damage":8,"enemies":"Centurion and Healer","floor":25,"turns":9},{"damage":38,"enemies":"Slavers","floor":27,"turns":7},{"damage":6,"enemies":"Cultist and Chosen","floor":31,"turns":9},{"damage":34,"enemies":"Automaton","floor":33,"turns":8},{"damage":44,"enemies":"3 Darklings","floor":35,"turns":6},{"damage":18,"enemies":"3 Shapes","floor":37,"turns":4},{"damage":0,"enemies":"Transient","floor":39,"turns":5},{"damage":1,"enemies":"Writhing Mass","floor":41,"turns":6},{"damage":15,"enemies":"Sphere and 2 Shapes","floor":42,"turns":6},{"damage":45,"enemies":"Nemesis","floor":45,"turns":7}],"seed_played":"5790825547585969739","potions_obtained":[{"floor":1,"key":"Strength Potion"},{"floor":3,"key":"Reflective Coating"},{"floor":11,"key":"Elixir"},{"floor":16,"key":"Explosive Potion"},{"floor":23,"key":"LiquidMemories"},{"floor":27,"key":"Block Potion"},{"floor":35,"key":"ColorlessPotion"},{"floor":37,"key":"Explosive Potion"}],"is_trial":false,"path_per_floor":["M","M","M","M","$","R","M","R","T","?","M","R","?","?","R","B",null,"M","M","M","M","M","E","R","M","T","E","R","?","R","M","R","B",null,"M","?","M","$","M","R","M","M","T","$","E"],"character_chosen":"RUNESMITH_CLASS","items_purchased":["Runesmith:LithiumIon","Calipers","Strange Spoon","Grinning Jar","Runesmith:RunicBlueprint","Fruit Juice"],"campfire_rested":1,"item_purchase_floors":[5,38,38,38,38,38],"current_hp_per_floor":[74,74,74,70,70,70,66,66,66,66,47,47,47,43,43,58,75,65,55,50,37,44,49,49,41,41,15,37,37,37,37,37,25,52,24,24,23,28,38,38,39,30,30,30,0,0],"gold":66,"neow_bonus":"RANDOM_EVENT","is_daily":false,"chose_seed":false,"campfire_upgraded":8,"win_rate":0.0,"timestamp":1611614560,"path_taken":["M","M","M","M","$","R","M","R","T","?","?","R","?","?","R","BOSS","M","M","M","M","M","E","R","M","T","E","R","?","R","M","R","BOSS","M","?","M","$","M","R","M","M","T","$","E"],"items_purchased_type":["Card","Relic","Relic","Relic","Card","Potion"],"build_version":"2020-12-22","purchased_purges":1,"victory":false,"max_hp_per_floor":[75,75,75,75,75,75,75,75,75,75,75,75,75,75,75,75,75,75,75,75,75,75,75,75,75,75,75,75,52,52,52,52,52,52,52,52,52,57,57,57,57,57,57,57,57,57],"card_choices":[{"not_picked":["Runesmith:NegativeSpace","Runesmith:CraftSpiculum"],"picked":"Runesmith:HammerAndChisel","floor":1},{"not_picked":["Runesmith:Attraction","Runesmith:CraftProtectio"],"picked":"Runesmith:HeatedChisel","floor":2},{"not_picked":["Runesmith:CraftProtectio","Runesmith:Attraction"],"picked":"Runesmith:UnstableHammer","floor":3},{"not_picked":["Runesmith:PerfectChisel","Runesmith:Attraction"],"picked":"Runesmith:BackupBattery","floor":4},{"not_picked":["Runesmith:NanitesCloud","Runesmith:Electrocute"],"picked":"Runesmith:EnergizedChisel","floor":7},{"not_picked":["Runesmith:ChiselStab","Runesmith:Terraform"],"picked":"Runesmith:Grindstone","floor":11},{"not_picked":["Runesmith:Overpower","Runesmith:CraftProtectio"],"picked":"Runesmith:CraftMagma","floor":14},{"not_picked":["Runesmith:ReplicatingBarrier","Runesmith:Duplicate"],"picked":"Runesmith:ArcReactor","floor":16},{"not_picked":["Runesmith:HeatExchange","Runesmith:CraftProtectio"],"picked":"Runesmith:CraftMagma","floor":18},{"not_picked":["Runesmith:Repurpose","Runesmith:HammerThrow"],"picked":"Runesmith:LithiumIon+1","floor":19},{"not_picked":["Runesmith:RuneHurl+1","Runesmith:HammerAndChisel"],"picked":"Runesmith:LithiumIon","floor":20},{"not_picked":["Runesmith:UnstableHammer+1","Runesmith:Duplicate"],"picked":"Runesmith:EarthShield+1","floor":21},{"not_picked":["Runesmith:Empowerment","Runesmith:ChiselStab"],"picked":"Runesmith:CraftObretio","floor":22},{"not_picked":["Runesmith:Attraction","Runesmith:NegativeSpace"],"picked":"Runesmith:EarthShield+1","floor":23},{"not_picked":["Runesmith:FieryHammer+1","Runesmith:ElementalConversion","Runesmith:Accelerate"],"picked":"SKIP","floor":25},{"not_picked":["Runesmith:DuctTape","Runesmith:RuneHurl"],"picked":"Runesmith:ChargedHammer","floor":27},{"not_picked":["Runesmith:Repurpose","Runesmith:HammerThrow+1"],"picked":"Runesmith:CraftObretio+1","floor":31},{"not_picked":["Runesmith:MakeshiftArmor","Runesmith:StaticCage+1"],"picked":"Runesmith:HammerTime+1","floor":35},{"not_picked":["Runesmith:StaticCage","Runesmith:Attraction","Runesmith:Superposition"],"picked":"SKIP","floor":37},{"not_picked":["Runesmith:CraftReservo","Runesmith:FrozenChisel","Runesmith:StaticCage"],"picked":"SKIP","floor":39},{"not_picked":["Runesmith:MakeshiftArmor","Runesmith:Discharge+1","Runesmith:CraftProtectio+1"],"picked":"SKIP","floor":41},{"not_picked":["Runesmith:EnergizedChisel+1","Runesmith:ElementalConversion+1","Runesmith:HammerThrow"],"picked":"SKIP","floor":42}],"player_experience":1953452,"relics_obtained":[{"floor":9,"key":"Meat on the Bone"},{"floor":13,"key":"Ring of Misfortune"},{"floor":13,"key":"Ring of Searing"},{"floor":14,"key":"Odd Mushroom"},{"floor":23,"key":"InkBottle"},{"floor":26,"key":"Unceasing Top"},{"floor":27,"key":"Runesmith:AutoHammer"},{"floor":43,"key":"Golden Egg"}],"event_choices":[{"damage_healed":0,"gold_gain":0,"player_choice":"Donut","damage_taken":0,"max_hp_gain":5,"max_hp_loss":0,"event_name":"Big Fish","floor":0,"gold_loss":0},{"damage_healed":0,"gold_gain":0,"player_choice":"Gave Potion","damage_taken":0,"relics_obtained":["MawBank"],"max_hp_gain":0,"max_hp_loss":0,"event_name":"WeMeetAgain","floor":10,"gold_loss":0},{"damage_healed":0,"gold_gain":0,"player_choice":"Fought Mushrooms","damage_taken":0,"max_hp_gain":0,"max_hp_loss":0,"event_name":"Mushrooms","floor":14,"gold_loss":0},{"damage_healed":0,"gold_gain":0,"player_choice":"Became a vampire","damage_taken":0,"max_hp_gain":0,"max_hp_loss":23,"event_name":"Vampires","floor":29,"gold_loss":0,"cards_obtained":["Bite","Bite","Bite","Bite","Bite"]},{"damage_healed":0,"gold_gain":0,"player_choice":"Ignored","damage_taken":0,"max_hp_gain":0,"max_hp_loss":0,"event_name":"Tomb of Lord Red Mask","floor":36,"gold_loss":0}],"is_beta":false,"boss_relics":[{"not_picked":["Runic Dome","Ring of Chaos"],"picked":"Astrolabe"},{"not_picked":["SacredBark","Replay:Drink Me"],"picked":"Runic Pyramid"}],"items_purged_floors":[5],"is_endless":false,"potions_floor_spawned":[1,3,11,16,18,20,23,25,27,31,35,37],"killed_by":"Nemesis","ascension_level":0}}