{"host":"09xy7x44mql7nhdq","time":1611603501,"event":{"mods":["AchievementEnabler","BaseMod","Colored Map","Colored Powertips","Filter the Spire","Minty Spire (QoL Compilation)","Quick Restart","Relic Stats","Slay the Relics Exporter","everything is the same but u backflip on backflip","ojb\u0027s Better Paths Mod","ojb\u0027s Info Mod","slay the spire mod where everything is the same but ironclad has a cowboy hat"],"gold_per_floor":[109,109,124,124,138,138,167,132,132,132,148,48,67,83,83,160,160,171,171,171,185,185,185],"floor_reached":22,"language":"ENG","playtime":1196,"items_purged":["Pain"],"score":372,"play_id":"66a5a45f-3bf5-4cf4-a710-1f53d2473309","local_time":"20210125143821","is_ascension_mode":true,"campfire_choices":[{"data":"Choke","floor":6,"key":"SMITH"},{"data":"Blade Dance","floor":15,"key":"SMITH"}],"circlet_count":0,"master_deck":["AscendersBane","Strike_G","Strike_G","Strike_G","Defend_G","Defend_G","Defend_G","Defend_G","Survivor","Neutralize","Dagger Spray","Choke+1","PiercingWail","Blade Dance+1","Cloak And Dagger","Calculated Gamble","Malaise","Leg Sweep","Backflip+1"],"relics":["Empty Cage","StrikeDummy","White Beast Statue","WarpedTongs","SlaversCollar","Nilry\u0027s Codex","CaptainsWheel"],"acts_visited":["Exordium","TheCity"],"potions_floor_usage":[7,7,16,18,22,22],"damage_taken":[{"damage":1,"enemies":"2 Louse","floor":1,"turns":6},{"damage":7,"enemies":"Cultist","floor":3,"turns":5},{"damage":2,"enemies":"Jaw Worm","floor":5,"turns":4},{"damage":26,"enemies":"3 Sentries","floor":7,"turns":15},{"damage":8,"enemies":"Lots of Slimes","floor":11,"turns":2},{"damage":0,"enemies":"Large Slime","floor":13,"turns":2},{"damage":0,"enemies":"Looter","floor":14,"turns":1},{"damage":14,"enemies":"Slime Boss","floor":16,"turns":7},{"damage":12,"enemies":"Chosen","floor":18,"turns":4},{"damage":7,"enemies":"3 Byrds","floor":21,"turns":6},{"damage":20,"enemies":"Cultist and Chosen","floor":22,"turns":6}],"seed_played":"-6783063950350310374","potions_obtained":[{"floor":3,"key":"CunningPotion"},{"floor":5,"key":"Energy Potion"},{"floor":7,"key":"CunningPotion"},{"floor":11,"key":"Weak Potion"},{"floor":13,"key":"DistilledChaos"},{"floor":16,"key":"Weak Potion"},{"floor":18,"key":"Poison Potion"},{"floor":21,"key":"AttackPotion"}],"is_trial":false,"path_per_floor":["M","?","M","?","M","R","E","?","T","?","M","$","M","M","R","B",null,"M","?","?","M","M"],"character_chosen":"THE_SILENT","items_purchased":["Cloak And Dagger"],"campfire_rested":0,"item_purchase_floors":[12],"current_hp_per_floor":[58,63,56,56,54,54,28,45,45,45,37,37,37,37,37,23,59,47,26,26,19,0,0],"gold":185,"neow_bonus":"BOSS_RELIC","is_daily":false,"chose_seed":false,"campfire_upgraded":2,"win_rate":0.0,"timestamp":1611603501,"path_taken":["M","?","M","?","?","R","E","?","T","?","?","$","M","M","R","BOSS","M","?","?","M","M"],"items_purchased_type":["Card"],"build_version":"2020-12-22","purchased_purges":1,"victory":false,"max_hp_per_floor":[66,71,71,71,71,71,71,71,71,71,71,71,71,71,71,71,71,71,71,71,71,71,71],"relic_stats":{"counters":[11,58],"obtain_stats":[{"SlaversCollar":17,"CaptainsWheel":20,"Nilry\u0027s Codex":19,"Empty Cage":0,"StrikeDummy":7,"White Beast Statue":9,"Ring of the Snake":0,"WarpedTongs":10},{"SlaversCollar":8,"CaptainsWheel":9,"Nilry\u0027s Codex":9,"Empty Cage":0,"StrikeDummy":4,"White Beast Statue":4,"Ring of the Snake":0,"WarpedTongs":4},{"SlaversCollar":42,"CaptainsWheel":46,"Nilry\u0027s Codex":46,"Empty Cage":0,"StrikeDummy":30,"White Beast Statue":30,"Ring of the Snake":0,"WarpedTongs":30}],"WarpedTongs":[28]},"card_choices":[{"not_picked":["Bane","Flying Knee"],"picked":"Dagger Spray","floor":1},{"not_picked":["Underhanded Strike","Heel Hook"],"picked":"Choke","floor":3},{"not_picked":["Deadly Poison","Quick Slash","Underhanded Strike"],"picked":"SKIP","floor":5},{"not_picked":["Bane","Eviscerate"],"picked":"PiercingWail","floor":7},{"not_picked":["Choke","Flying Knee"],"picked":"Blade Dance","floor":11},{"not_picked":["Tactician","Backstab"],"picked":"Calculated Gamble","floor":13},{"not_picked":["Calculated Gamble","Heel Hook","Dagger Spray"],"picked":"SKIP","floor":14},{"not_picked":["Calculated Gamble","Heel Hook","Dagger Spray"],"picked":"SKIP","floor":14},{"not_picked":["Unload","Glass Knife"],"picked":"Malaise","floor":16},{"not_picked":["Bane","Predator"],"picked":"Leg Sweep","floor":18},{"not_picked":["Eviscerate","Deadly Poison"],"picked":"Backflip+1","floor":21}],"player_experience":1102487,"relics_obtained":[{"floor":7,"key":"StrikeDummy"},{"floor":9,"key":"White Beast Statue"},{"floor":19,"key":"Nilry\u0027s Codex"}],"event_choices":[{"damage_healed":0,"gold_gain":0,"player_choice":"Donut","damage_taken":0,"max_hp_gain":5,"max_hp_loss":0,"event_name":"Big Fish","floor":2,"gold_loss":0},{"cards_removed":["Strike_G"],"damage_healed":0,"gold_gain":0,"player_choice":"Offered Basic","damage_taken":0,"max_hp_gain":0,"max_hp_loss":0,"event_name":"Bonfire Elementals","floor":4,"gold_loss":0},{"damage_healed":17,"gold_gain":0,"player_choice":"Healed","damage_taken":0,"max_hp_gain":0,"max_hp_loss":0,"event_name":"The Cleric","floor":8,"gold_loss":35},{"damage_healed":0,"gold_gain":0,"player_choice":"Rummage","damage_taken":0,"relics_obtained":["WarpedTongs"],"max_hp_gain":0,"max_hp_loss":0,"event_name":"Accursed Blacksmith","floor":10,"gold_loss":0,"cards_obtained":["Pain"]},{"damage_healed":0,"gold_gain":0,"player_choice":"Obtained Book","damage_taken":21,"max_hp_gain":0,"max_hp_loss":0,"event_name":"Cursed Tome","floor":19,"gold_loss":0},{"damage_healed":0,"gold_gain":0,"player_choice":"Gave Potion","damage_taken":0,"relics_obtained":["CaptainsWheel"],"max_hp_gain":0,"max_hp_loss":0,"event_name":"WeMeetAgain","floor":20,"gold_loss":0}],"is_beta":false,"boss_relics":[{"not_picked":["Tiny House","Snecko Eye"],"picked":"SlaversCollar"}],"items_purged_floors":[12],"is_endless":false,"potions_floor_spawned":[3,5,7,11,13,14,16,18,21],"killed_by":"Cultist and Chosen","ascension_level":20}}