{"host":"q206iib20se9i6w7","time":1611548469,"event":{"mods":["AchievementEnabler","BaseMod","Bestiary","Block Reminder","Colored Map","Colored Powertips","Curses Come First","Highlight Path","Key Reminder","Minty Spire (QoL Compilation)","Quick Restart","Random Character Button","Relic Stats","StSLib","SuperFastMode","Unceasing Turn Reminder"],"gold_per_floor":[113,137,137,62,90,133,133,133,133],"floor_reached":8,"language":"ENG","playtime":307,"items_purged":["Strike_G"],"score":78,"play_id":"9bb62880-8b0c-49b1-aff2-f23ac554c2d5","local_time":"20210124222109","is_ascension_mode":true,"campfire_choices":[{"floor":7,"key":"REST"}],"circlet_count":0,"master_deck":["Strike_G","Strike_G","Strike_G","Strike_G","Defend_G","Defend_G","Defend_G","Defend_G","Defend_G","Survivor","Neutralize","CurseOfTheBell","Blur","Skewer","Blade Dance"],"relics":["Calling Bell","Bag of Marbles","Singing Bowl","The Specimen","CeramicFish","The Courier"],"acts_visited":["Exordium"],"potions_floor_usage":[],"damage_taken":[{"damage":8,"enemies":"Cultist","floor":1,"turns":6},{"damage":5,"enemies":"Small Slimes","floor":5,"turns":7},{"damage":48,"enemies":"Gremlin Nob","floor":6,"turns":7},{"damage":27,"enemies":"3 Sentries","floor":8,"turns":7}],"seed_played":"4066068130925880333","potions_obtained":[{"floor":1,"key":"Strength Potion"}],"is_trial":false,"path_per_floor":["M","T","?","$","M","E","R","E"],"character_chosen":"THE_SILENT","items_purchased":[],"campfire_rested":1,"item_purchase_floors":[],"current_hp_per_floor":[55,55,55,55,50,2,23,0,0],"gold":133,"neow_bonus":"BOSS_RELIC","is_daily":false,"chose_seed":false,"campfire_upgraded":0,"win_rate":0.0,"timestamp":1611548469,"path_taken":["M","?","?","?","?","E","R","E"],"items_purchased_type":[],"build_version":"2020-12-22","purchased_purges":1,"victory":false,"max_hp_per_floor":[70,70,70,70,70,70,70,70,70],"relic_stats":{"Singing Bowl":0,"counters":[4,27],"CeramicFish":18,"obtain_stats":[{"Calling Bell":0,"Singing Bowl":0,"The Specimen":0,"CeramicFish":2,"The Courier":6,"Bag of Marbles":0,"Ring of the Snake":0},{"Calling Bell":0,"Singing Bowl":0,"The Specimen":0,"CeramicFish":1,"The Courier":3,"Bag of Marbles":0,"Ring of the Snake":0},{"Calling Bell":0,"Singing Bowl":0,"The Specimen":0,"CeramicFish":6,"The Courier":20,"Bag of Marbles":0,"Ring of the Snake":0}]},"card_choices":[{"not_picked":["Caltrops","Underhanded Strike"],"picked":"Blur","floor":1},{"not_picked":["Dodge and Roll","Quick Slash"],"picked":"Skewer","floor":5},{"not_picked":["Calculated Gamble","Slice"],"picked":"Blade Dance","floor":6}],"player_experience":272123,"relics_obtained":[{"floor":0,"key":"Bag of Marbles"},{"floor":0,"key":"Singing Bowl"},{"floor":0,"key":"The Specimen"},{"floor":2,"key":"CeramicFish"},{"floor":6,"key":"The Courier"}],"event_choices":[{"damage_healed":0,"gold_gain":0,"player_choice":"Ignored","damage_taken":0,"max_hp_gain":0,"max_hp_loss":0,"event_name":"Liars Game","floor":3,"gold_loss":0}],"is_beta":false,"boss_relics":[],"items_purged_floors":[4],"is_endless":false,"potions_floor_spawned":[1],"killed_by":"3 Sentries","ascension_level":9}}