{"host":"36umirwmj0u9xjg7","time":1611599115,"event":{"mods":["Aspiration","BaseMod","CCEM","Downfall","Minty Spire (QoL Compilation)","Reliquary","Replay The Spire","StS++","StSLib","The Construct","The Gatherer","The Necromancer","The Runesmith"],"gold_per_floor":[110,110,17,29,47,81,93,93,93,106,52,52,52,52,52,152,152,166,166,180,199,44,44,7,38,38,38,38,49,49,62,62,158,158,168,168,179,191,210,210,210,223,246,246,269,285,285,285,313,90,90,90,90],"floor_reached":52,"language":"ENG","playtime":2829,"items_purged":["Conclude"],"score":527,"play_id":"9e9222a3-9ea8-48db-a8ea-79e42329bdc1","local_time":"20210125192515","is_ascension_mode":false,"campfire_choices":[{"data":"Eruption","floor":8,"key":"SMITH"},{"floor":12,"key":"REST"},{"floor":15,"key":"DIG"},{"data":"Establishment","floor":23,"key":"SMITH"},{"floor":28,"key":"REST"},{"data":"BattleHymn","floor":30,"key":"SMITH"},{"data":"Perseverance","floor":32,"key":"SMITH"},{"data":"Replay:LoomingThreat","floor":44,"key":"SMITH"},{"data":"BowlingBash","floor":47,"key":"SMITH"},{"data":"Replay:Hum","floor":51,"key":"SMITH"}],"circlet_count":0,"master_deck":["Strike_P","Strike_P","Defend_P","Defend_P","Defend_P+1","Defend_P","Eruption+1","Vigilance+1","CrushJoints","Evaluate","Replay:ManipulateFuture","BattleHymn+1","EmptyFist","FlyingSleeves+1","Protect","Establishment+1","Replay:Hum+1","FollowUp+1","Evaluate+1","Replay:DivineShield","BowlingBash+1","Perseverance+1","LessonLearned","CutThroughFate","SandsOfTime+1","Protect","Replay:LoomingThreat+1","Parasite","StSpp:TimeDodge"],"relics":["PureWater","ReplayTheSpireMod:TigerMarble","CCEMRelics:FryingPan","Oddly Smooth Stone","Eternal Feather","reliquary:PrincelyHelmet","Black Star","Happy Flower","Prayer Wheel","Nunchaku","HornCleat","Philosopher\u0027s Stone","reliquary:ExpiredCoupon","aspiration:Lifesprig","CCEMRelics:OrganicArmor","reliquary:SilkGlove","CCEMRelics:SpiritsEdge"],"acts_visited":["Exordium","TheCity","TheBeyond"],"potions_floor_usage":[29,38,52,52],"damage_taken":[{"damage":2,"enemies":"Small Slimes","floor":1,"turns":3},{"damage":4,"enemies":"Cultist","floor":4,"turns":4},{"damage":0,"enemies":"Jaw Worm","floor":5,"turns":5},{"damage":25,"enemies":"Lagavulin","floor":6,"turns":7},{"damage":0,"enemies":"3 Louse","floor":7,"turns":4},{"damage":9,"enemies":"Gremlin Gang","floor":10,"turns":3},{"damage":34,"enemies":"Fading Forest","floor":16,"turns":11},{"damage":14,"enemies":"2 Thieves","floor":18,"turns":4},{"damage":12,"enemies":"Spheric Guardian","floor":20,"turns":5},{"damage":22,"enemies":"Snake Plant","floor":21,"turns":5},{"damage":27,"enemies":"Replay:Snechameleon","floor":25,"turns":7},{"damage":12,"enemies":"Cultist and Chosen","floor":29,"turns":4},{"damage":0,"enemies":"Centurion and Healer","floor":31,"turns":4},{"damage":23,"enemies":"Automaton","floor":33,"turns":12},{"damage":13,"enemies":"3 Shapes","floor":35,"turns":8},{"damage":12,"enemies":"3 Darklings","floor":37,"turns":5},{"damage":9,"enemies":"Spire Growth","floor":38,"turns":4},{"damage":0,"enemies":"4 Shapes","floor":39,"turns":4},{"damage":0,"enemies":"3 Darklings","floor":42,"turns":7},{"damage":0,"enemies":"Writhing Mass","floor":46,"turns":6},{"damage":1,"enemies":"R_Hoarder","floor":49,"turns":7},{"damage":86,"enemies":"Replay:Hell Engine","floor":52,"turns":8}],"seed_played":"631956357911476544","potions_obtained":[{"floor":1,"key":"Death Potion"},{"floor":5,"key":"Reflective Coating"},{"floor":16,"key":"StSpp:SecondWindPotion"},{"floor":29,"key":"Elixir"},{"floor":35,"key":"SkillPotion"},{"floor":38,"key":"BottledMiracle"}],"is_trial":false,"path_per_floor":["M","?","$","M","M","E","M","R","T","M","$","R","T","?","R","B",null,"M","?","M","M","$","R","$","E","T","?","R","M","R","M","R","B",null,"M","?","M","M","M","PTL","PTL","M","T","R","T","M","R","?","E","$","R","B"],"character_chosen":"WATCHER","items_purchased":["Evaluate","Replay:ManipulateFuture","PathToVictory","Happy Flower","Replay:DivineShield","CCEMRelics:SpiritsEdge"],"campfire_rested":2,"item_purchase_floors":[3,3,11,22,24,50],"current_hp_per_floor":[70,70,70,66,66,41,41,41,41,32,32,53,53,46,55,21,72,58,63,51,29,29,41,41,14,14,21,54,42,54,54,66,43,72,59,59,47,38,38,38,38,38,38,53,53,53,68,68,67,67,72,0,0],"gold":90,"neow_bonus":"RANDOM_EVENT","is_daily":false,"chose_seed":false,"campfire_upgraded":7,"win_rate":0.0,"timestamp":1611599115,"path_taken":["M","?","?","M","M","E","?","R","T","M","$","R","?","?","R","BOSS","M","?","M","?","$","R","?","E","T","?","R","M","R","?","R","BOSS","M","?","?","M","M","PTL","PTL","?","?","R","T","M","R","?","E","$","R","BOSS"],"items_purchased_type":["Card","Card","Card","Relic","Card","Relic"],"build_version":"2020-12-22","purchased_purges":1,"victory":false,"max_hp_per_floor":[72,72,72,72,72,72,72,72,72,72,72,72,72,72,72,72,72,72,72,72,72,72,72,72,72,72,72,72,72,72,72,72,72,72,72,72,72,72,72,72,72,72,72,72,72,72,72,72,72,72,72,72,72],"card_choices":[{"not_picked":["Replay:Cycle","Worship"],"picked":"CrushJoints","floor":1},{"not_picked":["FlyingSleeves","Replay:BluntJabs"],"picked":"BattleHymn","floor":4},{"not_picked":["StSpp:TimeDodge","Worship"],"picked":"EmptyFist","floor":5},{"not_picked":["Sanctity","Worship"],"picked":"FlyingSleeves","floor":6},{"not_picked":["Replay:AtTheReady","FearNoEvil"],"picked":"Conclude","floor":7},{"not_picked":["WheelKick","Crescendo"],"picked":"Protect","floor":10},{"not_picked":["Brilliance","Judgement"],"picked":"Establishment","floor":16},{"not_picked":["Evaluate","LikeWater"],"picked":"Replay:Hum","floor":18},{"not_picked":["FlyingSleeves","StSpp:LatentStrike+1"],"picked":"FollowUp+1","floor":20},{"not_picked":["Wireheading","StSpp:Renounce"],"picked":"Evaluate","floor":21},{"not_picked":["FlurryOfBlows","BattleHymn"],"picked":"BowlingBash","floor":25},{"not_picked":["FlyingSleeves+1","CrushJoints+1","Study"],"picked":"SKIP","floor":29},{"not_picked":["InnerPeace","CrushJoints","EmptyBody"],"picked":"SKIP","floor":29},{"not_picked":["Meditate+1","Replay:ManipulateFuture"],"picked":"Perseverance","floor":31},{"not_picked":["StSpp:VitalPoint","CarveReality","Adaptation"],"picked":"SKIP","floor":31},{"not_picked":["Judgement","SpiritShield"],"picked":"LessonLearned","floor":33},{"not_picked":["StSpp:LatentStrike","Prostrate+1"],"picked":"CutThroughFate","floor":35},{"not_picked":["JustLucky+1","Evaluate+1"],"picked":"SandsOfTime+1","floor":35},{"not_picked":["CarveReality+1","MasterReality"],"picked":"Protect","floor":37},{"not_picked":["LikeWater","ThirdEye+1","Evaluate"],"picked":"SKIP","floor":37},{"not_picked":["Protect","Crescendo+1","StSpp:Renounce"],"picked":"SKIP","floor":38},{"not_picked":["StSpp:Renounce+1","SandsOfTime+1","Replay:BluntJabs"],"picked":"SKIP","floor":38},{"not_picked":["StSpp:TimeDodge+1","PathToVictory","CarveReality+1"],"picked":"SKIP","floor":39},{"not_picked":["CrushJoints+1","Prostrate","SashWhip"],"picked":"SKIP","floor":39},{"not_picked":["FlyingSleeves","StSpp:TimeDodge"],"picked":"Replay:LoomingThreat","floor":42},{"not_picked":["CrushJoints","Halt+1","Prostrate"],"picked":"SKIP","floor":42},{"not_picked":["Adaptation+1","ClearTheMind","ThirdEye"],"picked":"SKIP","floor":46},{"not_picked":["TalkToTheHand","Prostrate+1","FearNoEvil"],"picked":"SKIP","floor":46},{"not_picked":["Crescendo","Blasphemy","Vengeance+1"],"picked":"SKIP","floor":49}],"player_experience":139940,"relics_obtained":[{"floor":6,"key":"ReplayTheSpireMod:TigerMarble"},{"floor":9,"key":"CCEMRelics:FryingPan"},{"floor":13,"key":"Oddly Smooth Stone"},{"floor":15,"key":"reliquary:PrincelyHelmet"},{"floor":25,"key":"Prayer Wheel"},{"floor":25,"key":"Nunchaku"},{"floor":26,"key":"HornCleat"},{"floor":43,"key":"reliquary:ExpiredCoupon"},{"floor":45,"key":"aspiration:Lifesprig"},{"floor":49,"key":"CCEMRelics:OrganicArmor"},{"floor":49,"key":"reliquary:SilkGlove"}],"event_choices":[{"cards_removed":["Strike_P"],"damage_healed":0,"gold_gain":0,"player_choice":"Purged","damage_taken":0,"max_hp_gain":0,"max_hp_loss":0,"event_name":"Purifier","floor":2,"gold_loss":0},{"damage_healed":0,"gold_gain":0,"player_choice":"Success","damage_taken":7,"relics_obtained":["Eternal Feather"],"max_hp_gain":0,"max_hp_loss":0,"event_name":"Scrap Ooze","floor":14,"gold_loss":0},{"cards_removed":["PathToVictory"],"damage_healed":5,"gold_gain":0,"player_choice":"Offered Common","damage_taken":0,"max_hp_gain":0,"max_hp_loss":0,"event_name":"Bonfire Elementals","floor":19,"gold_loss":0},{"cards_removed":["PathToVictory"],"damage_healed":5,"gold_gain":0,"player_choice":"Offered Special","damage_taken":0,"max_hp_gain":0,"max_hp_loss":0,"event_name":"Bonfire Elementals","floor":19,"gold_loss":0},{"damage_healed":0,"gold_gain":0,"player_choice":"Bought 0 Potions","damage_taken":0,"max_hp_gain":0,"max_hp_loss":0,"event_name":"The Woman in Blue","floor":36,"gold_loss":0},{"damage_healed":0,"gold_gain":0,"player_choice":"1 cards matched","damage_taken":0,"max_hp_gain":0,"max_hp_loss":0,"event_name":"Match and Keep!","floor":48,"gold_loss":0,"cards_obtained":["StSpp:TimeDodge"]}],"is_beta":false,"boss_relics":[{"not_picked":["reliquary:WritOfMandamus","Kintsugi"],"picked":"Black Star"},{"not_picked":["Replay:Drink Me","CCEMRelics:GreenEgg"],"picked":"Philosopher\u0027s Stone"}],"items_purged_floors":[50],"is_endless":false,"potions_floor_spawned":[1,5,16,20,29,35,38,46],"killed_by":"Replay:Hell Engine","ascension_level":0}}