{"host":"jpcy2bclvs7juczu","time":1611576109,"event":{"mods":["Alarm Clock","BaseMod","Bestiary","Block Reminder","Colored Map","Colored Powertips","Curses Come First","Dark Map","Minty Spire (QoL Compilation)","Quick Restart","RNG Fix","Relic Stats","Slay the Relics Exporter","SpireBot","StSLib","ojb\u0027s Better Paths Mod","ojb\u0027s Info Mod","slay the spire mod where everything is the same but ironclad has a cowboy hat"],"gold_per_floor":[112,112,27,27,40,40,68,68,68,96,116,126,140,140,140,213,213,232,232,252,265,45,80,80,108,131,131,131,131],"floor_reached":28,"language":"ENG","playtime":1265,"items_purged":["Strike_G"],"score":632,"play_id":"36787aa6-17e8-4f2d-b6ea-947c98c4d7a0","local_time":"20210125070149","is_ascension_mode":true,"campfire_choices":[{"data":"Dagger Spray","floor":6,"key":"SMITH"},{"data":"Dash","floor":8,"key":"SMITH"},{"data":"Skewer","floor":15,"key":"SMITH"}],"circlet_count":0,"master_deck":["AscendersBane","Strike_G","Strike_G","Defend_G","Defend_G","Defend_G","Defend_G","Defend_G","Survivor","Neutralize","Dagger Spray+1","Dash+1","Burst","All Out Attack","Skewer+1","Adrenaline","Slice","Backstab","Infinite Blades","Prepared","Adrenaline"],"relics":["Ring of the Snake","NeowsBlessing","InkBottle","Omamori","Lantern","Letter Opener","Black Star","Shuriken","Mango","Dream Catcher","Pantograph","CaptainsWheel","MealTicket","Juzu Bracelet"],"acts_visited":["Exordium","TheCity"],"potions_floor_usage":[10,16,16,16,16,21,23,23,28],"damage_taken":[{"damage":0,"enemies":"Small Slimes","floor":1,"turns":1},{"damage":0,"enemies":"Cultist","floor":5,"turns":1},{"damage":0,"enemies":"3 Sentries","floor":7,"turns":1},{"damage":23,"enemies":"Lagavulin","floor":10,"turns":6},{"damage":0,"enemies":"2 Louse","floor":11,"turns":3},{"damage":3,"enemies":"Looter","floor":12,"turns":3},{"damage":0,"enemies":"Blue Slaver","floor":13,"turns":3},{"damage":14,"enemies":"Slime Boss","floor":16,"turns":8},{"damage":18,"enemies":"2 Thieves","floor":18,"turns":3},{"damage":9,"enemies":"Shell Parasite","floor":20,"turns":5},{"damage":5,"enemies":"Snake Plant","floor":21,"turns":3},{"damage":1,"enemies":"Book of Stabbing","floor":23,"turns":4},{"damage":0,"enemies":"Gremlin Leader","floor":25,"turns":5},{"damage":34,"enemies":"Book of Stabbing","floor":28,"turns":5}],"seed_played":"2273147355275492302","potions_obtained":[{"floor":5,"key":"ColorlessPotion"},{"floor":11,"key":"AttackPotion"},{"floor":12,"key":"Explosive Potion"},{"floor":13,"key":"EntropicBrew"},{"floor":18,"key":"SkillPotion"},{"floor":20,"key":"PowerPotion"},{"floor":25,"key":"BlessingOfTheForge"}],"is_trial":false,"path_per_floor":["M","?","$","?","M","R","E","R","T","E","M","M","M","?","R","B",null,"M","?","M","M","$","E","?","E","T","?","E"],"character_chosen":"THE_SILENT","items_purchased":["Dash","Infinite Blades","Energy Potion"],"campfire_rested":0,"item_purchase_floors":[3,22,22],"current_hp_per_floor":[59,48,48,48,48,48,48,48,48,25,25,22,22,22,22,8,52,34,34,25,20,20,33,33,33,33,33,0,0],"gold":131,"neow_bonus":"THREE_ENEMY_KILL","is_daily":false,"chose_seed":false,"campfire_upgraded":3,"win_rate":0.0,"timestamp":1611576109,"path_taken":["M","?","$","?","M","R","E","R","T","E","M","M","M","?","R","BOSS","M","?","M","M","$","E","?","E","T","?","E"],"items_purchased_type":["Card","Card","Potion"],"build_version":"2020-12-22","purchased_purges":1,"victory":false,"max_hp_per_floor":[66,66,66,66,66,66,66,66,66,66,66,66,66,66,66,66,66,66,66,66,66,66,80,80,80,80,80,80,80],"relic_stats":{"Dream Catcher":0,"counters":[14,51],"Shuriken":[14],"Pantograph":0,"MealTicket":0,"Black Star":2,"Juzu Bracelet":0,"Letter Opener":[46],"obtain_stats":[{"Lantern":9,"NeowsBlessing":0,"Mango":23,"Omamori":7,"Juzu Bracelet":27,"Letter Opener":10,"Dream Catcher":23,"CaptainsWheel":25,"Shuriken":19,"Pantograph":25,"MealTicket":26,"Black Star":17,"InkBottle":2,"Ring of the Snake":0},{"Lantern":3,"NeowsBlessing":0,"Mango":12,"Omamori":3,"Juzu Bracelet":13,"Letter Opener":4,"Dream Catcher":12,"CaptainsWheel":13,"Shuriken":9,"Pantograph":13,"MealTicket":13,"Black Star":8,"InkBottle":1,"Ring of the Snake":0},{"Lantern":3,"NeowsBlessing":0,"Mango":41,"Omamori":3,"Juzu Bracelet":46,"Letter Opener":9,"Dream Catcher":41,"CaptainsWheel":46,"Shuriken":29,"Pantograph":46,"MealTicket":46,"Black Star":26,"InkBottle":1,"Ring of the Snake":0}],"InkBottle":[17],"Ring of the Snake":[28]},"card_choices":[{"not_picked":["Outmaneuver","Dagger Throw"],"picked":"Dagger Spray","floor":1},{"not_picked":["Blur","Flechettes"],"picked":"Quick Slash","floor":5},{"not_picked":["Dodge and Roll","Cloak And Dagger","Deflect"],"picked":"SKIP","floor":7},{"not_picked":["Bane","Setup","Underhanded Strike"],"picked":"SKIP","floor":10},{"not_picked":["Slice","Cloak And Dagger"],"picked":"Burst","floor":11},{"not_picked":["Deflect","Riddle With Holes"],"picked":"All Out Attack","floor":12},{"not_picked":["Blade Dance","PiercingWail"],"picked":"Skewer","floor":13},{"not_picked":["Glass Knife","Phantasmal Killer"],"picked":"Adrenaline","floor":16},{"not_picked":["Dodge and Roll","Sucker Punch","Expertise+1"],"picked":"SKIP","floor":18},{"not_picked":["Quick Slash","Dagger Throw"],"picked":"Slice","floor":20},{"not_picked":["Underhanded Strike","Prepared"],"picked":"Backstab","floor":21},{"not_picked":["Slice","Expertise"],"picked":"Prepared","floor":23},{"not_picked":["Slice","Expertise"],"picked":"Adrenaline","floor":25}],"player_experience":1485830,"relics_obtained":[{"floor":7,"key":"Omamori"},{"floor":9,"key":"Lantern"},{"floor":10,"key":"Letter Opener"},{"floor":23,"key":"Mango"},{"floor":23,"key":"Dream Catcher"},{"floor":25,"key":"Pantograph"},{"floor":25,"key":"CaptainsWheel"},{"floor":26,"key":"MealTicket"}],"event_choices":[{"damage_healed":0,"gold_gain":0,"player_choice":"Success","damage_taken":11,"relics_obtained":["InkBottle"],"max_hp_gain":0,"max_hp_loss":0,"event_name":"Scrap Ooze","floor":2,"gold_loss":0},{"cards_removed":["Strike_G"],"damage_healed":0,"gold_gain":0,"player_choice":"Card Removal","damage_taken":0,"max_hp_gain":0,"max_hp_loss":0,"event_name":"Wheel of Change","floor":4,"gold_loss":0},{"cards_removed":["Strike_G"],"damage_healed":0,"gold_gain":0,"player_choice":"Purged","damage_taken":0,"max_hp_gain":0,"max_hp_loss":0,"event_name":"Purifier","floor":14,"gold_loss":0},{"cards_removed":["Quick Slash"],"damage_healed":0,"gold_gain":0,"player_choice":"Gave Card","damage_taken":0,"relics_obtained":["Shuriken"],"max_hp_gain":0,"max_hp_loss":0,"event_name":"WeMeetAgain","floor":19,"gold_loss":0},{"damage_healed":0,"gold_gain":0,"player_choice":"Smashed Altar","damage_taken":0,"max_hp_gain":0,"max_hp_loss":0,"event_name":"Forgotten Altar","floor":24,"gold_loss":0,"cards_obtained":["Decay"]},{"damage_healed":0,"gold_gain":0,"player_choice":"Stole Relic","damage_taken":0,"relics_obtained":["Juzu Bracelet"],"max_hp_gain":0,"max_hp_loss":0,"event_name":"Addict","floor":27,"gold_loss":0,"cards_obtained":["Shame"]}],"is_beta":false,"boss_relics":[{"not_picked":["Ring of the Serpent","Tiny House"],"picked":"Black Star"}],"items_purged_floors":[22],"is_endless":false,"potions_floor_spawned":[5,11,12,13,18,20,25],"killed_by":"Book of Stabbing","ascension_level":20}}