{"host":"qekv59dthhdg54sz","time":1611544125,"event":{"mods":["AchievementEnabler","BaseMod","Colored Map","DeckTracker","KOR Keyword Fix","Minty Spire (QoL Compilation)","Rare Cards Sparkle","StSLib","SuperFastMode"],"gold_per_floor":[113,131,131,149,128,128,153,153,153,153,173,173,22,22,22,22,22],"floor_reached":16,"language":"KOR","playtime":261,"items_purged":["Strike_G"],"score":200,"play_id":"53d5c397-8045-49c4-9f2e-4d7d2f6b544d","local_time":"20210125120845","is_ascension_mode":true,"campfire_choices":[{"data":"Concentrate","floor":6,"key":"SMITH"},{"floor":8,"key":"REST"},{"data":"Eviscerate","floor":10,"key":"SMITH"},{"data":"Neutralize","floor":12,"key":"SMITH"},{"floor":15,"key":"REST"}],"circlet_count":0,"master_deck":["AscendersBane","Strike_G","Strike_G","Strike_G","Strike_G","Defend_G","Defend_G","Defend_G","Defend_G","Defend_G","Survivor","Neutralize+1","Acrobatics+1","Eviscerate+1","Concentrate+1","Blur","Reflex+1"],"relics":["Ring of the Snake","NeowsBlessing","Anchor","Potion Belt"],"acts_visited":["Exordium"],"potions_floor_usage":[7],"damage_taken":[{"damage":0,"enemies":"Jaw Worm","floor":1,"turns":1},{"damage":0,"enemies":"Cultist","floor":2,"turns":1},{"damage":0,"enemies":"2 Louse","floor":4,"turns":1},{"damage":19,"enemies":"Exordium Thugs","floor":5,"turns":5},{"damage":37,"enemies":"Lagavulin","floor":7,"turns":9},{"damage":13,"enemies":"3 Louse","floor":11,"turns":4},{"damage":2,"enemies":"Hexaghost","floor":16,"turns":9}],"seed_played":"3546976717690236044","potions_obtained":[{"floor":1,"key":"Regen Potion"},{"floor":5,"key":"BlessingOfTheForge"}],"is_trial":false,"path_per_floor":["M","M","?","M","M","R","E","R","T","R","M","R","$","?","R","B"],"character_chosen":"THE_SILENT","items_purchased":["Reflex"],"campfire_rested":2,"item_purchase_floors":[13],"current_hp_per_floor":[59,59,59,59,40,40,3,22,22,22,9,9,9,9,28,26,26],"gold":22,"neow_bonus":"THREE_ENEMY_KILL","is_daily":false,"chose_seed":false,"campfire_upgraded":3,"win_rate":0.0,"timestamp":1611544125,"path_taken":["M","M","?","?","M","R","E","R","T","R","M","R","$","?","R","BOSS"],"items_purchased_type":["Card"],"build_version":"2020-12-22","purchased_purges":1,"victory":false,"max_hp_per_floor":[66,66,66,66,66,66,66,66,66,66,66,66,66,66,66,66,66],"card_choices":[{"not_picked":["PiercingWail","Slice"],"picked":"Acrobatics","floor":1},{"not_picked":["Cloak And Dagger","Dodge and Roll","Acrobatics"],"picked":"SKIP","floor":2},{"not_picked":["Underhanded Strike","Poisoned Stab"],"picked":"Eviscerate","floor":4},{"not_picked":["Underhanded Strike","Blade Dance"],"picked":"Concentrate","floor":5},{"not_picked":["Outmaneuver","Storm of Steel","Deadly Poison"],"picked":"SKIP","floor":7},{"not_picked":["Sucker Punch","Distraction"],"picked":"Blur","floor":11}],"player_experience":823476,"relics_obtained":[{"floor":7,"key":"Anchor"},{"floor":9,"key":"Potion Belt"}],"event_choices":[{"damage_healed":0,"gold_gain":0,"player_choice":"Upgraded","damage_taken":0,"max_hp_gain":0,"max_hp_loss":0,"event_name":"Upgrade Shrine","floor":3,"gold_loss":0,"cards_upgraded":["Acrobatics"]},{"damage_healed":0,"gold_gain":0,"player_choice":"Forge","damage_taken":0,"max_hp_gain":0,"max_hp_loss":0,"event_name":"Accursed Blacksmith","floor":14,"gold_loss":0,"cards_upgraded":["Reflex"]}],"is_beta":false,"boss_relics":[],"items_purged_floors":[13],"is_endless":false,"potions_floor_spawned":[1,5],"killed_by":"Hexaghost","ascension_level":20}}