{"host":"qdfumeom6htv8yxl","time":1611539890,"event":{"mods":["AchievementEnabler","BaseMod","Bestiary","Block Reminder","Minty Spire (QoL Compilation)","Quick Restart","Relic Stats"],"gold_per_floor":[110,110,110,128,93,118,118,128,210,245,245,245,245,261,261,335,335,354,374,392,404,319,319,319,319,319,354,354,354],"floor_reached":28,"language":"ENG","playtime":1292,"items_purged":[],"score":515,"play_id":"2d3c9306-aae4-4b53-b983-76a33869d001","local_time":"20210124195810","is_ascension_mode":true,"campfire_choices":[{"data":"Genetic Algorithm","floor":7.0,"key":"SMITH"},{"data":"Rip and Tear","floor":12.0,"key":"SMITH"},{"floor":15.0,"key":"REST"},{"floor":23.0,"key":"REST"}],"circlet_count":0,"master_deck":["AscendersBane","Strike_B","Strike_B","Strike_B+1","Defend_B","Defend_B+1","Defend_B","Defend_B+1","Zap","Dualcast+1","Gash+1","Genetic Algorithm+1","Melter+1","Go for the Eyes","Sunder","Rip and Tear+1","Pain","Gash","All For One","Conserve Battery+1","Reprogram+1","Streamline+1","Streamline","Writhe"],"relics":["Cracked Core","NeowsBlessing","Lantern","Toy Ornithopter","Ornamental Fan","Art of War","WarpedTongs","Black Star","War Paint","Oddly Smooth Stone","Whetstone","MealTicket","Anchor"],"acts_visited":["Exordium","TheCity"],"potions_floor_usage":[],"damage_taken":[{"damage":0.0,"enemies":"Jaw Worm","floor":1.0,"turns":1.0},{"damage":0.0,"enemies":"Small Slimes","floor":4.0,"turns":1.0},{"damage":0.0,"enemies":"Gremlin Nob","floor":6.0,"turns":1.0},{"damage":0.0,"enemies":"2 Louse","floor":8.0,"turns":2.0},{"damage":40.0,"enemies":"Lagavulin","floor":10.0,"turns":8.0},{"damage":5.0,"enemies":"Looter","floor":14.0,"turns":2.0},{"damage":33.0,"enemies":"The Guardian","floor":16.0,"turns":10.0},{"damage":10.0,"enemies":"3 Byrds","floor":18.0,"turns":3.0},{"damage":14.0,"enemies":"Chosen","floor":19.0,"turns":4.0},{"damage":24.0,"enemies":"Centurion and Healer","floor":20.0,"turns":7.0},{"damage":10.0,"enemies":"Snake Plant","floor":21.0,"turns":4.0},{"damage":23,"enemies":"Gremlin Leader","floor":27,"turns":6},{"damage":0,"enemies":"Chosen and Byrds","floor":28,"turns":1}],"seed_played":"-6084085991352482019","potions_obtained":[{"floor":1.0,"key":"FearPotion"},{"floor":8.0,"key":"Explosive Potion"},{"floor":10.0,"key":"Strength Potion"},{"floor":20.0,"key":"FearPotion"}],"is_trial":false,"path_per_floor":["M","?","?","M","?","E","R","M","T","E","?","R","?","M","R","B",null,"M","M","M","M","?","R","?","?","T","E","M"],"character_chosen":"DEFECT","items_purchased":[],"campfire_rested":2,"item_purchase_floors":[],"current_hp_per_floor":[64,43,38,38,55,55,55,60,60,20,20,20,20,15,36,8,55,50,36,12,7,7,28,28,28,28,5,5,5],"gold":354,"neow_bonus":"THREE_ENEMY_KILL","is_daily":false,"chose_seed":false,"campfire_upgraded":2,"win_rate":0.0,"timestamp":1611539890,"path_taken":["M","?","?","M","?","E","R","M","T","E","?","R","?","M","R","BOSS","M","?","M","M","?","R","?","?","T","E","?"],"items_purchased_type":[],"build_version":"2020-12-22","purchased_purges":0,"victory":false,"max_hp_per_floor":[71,71,71,71,71,71,71,71,71,71,71,71,71,71,71,71,71,71,71,71,71,71,71,71,71,71,71,71,71],"relic_stats":{"counters":[13,50],"Ornamental Fan":[64],"MealTicket":0,"Art of War":[1],"Black Star":1,"Whetstone":["Melter","Gash"],"War Paint":["Dualcast","Defend_B"],"obtain_stats":[{"Lantern":3,"NeowsBlessing":0,"Oddly Smooth Stone":24,"Whetstone":26,"War Paint":22,"WarpedTongs":13,"Anchor":27,"Ornamental Fan":9,"MealTicket":27,"Art of War":10,"Black Star":17,"Cracked Core":0,"Toy Ornithopter":6},{"Lantern":1,"NeowsBlessing":0,"Oddly Smooth Stone":11,"Whetstone":11,"War Paint":11,"WarpedTongs":5,"Anchor":12,"Ornamental Fan":4,"MealTicket":12,"Art of War":5,"Black Star":7,"Cracked Core":0,"Toy Ornithopter":3},{"Lantern":1,"NeowsBlessing":0,"Oddly Smooth Stone":43,"Whetstone":43,"War Paint":43,"WarpedTongs":13,"Anchor":49,"Ornamental Fan":5,"MealTicket":49,"Art of War":13,"Black Star":25,"Cracked Core":0,"Toy Ornithopter":3}],"Toy Ornithopter":20,"WarpedTongs":[36]},"card_choices":[{"not_picked":["Double Energy","Fusion"],"picked":"Gash","floor":1.0},{"not_picked":["Melter","Steam"],"picked":"Genetic Algorithm","floor":4.0},{"not_picked":["Consume","Redo"],"picked":"Melter","floor":6.0},{"not_picked":["Leap","Recycle"],"picked":"Go for the Eyes","floor":8.0},{"not_picked":["Lockon","Multi-Cast"],"picked":"Sunder","floor":10.0},{"not_picked":["Ball Lightning","Blizzard"],"picked":"Gash","floor":14.0},{"not_picked":["Biased Cognition","Seek"],"picked":"All For One","floor":16.0},{"not_picked":["BootSequence","Stack"],"picked":"Conserve Battery+1","floor":18.0},{"not_picked":["Recycle","Go for the Eyes"],"picked":"Reprogram+1","floor":19.0},{"not_picked":["Coolheaded","Glacier"],"picked":"Streamline+1","floor":20.0},{"not_picked":["Reinforced Body","Lockon"],"picked":"Streamline","floor":21.0},{"not_picked":["Meteor Strike","Barrage","Turbo"],"picked":"SKIP","floor":27}],"player_experience":1824263,"relics_obtained":[{"floor":6.0,"key":"Toy Ornithopter"},{"floor":9.0,"key":"Ornamental Fan"},{"floor":10.0,"key":"Art of War"},{"floor":26,"key":"Whetstone"},{"floor":27,"key":"MealTicket"},{"floor":27,"key":"Anchor"}],"event_choices":[{"damage_healed":0.0,"max_hp_gain":0.0,"max_hp_loss":0.0,"gold_gain":0.0,"event_name":"Shining Light","player_choice":"Entered Light","floor":2.0,"gold_loss":0.0,"damage_taken":21.0,"cards_upgraded":["Defend_B","Strike_B"]},{"damage_healed":0.0,"max_hp_gain":0.0,"max_hp_loss":0.0,"gold_gain":0.0,"event_name":"Scrap Ooze","player_choice":"Success","floor":3.0,"gold_loss":0.0,"damage_taken":5.0,"relics_obtained":["Lantern"]},{"damage_healed":17.0,"max_hp_gain":0.0,"max_hp_loss":0.0,"gold_gain":0.0,"event_name":"The Cleric","player_choice":"Healed","floor":5.0,"gold_loss":35.0,"damage_taken":0.0},{"damage_healed":0.0,"max_hp_gain":0.0,"max_hp_loss":0.0,"gold_gain":0.0,"cards_transformed":["Strike_B"],"event_name":"Living Wall","player_choice":"Change","floor":11.0,"gold_loss":0.0,"damage_taken":0.0,"cards_obtained":["Rip and Tear"]},{"damage_healed":0.0,"max_hp_gain":0.0,"max_hp_loss":0.0,"gold_gain":0.0,"event_name":"Accursed Blacksmith","player_choice":"Rummage","floor":13.0,"gold_loss":0.0,"damage_taken":0.0,"relics_obtained":["WarpedTongs"],"cards_obtained":["Pain"]},{"damage_healed":0.0,"max_hp_gain":0.0,"max_hp_loss":0.0,"gold_gain":0.0,"event_name":"Addict","player_choice":"Obtained Relic","floor":22.0,"gold_loss":85.0,"damage_taken":0.0,"relics_obtained":["War Paint"]},{"damage_healed":0.0,"max_hp_gain":0.0,"max_hp_loss":0.0,"gold_gain":0.0,"event_name":"The Mausoleum","player_choice":"Opened","floor":24.0,"gold_loss":0.0,"damage_taken":0.0,"relics_obtained":["Oddly Smooth Stone"],"cards_obtained":["Writhe"]},{"damage_healed":0,"gold_gain":0,"player_choice":"Leave","damage_taken":0,"max_hp_gain":0,"max_hp_loss":0,"event_name":"FaceTrader","floor":25,"gold_loss":0}],"is_beta":false,"boss_relics":[{"not_picked":["Nuclear Battery","Pandora\u0027s Box"],"picked":"Black Star"}],"items_purged_floors":[],"is_endless":false,"potions_floor_spawned":[1,8,10,20],"killed_by":"Chosen and Byrds","ascension_level":18}}