{"host":"95ip98gf8c4vrv08","time":1611579350,"event":{"mods":["Arknights The Spire","BaseMod","Minty Spire (QoL Compilation)","Quick Restart","Reimu??????","Relic Stats","StSLib","The Bug Knight","The Gatherer","The Senshi","??????REMEMod","????"],"gold_per_floor":[115,190,190,205,205,240,240,251,251,100,118,130,142,142,65,160,160,172,125,125,125,135,135,154,172,197,197,231,231,231,244,169,272,272,322,342,211,231,251,251,251,267,267,280,297,330,349,364,364,364],"floor_reached":51,"language":"ZHS","playtime":3598,"items_purged":[],"score":780,"play_id":"43b62869-5742-4874-ad66-ede9f4b0b2b5","local_time":"20210125205550","is_ascension_mode":false,"campfire_choices":[{"floor":7.0,"key":"REST"},{"data":"ats:Serious Mode","floor":23.0,"key":"SMITH"},{"floor":27.0,"key":"REST"},{"floor":40.0,"key":"REST"},{"data":"ats:Song Of Battle","floor":49,"key":"SMITH"}],"circlet_count":0,"master_deck":["ats:Strike C+1","ats:Strike G+1","ats:Strike S+1","ats:Strike V+1","ats:Armor Crushing Shot","ats:Defend+1","ats:Defend+1","ats:Defend+1","ats:Defend+1","ats:Emotion Absorption+1","ats:Guard Mode","ats:Blood Oath","Venomology","ats:Ignite","ats:Song Of Battle+1","ats:Serious Mode+1","ats:Nebulous Foxfire","ats:Guard Mode","ats:Shadow Assault+1","ats:Absolute Focus","ats:Encircling Forest","ats:Hook Shot","ats:Closed Bolt Burst Fire","ats:Blood Oath","ats:Revitalization","ats:Composite Medical Shells","ats:Volcano","ats:Apocalypse+1","ats:Apocalypse","ats:Shell Defense+1","ats:Flexible Camouflage+1","ats:Explosion Area Strengthen+1","ats:Closed Bolt Burst Fire","ats:Literary Storm+1","ats:Wolf Pack","ats:Revitalization+1","ats:Soul Absorption+1","ats:Spore Proliferation","ats:True Silver Slash","ats:Composite Medical Shells+1","ats:Absolute Focus","ats:Part Time Job+1","ats:Absolute Focus","ats:Charging Defense","ats:Spore Proliferation","ats:Apocalypse+1","ats:Apocalypse","ats:Flexible Camouflage","ats:Shell Defense"],"relics":["ats:Sanity","REME_ComplimentaryCards","Prayer Wheel","ats:Originium","PureWhite:ReiMu","Pantograph","Runic Pyramid","Strawberry","Darkstone Periapt","SlaversCollar","Pear","White Beast Statue","Peace Pipe"],"acts_visited":["Exordium","TheCity","TheBeyond"],"potions_floor_usage":[44,44,44,45,46,46,48,48,50,50],"damage_taken":[{"damage":0.0,"enemies":"2 Louse","floor":1.0,"turns":3.0},{"damage":3.0,"enemies":"Small Slimes","floor":4.0,"turns":4.0},{"damage":47.0,"enemies":"Lagavulin","floor":6.0,"turns":8.0},{"damage":6.0,"enemies":"Cultist","floor":8.0,"turns":3.0},{"damage":9.0,"enemies":"3 Louse","floor":11.0,"turns":4.0},{"damage":0.0,"enemies":"Large Slime","floor":12.0,"turns":4.0},{"damage":12.0,"enemies":"Exordium Wildlife","floor":13.0,"turns":5.0},{"damage":35.0,"enemies":"Slime Boss","floor":16.0,"turns":12.0},{"damage":25.0,"enemies":"Chosen","floor":18.0,"turns":8.0},{"damage":23.0,"enemies":"3 Byrds","floor":22.0,"turns":5.0},{"damage":43.0,"enemies":"Centurion and Healer","floor":24.0,"turns":7.0},{"damage":21.0,"enemies":"Snake Plant","floor":25.0,"turns":4.0},{"damage":32.0,"enemies":"Slavers","floor":28.0,"turns":2.0},{"damage":24.0,"enemies":"3 Cultists","floor":31.0,"turns":6.0},{"damage":129.0,"enemies":"Champ","floor":33.0,"turns":16.0},{"damage":33.0,"enemies":"3 Shapes","floor":35.0,"turns":8.0},{"damage":51.0,"enemies":"3 Darklings","floor":36.0,"turns":7.0},{"damage":17.0,"enemies":"4 Shapes","floor":38.0,"turns":5.0},{"damage":65.0,"enemies":"Spire Growth","floor":39.0,"turns":8.0},{"damage":40.0,"enemies":"Jaw Worm Horde","floor":42.0,"turns":6.0},{"damage":56,"enemies":"Spire Growth","floor":44,"turns":9},{"damage":24,"enemies":"4 Shapes","floor":45,"turns":2},{"damage":15,"enemies":"Reptomancer","floor":46,"turns":7},{"damage":12,"enemies":"Jaw Worm Horde","floor":47,"turns":3},{"damage":6,"enemies":"4 Shapes","floor":48,"turns":7},{"damage":167,"enemies":"Time Eater","floor":50,"turns":17}],"seed_played":"3996493706268674058","potions_obtained":[{"floor":4.0,"key":"EssenceOfSteel"},{"floor":8.0,"key":"Energy Potion"},{"floor":11.0,"key":"PowerPotion"},{"floor":14.0,"key":"Dexterity Potion"},{"floor":16.0,"key":"Fire Potion"},{"floor":24.0,"key":"GamblersBrew"},{"floor":25.0,"key":"Fire Potion"},{"floor":31.0,"key":"FearPotion"},{"floor":33.0,"key":"FairyPotion"},{"floor":38.0,"key":"GamblersBrew"},{"floor":44,"key":"GrandPatriotsElixir:ReiMu"},{"floor":45,"key":"EssenceOfSteel"},{"floor":46,"key":"FearPotion"},{"floor":47,"key":"Strength Potion"},{"floor":48,"key":"FearPotion"}],"is_trial":false,"path_per_floor":["M","?","?","M","?","E","R","M","T","$","M","M","M","?","R","B",null,"M","$","?","?","M","R","M","M","T","R","E","?","$","M","R","B",null,"M","M","?","M","M","R","?","M","T","M","M","E","M","M","R","B",null],"character_chosen":"DOCTOR_CLASS","items_purchased":["ats:Shadow Assault","ats:Composite Medical Shells","ats:Apocalypse","ats:Spore Proliferation"],"campfire_rested":3,"item_purchase_floors":[10,15,19,32],"current_hp_per_floor":[65,54,54,54,59,21,42,36,36,36,36,44,38,38,38,55,70,57,57,70,57,52,52,33,27,34,58,26,26,26,35,35,34,82,72,40,50,41,24,51,51,47,47,37,13,43,36,68,68,64],"gold":364,"neow_bonus":"ONE_RARE_RELIC","is_daily":false,"chose_seed":false,"campfire_upgraded":2,"win_rate":0.0,"timestamp":1611579350,"path_taken":["M","?","?","M","?","E","R","M","T","$","M","M","M","?","R","BOSS","M","?","?","?","M","R","?","?","T","R","E","?","?","M","R","BOSS","M","M","?","M","?","R","?","M","T","M","M","E","M","?","R","BOSS"],"items_purchased_type":["Card","Card","Card","Card"],"build_version":"2020-12-22","purchased_purges":0,"victory":true,"max_hp_per_floor":[65,65,65,65,70,70,70,70,70,70,70,70,70,70,70,70,70,70,70,70,75,75,75,75,75,82,82,82,82,82,82,82,82,82,82,82,92,92,92,92,92,92,92,92,92,92,92,92,92,92],"relic_stats":{"Darkstone Periapt":0,"Peace Pipe":0,"counters":[26,170],"Pantograph":74,"Prayer Wheel":20,"obtain_stats":[{"Darkstone Periapt":28,"Pear":37,"White Beast Statue":43,"Peace Pipe":46,"SlaversCollar":34,"PureWhite:ReiMu":6,"ats:Originium":6,"Pantograph":9,"Strawberry":26,"Prayer Wheel":0,"ats:Sanity":0,"REME_ComplimentaryCards":0,"Runic Pyramid":17},{"Darkstone Periapt":13,"Pear":17,"White Beast Statue":20,"Peace Pipe":23,"SlaversCollar":15,"PureWhite:ReiMu":3,"ats:Originium":3,"Pantograph":4,"Strawberry":12,"Prayer Wheel":0,"ats:Sanity":0,"REME_ComplimentaryCards":0,"Runic Pyramid":8},{"Darkstone Periapt":69,"Pear":106,"White Beast Statue":125,"Peace Pipe":143,"SlaversCollar":91,"PureWhite:ReiMu":15,"ats:Originium":15,"Pantograph":18,"Strawberry":67,"Prayer Wheel":0,"ats:Sanity":0,"REME_ComplimentaryCards":0,"Runic Pyramid":43}]},"card_choices":[{"not_picked":["ats:Flexible Camouflage","ats:Mental Burst"],"picked":"ats:Guard Mode","floor":1.0},{"not_picked":["ats:Cat Scratch","ats:Steam Pump"],"picked":"ats:Blood Oath","floor":1.0},{"not_picked":["ats:Very Hot Blade","ats:Explosion Area Strengthen"],"picked":"ats:Ignite","floor":4.0},{"not_picked":["ats:Flexible Camouflage","ats:Flame Of Heaven"],"picked":"ats:Song Of Battle","floor":4.0},{"not_picked":["ats:Blood Oath","ats:Overload"],"picked":"ats:Serious Mode","floor":6.0},{"not_picked":["ats:Demon Strength","ats:Leaping Hammer"],"picked":"ats:Nebulous Foxfire","floor":8.0},{"not_picked":["ats:Blood Oath","ats:Very Hot Blade"],"picked":"ats:Guard Mode","floor":8.0},{"not_picked":["ats:Phantom","ats:Powerful Strike"],"picked":"ats:Absolute Focus","floor":11.0},{"not_picked":["ats:Powerful Strike","ats:Sword Rain"],"picked":"ats:Encircling Forest","floor":11.0},{"not_picked":["ats:Steam Pump","ats:Automatic Cover"],"picked":"ats:Hook Shot","floor":12.0},{"not_picked":["ats:Curse Doll","ats:Assault Order"],"picked":"ats:Closed Bolt Burst Fire","floor":12.0},{"not_picked":["ats:Soul Absorption","ats:Flame Of Heaven"],"picked":"ats:Blood Oath","floor":13.0},{"not_picked":["ats:Hook Shot","ats:Guardian Obelisk"],"picked":"ats:Revitalization","floor":13.0},{"not_picked":["ats:Nebulous Foxfire","ats:Dogmatic Field"],"picked":"ats:Volcano","floor":16.0},{"not_picked":["ats:Cat Scratch","ats:Powerful Strike"],"picked":"ats:Apocalypse+1","floor":18.0},{"not_picked":["ats:Leaping Hammer","ats:Sunburst","ats:Magnetic Hammer"],"picked":"SKIP","floor":18.0},{"not_picked":["ats:Closed Bolt Burst Fire","ats:Cat Scratch"],"picked":"ats:Shell Defense+1","floor":22.0},{"not_picked":["ats:Flame Of Heaven+1","ats:Automatic Cover","ats:Explosion Area Strengthen"],"picked":"SKIP","floor":22.0},{"not_picked":["ats:Volcano","ats:Defend Order"],"picked":"ats:Flexible Camouflage+1","floor":24.0},{"not_picked":["ats:Cat Scratch","ats:Shadow Raid+1"],"picked":"ats:Explosion Area Strengthen+1","floor":24.0},{"not_picked":["ats:Curse Doll","ats:Explosion Area Strengthen"],"picked":"ats:Closed Bolt Burst Fire","floor":25.0},{"not_picked":["ats:Guard Mode+1","ats:Closed Bolt Burst Fire+1"],"picked":"ats:Literary Storm+1","floor":25.0},{"not_picked":["ats:Rapid Magazine+1","ats:Assault Order+1"],"picked":"ats:Wolf Pack","floor":28.0},{"not_picked":["ats:Demon Strength","ats:Powerful Strike+1"],"picked":"ats:Revitalization+1","floor":31.0},{"not_picked":["ats:Curse Doll+1","ats:Composite Medical Shells"],"picked":"ats:Soul Absorption+1","floor":31.0},{"not_picked":["ats:Nebulous Foxfire","ats:Wolf Pack"],"picked":"ats:True Silver Slash","floor":33.0},{"not_picked":["ats:Defend Order+1","ats:Leaping Hammer","ats:Blood Oath+1"],"picked":"SKIP","floor":35.0},{"not_picked":["ats:Poison Spread","ats:Guardian Obelisk+1","ats:Consecutive Shot Auto+1"],"picked":"SKIP","floor":35.0},{"not_picked":["ats:Cat Scratch+1","ats:Very Hot Blade"],"picked":"ats:Composite Medical Shells+1","floor":36.0},{"not_picked":["ats:Curse Doll+1","ats:Leaping Hammer"],"picked":"ats:Absolute Focus","floor":36.0},{"not_picked":["ats:Guard Mode+1","ats:Powerful Strike+1"],"picked":"ats:Part Time Job+1","floor":38.0},{"not_picked":["ats:Guardian Obelisk","ats:Durian"],"picked":"ats:Absolute Focus","floor":38.0},{"not_picked":["ats:Leaping Hammer","ats:Cat Scratch+1"],"picked":"ats:Charging Defense","floor":39.0},{"not_picked":["ats:Explosion Area Strengthen","ats:Composite Medical Shells+1"],"picked":"ats:Spore Proliferation","floor":39.0},{"not_picked":["ats:Leaping Hammer","ats:Overload+1","ats:Very Hot Blade+1"],"picked":"SKIP","floor":42.0},{"not_picked":["ats:Flexible Camouflage+1","ats:Blood Oath+1","ats:Shell Defense"],"picked":"SKIP","floor":42.0},{"not_picked":["ats:Explosion Area Strengthen","ats:Thermite Blade+1"],"picked":"ats:Apocalypse+1","floor":44},{"not_picked":["ats:Very Hot Blade","ats:Beaten Up","ats:Curse Doll"],"picked":"SKIP","floor":44},{"not_picked":["ats:Neurotoxin+1","ats:Steam Pump"],"picked":"ats:Apocalypse","floor":45},{"not_picked":["ats:Poison Spread","ats:Defend Order+1"],"picked":"ats:Flexible Camouflage","floor":45},{"not_picked":["ats:Mental Burst+1","ats:Chain Hook+1","ats:Ambush"],"picked":"SKIP","floor":46},{"not_picked":["ats:Sunburst","ats:Explosion Area Strengthen+1"],"picked":"ats:Shell Defense","floor":47},{"not_picked":["ats:Blood Oath+1","ats:Magnetic Hammer+1","ats:Collapsing Strike+1"],"picked":"SKIP","floor":47},{"not_picked":["ats:Mental Burst+1","ats:Neurotoxin","ats:Poison Spread+1"],"picked":"SKIP","floor":48},{"not_picked":["ats:Guard Mode+1","ats:Poison Spread","ats:Chain Hook"],"picked":"SKIP","floor":48}],"player_experience":207729,"relics_obtained":[{"floor":6.0,"key":"ats:Originium"},{"floor":6.0,"key":"PureWhite:ReiMu"},{"floor":9.0,"key":"Pantograph"},{"floor":26.0,"key":"Strawberry"},{"floor":28.0,"key":"Darkstone Periapt"},{"floor":28.0,"key":"ats:Originium"},{"floor":43.0,"key":"White Beast Statue"},{"floor":46,"key":"ats:Originium"},{"floor":46,"key":"Peace Pipe"}],"event_choices":[{"damage_healed":0.0,"max_hp_gain":0.0,"max_hp_loss":0.0,"gold_gain":75.0,"event_name":"World of Goop","player_choice":"Gather Gold","floor":2.0,"gold_loss":0.0,"damage_taken":11.0},{"damage_healed":0.0,"max_hp_gain":0.0,"max_hp_loss":0.0,"gold_gain":0.0,"event_name":"Living Wall","player_choice":"Grow","floor":3.0,"gold_loss":0.0,"damage_taken":0.0,"cards_upgraded":["ats:Emotion Absorption"]},{"damage_healed":0.0,"max_hp_gain":5.0,"max_hp_loss":0.0,"gold_gain":0.0,"event_name":"Big Fish","player_choice":"Donut","floor":5.0,"gold_loss":0.0,"damage_taken":0.0},{"damage_healed":0.0,"max_hp_gain":0.0,"max_hp_loss":0.0,"gold_gain":0.0,"event_name":"Lab","player_choice":"Got Potions","floor":14.0,"gold_loss":0.0,"damage_taken":0.0},{"damage_healed":23.0,"max_hp_gain":0.0,"max_hp_loss":0.0,"gold_gain":0.0,"event_name":"The Library","player_choice":"Heal","floor":20.0,"gold_loss":0.0,"damage_taken":0.0},{"damage_healed":0.0,"max_hp_gain":5.0,"max_hp_loss":0.0,"gold_gain":0.0,"event_name":"Forgotten Altar","player_choice":"Shed Blood","floor":21.0,"gold_loss":0.0,"damage_taken":18.0},{"damage_healed":0.0,"max_hp_gain":0.0,"max_hp_loss":0.0,"gold_gain":0.0,"event_name":"Back to Basics","player_choice":"Simplicity","floor":29.0,"gold_loss":0.0,"damage_taken":0.0,"cards_upgraded":["ats:Strike C","ats:Strike G","ats:Strike S","ats:Strike V","ats:Defend","ats:Defend","ats:Defend","ats:Defend"]},{"damage_healed":0.0,"max_hp_gain":0.0,"max_hp_loss":0.0,"gold_gain":0.0,"event_name":"WeMeetAgain","player_choice":"Paid Gold","floor":37.0,"gold_loss":131.0,"damage_taken":0.0,"relics_obtained":["Pear"]},{"damage_healed":0.0,"max_hp_gain":0.0,"max_hp_loss":0.0,"gold_gain":0.0,"event_name":"Accursed Blacksmith","player_choice":"Forge","floor":41.0,"gold_loss":0.0,"damage_taken":0.0,"cards_upgraded":["ats:Shadow Assault"]}],"is_beta":false,"boss_relics":[{"not_picked":["Astrolabe","Coffee Dripper"],"picked":"Runic Pyramid"},{"not_picked":["Tiny House","Runic Dome"],"picked":"SlaversCollar"}],"items_purged_floors":[],"is_endless":false,"potions_floor_spawned":[4,8,11,16,24,25,31,33,38,44,45,46,47,48],"ascension_level":0}}