{"host":"36umirwmj0u9xjg7","time":1611608283,"event":{"mods":["Aspiration","BaseMod","CCEM","Downfall","Minty Spire (QoL Compilation)","Reliquary","Replay The Spire","StS++","StSLib","The Construct","The Gatherer","The Necromancer","The Runesmith"],"gold_per_floor":[112,131,131,144,161,194,211,211,211,211,211],"floor_reached":10,"language":"ENG","playtime":259,"items_purged":[],"score":70,"play_id":"a575c214-030e-4ec8-9fe1-e2e48e8fec59","local_time":"20210125215803","is_ascension_mode":false,"campfire_choices":[{"floor":8,"key":"REST"}],"circlet_count":0,"master_deck":["construct:Strike_Gold","construct:Strike_Gold","construct:Strike_Gold","construct:Strike_Gold","construct:Strike_Gold","construct:Defend_Gold","construct:Defend_Gold","construct:Defend_Gold","construct:Defend_Gold","construct:AttackMode","construct:DefenseMode","construct:OneWayMirror","Regret","construct:GuardCore"],"relics":["construct:ClockworkPhoenix","Mercury Hourglass","Blue Doll","Replay:Baseball"],"acts_visited":["Exordium"],"potions_floor_usage":[],"damage_taken":[{"damage":0,"enemies":"2 Louse","floor":1,"turns":2},{"damage":0,"enemies":"Cultist","floor":2,"turns":4},{"damage":14,"enemies":"Jaw Worm","floor":4,"turns":4},{"damage":10,"enemies":"Large Slime","floor":5,"turns":6},{"damage":45,"enemies":"Gremlin Nob","floor":6,"turns":5},{"damage":9,"enemies":"Looter","floor":7,"turns":4},{"damage":41,"enemies":"Lagavulin","floor":10,"turns":5}],"seed_played":"6834848407585492036","potions_obtained":[{"floor":7,"key":"SteroidPotion"}],"is_trial":false,"path_per_floor":["M","M","?","M","M","E","M","R","T","E"],"character_chosen":"THE_CONSTRUCT_MOD","items_purchased":[],"campfire_rested":1,"item_purchase_floors":[],"current_hp_per_floor":[85,85,85,71,61,16,7,32,32,0,0],"gold":211,"neow_bonus":"TRANSFORM_CARD","is_daily":false,"chose_seed":false,"campfire_upgraded":0,"win_rate":0.0,"timestamp":1611608283,"path_taken":["M","M","?","M","M","E","M","R","T","E"],"items_purchased_type":[],"build_version":"2020-12-22","purchased_purges":0,"victory":false,"max_hp_per_floor":[85,85,85,85,85,85,85,85,85,85,85],"card_choices":[{"not_picked":["construct:VentSteam","construct:ShiftStrike","construct:ClusterMines"],"picked":"SKIP","floor":1},{"not_picked":["construct:Accumulate","construct:FierceBash","construct:SuppressiveFire"],"picked":"SKIP","floor":2},{"not_picked":["construct:SweepLaser","construct:Anticipate","construct:Impenetrable"],"picked":"SKIP","floor":4},{"not_picked":["construct:Analyze","construct:FocusedBeam","construct:CriticalHit"],"picked":"SKIP","floor":5},{"not_picked":["construct:Backup","construct:SyphonStrike"],"picked":"construct:GuardCore","floor":6},{"not_picked":["construct:HardReboot","construct:ModeShift","construct:SweepLaser"],"picked":"SKIP","floor":7}],"player_experience":151377,"relics_obtained":[{"floor":6,"key":"Blue Doll"},{"floor":9,"key":"Replay:Baseball"}],"event_choices":[{"damage_healed":0,"gold_gain":0,"player_choice":"Box","damage_taken":0,"relics_obtained":["Mercury Hourglass"],"max_hp_gain":0,"max_hp_loss":0,"event_name":"Big Fish","floor":3,"gold_loss":0,"cards_obtained":["Regret"]}],"is_beta":false,"boss_relics":[],"items_purged_floors":[],"is_endless":false,"potions_floor_spawned":[7],"killed_by":"Lagavulin","ascension_level":0}}