{"host":"yd6hhqps9de4qmof","time":1611581382,"event":{"mods":["BaseMod","Downfall","Hermit","Highlight Path","Jorbs\u0027s Wanderer Trilogy","Minty Spire (QoL Compilation)","Relic Stats","Robot Space Explorer","Shade Mod","StSLib","The Cursed","The Disciple","The Marked","The Servant 0.9.4"],"gold_per_floor":[119,119,119,136,150,150,170,170,194,194,174,208,221,237,237,334,334,345,356,356,24,36,64,64,64,64,75,75,92,41,55,55,151,151,165,0,0,0,15,47,62,62,62,88,88,18,18,30,30,30],"floor_reached":51,"language":"ENG","playtime":2267,"items_purged":["RobotSpaceExplorer:Strike"],"score":761,"play_id":"005ad04f-2302-4782-bb83-d4cf9dc8e860","local_time":"20210125142942","is_ascension_mode":true,"campfire_choices":[{"data":"RobotSpaceExplorer:PlasmaMissile","floor":6,"key":"SMITH"},{"data":"RobotSpaceExplorer:MiniDrones","floor":8,"key":"SMITH"},{"data":"RobotSpaceExplorer:MiniLasers","floor":10,"key":"SMITH"},{"data":"RobotSpaceExplorer:Pulsar","floor":15,"key":"SMITH"},{"floor":24,"key":"REST"},{"data":"RobotSpaceExplorer:MiniDrones","floor":28,"key":"SMITH"},{"floor":32,"key":"REST"},{"data":"RobotSpaceExplorer:Explosion","floor":45,"key":"SMITH"},{"data":"RobotSpaceExplorer:ShockMissile","floor":47,"key":"SMITH"},{"floor":49,"key":"REST"}],"circlet_count":0,"master_deck":["RobotSpaceExplorer:Strike","RobotSpaceExplorer:Strike+1","RobotSpaceExplorer:Strike","RobotSpaceExplorer:Defend","RobotSpaceExplorer:Defend","RobotSpaceExplorer:Defend","RobotSpaceExplorer:Defend","RobotSpaceExplorer:Scan+1","RobotSpaceExplorer:MiniLasers+1","RobotSpaceExplorer:SlimeMissile","RobotSpaceExplorer:MiniDrones+1","RobotSpaceExplorer:PlasmaMissile+1","RobotSpaceExplorer:Arsenal","RobotSpaceExplorer:Pulsar+1","RobotSpaceExplorer:ShockMissile+1","RobotSpaceExplorer:Pulsar","RobotSpaceExplorer:MetalStrike+1","RobotSpaceExplorer:Ammunition","RobotSpaceExplorer:MiniDrones+1","RobotSpaceExplorer:LuckyStrike+1","RobotSpaceExplorer:ScrapToss","RobotSpaceExplorer:LuckyStrike+1","RobotSpaceExplorer:Comet","RobotSpaceExplorer:Smokescreen+1","RobotSpaceExplorer:ScrapMissile+1","RobotSpaceExplorer:Explosion+1","RobotSpaceExplorer:GlueSpray","RobotSpaceExplorer:BigMissile+1","RobotSpaceExplorer:Electroshield+1","RobotSpaceExplorer:PowerCollector+1","RobotSpaceExplorer:StarLightning","RobotSpaceExplorer:ShockKick+1","RobotSpaceExplorer:SurgingShield+1"],"relics":["RobotSpaceExplorer:TurboCore","RobotSpaceExplorer:FoglandsKnife","Potion Belt","Black Star","Enchiridion","Strawberry","Dead Branch","Vajra","Prayer Wheel","Red Mask","Lantern","Happy Flower","Blood Vial","Omamori","FossilizedHelix"],"acts_visited":["Exordium","TheCity","TheBeyond"],"potions_floor_usage":[16,16,19,27,30,33,50,50,50],"damage_taken":[{"damage":0,"enemies":"2 Louse","floor":1,"turns":2},{"damage":1,"enemies":"Cultist","floor":4,"turns":3},{"damage":0,"enemies":"Small Slimes","floor":5,"turns":2},{"damage":7,"enemies":"Exordium Wildlife","floor":7,"turns":2},{"damage":6,"enemies":"Gremlin Nob","floor":12,"turns":3},{"damage":0,"enemies":"2 Fungi Beasts","floor":13,"turns":2},{"damage":0,"enemies":"Looter","floor":14,"turns":2},{"damage":10,"enemies":"Hexaghost","floor":16,"turns":6},{"damage":0,"enemies":"Spheric Guardian","floor":18,"turns":3},{"damage":1,"enemies":"2 Thieves","floor":19,"turns":3},{"damage":6,"enemies":"3 Cultists","floor":22,"turns":5},{"damage":38,"enemies":"Gremlin Leader","floor":23,"turns":8},{"damage":5,"enemies":"Centurion and Healer","floor":27,"turns":4},{"damage":0,"enemies":"Shelled Parasite and Fungi","floor":29,"turns":4},{"damage":7,"enemies":"Cultist and Chosen","floor":31,"turns":4},{"damage":46,"enemies":"Automaton","floor":33,"turns":9},{"damage":0,"enemies":"3 Shapes","floor":35,"turns":2},{"damage":13,"enemies":"3 Darklings","floor":39,"turns":4},{"damage":19,"enemies":"Nemesis","floor":40,"turns":7},{"damage":41,"enemies":"Maw","floor":41,"turns":7},{"damage":19,"enemies":"Reptomancer","floor":44,"turns":6},{"damage":0,"enemies":"Transient","floor":48,"turns":5},{"damage":73,"enemies":"Time Eater","floor":50,"turns":10}],"seed_played":"-915828748653216013","potions_obtained":[{"floor":4,"key":"Swift Potion"},{"floor":7,"key":"bronze:BurnAndBuffPotion"},{"floor":11,"key":"Dexterity Potion"},{"floor":12,"key":"LiquidBronze"},{"floor":13,"key":"DistilledChaos"},{"floor":18,"key":"FearPotion"},{"floor":23,"key":"RobotSpaceExplorer:LiquidFusion"},{"floor":29,"key":"DuplicationPotion"},{"floor":35,"key":"sneckomod:MuddlingPotion"}],"is_trial":false,"path_per_floor":["M","?","?","M","M","R","M","R","T","R","?","E","M","M","R","B",null,"M","M","?","$","M","E","R","?","T","M","R","M","$","M","R","B",null,"M","?","?","$","M","E","M","?","T","E","R","$","R","M","R","B",null],"character_chosen":"RobotSpaceExplorer","items_purchased":["Strawberry","Fruit Juice","Strength Potion","RobotSpaceExplorer:StarLightning"],"campfire_rested":3,"item_purchase_floors":[21,21,30,46],"current_hp_per_floor":[75,75,60,59,59,59,52,52,52,52,52,46,46,46,46,36,75,75,74,58,65,59,21,45,45,45,40,40,40,45,38,64,18,87,87,87,87,87,74,55,14,76,76,57,57,57,57,59,76,3],"gold":30,"neow_bonus":"THREE_CARDS","is_daily":false,"chose_seed":false,"campfire_upgraded":7,"win_rate":0.0,"timestamp":1611581382,"path_taken":["M","?","?","M","M","R","M","R","T","R","?","E","?","M","R","BOSS","M","M","?","$","M","E","R","?","T","M","R","?","$","M","R","BOSS","M","?","?","?","M","E","?","?","T","E","R","?","R","M","R","BOSS"],"items_purchased_type":["Relic","Potion","Potion","Card"],"build_version":"2020-12-22","purchased_purges":1,"victory":true,"max_hp_per_floor":[75,75,75,75,75,75,75,75,75,75,75,75,75,75,75,75,75,75,75,75,82,82,82,82,82,82,82,82,82,87,87,87,87,87,87,87,87,87,87,87,87,76,76,76,76,76,76,76,76,76],"relic_stats":{"Blood Vial":2,"Happy Flower":[9],"counters":[23,103],"Dead Branch":[67],"Prayer Wheel":7,"Black Star":3,"obtain_stats":[{"Potion Belt":12,"Lantern":40,"Happy Flower":40,"Dead Branch":23,"Enchiridion":20,"Vajra":23,"RobotSpaceExplorer:RoboCore":0,"Omamori":44,"RobotSpaceExplorer:TurboCore":34,"Blood Vial":43,"RobotSpaceExplorer:FoglandsKnife":9,"Strawberry":21,"Prayer Wheel":26,"Black Star":17,"Red Mask":36,"FossilizedHelix":44},{"Potion Belt":5,"Lantern":19,"Happy Flower":19,"Dead Branch":12,"Enchiridion":10,"Vajra":12,"RobotSpaceExplorer:RoboCore":0,"Omamori":21,"RobotSpaceExplorer:TurboCore":16,"Blood Vial":20,"RobotSpaceExplorer:FoglandsKnife":4,"Strawberry":10,"Prayer Wheel":12,"Black Star":8,"Red Mask":17,"FossilizedHelix":21},{"Potion Belt":12,"Lantern":75,"Happy Flower":75,"Dead Branch":41,"Enchiridion":28,"Vajra":41,"RobotSpaceExplorer:RoboCore":0,"Omamori":88,"RobotSpaceExplorer:TurboCore":62,"Blood Vial":82,"RobotSpaceExplorer:FoglandsKnife":9,"Strawberry":28,"Prayer Wheel":41,"Black Star":22,"Red Mask":64,"FossilizedHelix":88}]},"card_choices":[{"not_picked":["RobotSpaceExplorer:ShockKick","RobotSpaceExplorer:LaserBurst"],"picked":"RobotSpaceExplorer:SlimeMissile","floor":0},{"not_picked":["RobotSpaceExplorer:Probe","RobotSpaceExplorer:MakeshiftVolley"],"picked":"RobotSpaceExplorer:MiniDrones","floor":1},{"not_picked":["RobotSpaceExplorer:Reload","RobotSpaceExplorer:FranticSearch","RobotSpaceExplorer:SwiftStep"],"picked":"SKIP","floor":4},{"not_picked":["RobotSpaceExplorer:SwiftStep","RobotSpaceExplorer:MiniDrones"],"picked":"RobotSpaceExplorer:PlasmaMissile","floor":5},{"not_picked":["RobotSpaceExplorer:LuckyStrike","RobotSpaceExplorer:Counterblock","RobotSpaceExplorer:ShovelStrike"],"picked":"SKIP","floor":7},{"not_picked":["RobotSpaceExplorer:SurgingShield","RobotSpaceExplorer:SurgingStrike"],"picked":"RobotSpaceExplorer:Arsenal","floor":12},{"not_picked":["RobotSpaceExplorer:JunkDive","RobotSpaceExplorer:MiniDrones","RobotSpaceExplorer:SlimeMissile"],"picked":"SKIP","floor":13},{"not_picked":["RobotSpaceExplorer:Blitz","RobotSpaceExplorer:StunGrenade"],"picked":"RobotSpaceExplorer:Pulsar","floor":14},{"not_picked":["RobotSpaceExplorer:Arsenal","RobotSpaceExplorer:Wormhole"],"picked":"RobotSpaceExplorer:ShockMissile","floor":16},{"not_picked":["RobotSpaceExplorer:SwiftStep","RobotSpaceExplorer:SurgingStrike"],"picked":"RobotSpaceExplorer:Pulsar","floor":18},{"not_picked":["RobotSpaceExplorer:ScrapMissile","RobotSpaceExplorer:SurgingShield","RobotSpaceExplorer:MakeshiftVolley"],"picked":"SKIP","floor":19},{"not_picked":["RobotSpaceExplorer:ShockKick+1","RobotSpaceExplorer:Probe"],"picked":"RobotSpaceExplorer:MetalStrike+1","floor":22},{"not_picked":["RobotSpaceExplorer:Exploration","RobotSpaceExplorer:MetalStrike"],"picked":"RobotSpaceExplorer:Ammunition","floor":23},{"not_picked":["RobotSpaceExplorer:FreezingShield","RobotSpaceExplorer:PowerGlove+1"],"picked":"RobotSpaceExplorer:MiniDrones","floor":27},{"not_picked":["RobotSpaceExplorer:Ammunition","RobotSpaceExplorer:ImprovisedAttack"],"picked":"RobotSpaceExplorer:LuckyStrike+1","floor":27},{"not_picked":["RobotSpaceExplorer:Smokescreen","RobotSpaceExplorer:SwiftStep"],"picked":"RobotSpaceExplorer:ScrapToss","floor":29},{"not_picked":["RobotSpaceExplorer:SlimeMissile+1","RobotSpaceExplorer:Blitz+1"],"picked":"RobotSpaceExplorer:ScrapMissile+1","floor":29},{"not_picked":["RobotSpaceExplorer:Probe","RobotSpaceExplorer:Smokescreen"],"picked":"RobotSpaceExplorer:LuckyStrike+1","floor":31},{"not_picked":["RobotSpaceExplorer:FreezingShield+1","RobotSpaceExplorer:ToxicBomb","RobotSpaceExplorer:GlueSpray"],"picked":"SKIP","floor":31},{"not_picked":["RobotSpaceExplorer:ChargingLaser","RobotSpaceExplorer:DroneSwarm"],"picked":"RobotSpaceExplorer:Comet","floor":33},{"not_picked":["RobotSpaceExplorer:SurgingShield","RobotSpaceExplorer:Ammunition+1"],"picked":"RobotSpaceExplorer:Smokescreen+1","floor":35},{"not_picked":["RobotSpaceExplorer:Blitz","RobotSpaceExplorer:FranticSearch"],"picked":"RobotSpaceExplorer:ScrapMissile+1","floor":35},{"not_picked":["RobotSpaceExplorer:ShovelStrike","RobotSpaceExplorer:GlueSpray+1"],"picked":"RobotSpaceExplorer:Explosion","floor":39},{"not_picked":["RobotSpaceExplorer:SurgingShield+1","RobotSpaceExplorer:MakeshiftVolley+1","RobotSpaceExplorer:DoubleBlock+1"],"picked":"SKIP","floor":39},{"not_picked":["RobotSpaceExplorer:SlimeMissile","RobotSpaceExplorer:ExhaustFan"],"picked":"RobotSpaceExplorer:GlueSpray","floor":40},{"not_picked":["RobotSpaceExplorer:RigExplosive+1","RobotSpaceExplorer:Counterblock"],"picked":"RobotSpaceExplorer:BigMissile+1","floor":41},{"not_picked":["RobotSpaceExplorer:Smokescreen","RobotSpaceExplorer:SlimeMissile"],"picked":"RobotSpaceExplorer:Electroshield+1","floor":41},{"not_picked":["RobotSpaceExplorer:Ammunition+1","RobotSpaceExplorer:ImprovisedAttack"],"picked":"RobotSpaceExplorer:PowerCollector+1","floor":44},{"not_picked":["RobotSpaceExplorer:SurgingStrike+1","RobotSpaceExplorer:SlimeMissile"],"picked":"RobotSpaceExplorer:ShockKick+1","floor":48},{"not_picked":["RobotSpaceExplorer:ShovelStrike","RobotSpaceExplorer:SurgingStrike"],"picked":"RobotSpaceExplorer:SurgingShield+1","floor":48}],"player_experience":1169216,"relics_obtained":[{"floor":9,"key":"RobotSpaceExplorer:FoglandsKnife"},{"floor":12,"key":"Potion Belt"},{"floor":20,"key":"Enchiridion"},{"floor":23,"key":"Dead Branch"},{"floor":23,"key":"Vajra"},{"floor":26,"key":"Prayer Wheel"},{"floor":40,"key":"Lantern"},{"floor":40,"key":"Happy Flower"},{"floor":43,"key":"Blood Vial"},{"floor":44,"key":"Omamori"},{"floor":44,"key":"FossilizedHelix"}],"event_choices":[{"damage_healed":0,"gold_gain":0,"player_choice":"Ignored","damage_taken":0,"max_hp_gain":0,"max_hp_loss":0,"event_name":"Liars Game","floor":2,"gold_loss":0},{"damage_healed":0,"gold_gain":0,"player_choice":"Entered Light","damage_taken":15,"max_hp_gain":0,"max_hp_loss":0,"event_name":"Shining Light","floor":3,"gold_loss":0,"cards_upgraded":["RobotSpaceExplorer:Strike","RobotSpaceExplorer:Scan"]},{"damage_healed":0,"gold_gain":0,"player_choice":"Bought 1 Potion","damage_taken":0,"max_hp_gain":0,"max_hp_loss":0,"event_name":"The Woman in Blue","floor":11,"gold_loss":0},{"damage_healed":0,"gold_gain":0,"player_choice":"Obtained Book","damage_taken":16,"max_hp_gain":0,"max_hp_loss":0,"event_name":"Cursed Tome","floor":20,"gold_loss":0},{"damage_healed":0,"gold_gain":0,"player_choice":"Ignored","damage_taken":0,"max_hp_gain":0,"max_hp_loss":0,"event_name":"N\u0027loth","floor":25,"gold_loss":0},{"damage_healed":0,"gold_gain":0,"player_choice":"Paid","damage_taken":0,"relics_obtained":["Red Mask"],"max_hp_gain":0,"max_hp_loss":0,"event_name":"Tomb of Lord Red Mask","floor":36,"gold_loss":165},{"cards_removed":["RobotSpaceExplorer:ScrapMissile"],"damage_healed":0,"gold_gain":0,"player_choice":"Removed Attack","damage_taken":0,"max_hp_gain":0,"max_hp_loss":0,"event_name":"Falling","floor":37,"gold_loss":0},{"damage_healed":76,"gold_gain":0,"player_choice":"Heal","damage_taken":0,"max_hp_gain":0,"max_hp_loss":11,"event_name":"The Moai Head","floor":42,"gold_loss":0}],"is_beta":false,"boss_relics":[{"not_picked":["Sozu","Cursed Key"],"picked":"Black Star"},{"not_picked":["Tiny House","Runic Pyramid"],"picked":"RobotSpaceExplorer:TurboCore"}],"items_purged_floors":[21],"is_endless":false,"potions_floor_spawned":[4,7,12,13,18,23,29,31,35,39,41],"ascension_level":1}}