{"host":"yq2wmfr0u0wuvxc0","time":1611532881,"event":{"mods":["Act Like it!","BaseMod","Curses Come First","Downfall","Friendly Minions","Gensokyo","Hero for Fun","Hubris","Minty Spire (QoL Compilation)","Shop Mod","StSLib"],"gold_per_floor":[99,549,559,659,670,173,173,85,85,85,85,120,20,45,55,150,150,150,163,177,177,196,214,282,295,295,295,295],"floor_reached":26,"language":"ZHS","playtime":1941,"items_purged":["downfall:Icky"],"score":206,"play_id":"56aaad39-fb8f-4c58-aac3-e021e6083542","local_time":"20210124160121","is_ascension_mode":false,"campfire_choices":[{"data":"hexamod:UnlimitedPower","floor":1.0,"key":"SMITH"},{"data":"Apotheosis","floor":11.0,"key":"SMITH"},{"data":"hexamod:EtherealExpedition","floor":13.0,"key":"SMITH"},{"data":"hexamod:GhostflameInferno","floor":18.0,"key":"SMITH"}],"circlet_count":0,"master_deck":["hexamod:Sear","hexamod:Float","hexamod:SwordOfDarkness","hexamod:DynamicBlow","hexamod:RecurringNightmare+1","hexamod:FourthSeal","hexamod:RecurringNightmare","hexamod:UnlimitedPower+1","hexamod:EtherealExpedition+1","hexamod:EtherealExpedition","downfall:Icky","downfall:Icky","hexamod:ShieldOfDarkness","hexamod:GhostLash","Apotheosis+1","hexamod:ThirdSeal","hexamod:GhostflameInferno+1","hexamod:FirstSeal","hexamod:StepThrough","hexamod:TimeOfNeed","hexamod:AdvancingGuard","hexamod:FifthSeal","hexamod:StepThrough","hexamod:SecondSeal","hexamod:SixthSeal","hexamod:FastForward+1","hexamod:FastForward","hexamod:RecurringNightmare"],"relics":["hexamod:MatchstickCase","hubris:Icosahedron","hubris:Towel","PreservedInsect","downfall:HeartBlessingBlue","Akabeko","Sozu","Nloth\u0027s Gift","hubris:Reverence"],"acts_visited":["Exordium","TheCity"],"potions_floor_usage":[],"damage_taken":[{"damage":0.0,"enemies":"Small Slimes","floor":3.0,"turns":4.0},{"damage":5.0,"enemies":"2 Louse","floor":5.0,"turns":3.0},{"damage":0.0,"enemies":"downfall:FleeingMerchant","floor":6.0,"turns":4.0},{"damage":0.0,"enemies":"downfall:FleeingMerchant","floor":8.0,"turns":4.0},{"damage":28.0,"enemies":"Gremlin Nob","floor":12.0,"turns":4.0},{"damage":2.0,"enemies":"Cultist","floor":15.0,"turns":3.0},{"damage":56.0,"enemies":"SI_SHIV_ARCHETYPE","floor":16.0,"turns":6.0},{"damage":8.0,"enemies":"Shell Parasite","floor":19.0,"turns":3.0},{"damage":21.0,"enemies":"3 Byrds","floor":20.0,"turns":3.0},{"damage":29.0,"enemies":"Snake Plant","floor":22.0,"turns":5.0},{"damage":45.0,"enemies":"Shelled Parasite and Fungi","floor":23.0,"turns":7.0},{"damage":12,"enemies":"Cultist and Chosen","floor":25,"turns":4},{"damage":16,"enemies":"Snecko","floor":26,"turns":3}],"seed_played":"3100585581089111933","potions_obtained":[{"floor":3.0,"key":"hexamod:EctoCoolerPotion"},{"floor":5.0,"key":"Explosive Potion"},{"floor":8.0,"key":"Regen Potion"},{"floor":12.0,"key":"Explosive Potion"},{"floor":15.0,"key":"Regen Potion"},{"floor":16.0,"key":"EssenceOfSteel"}],"is_trial":false,"path_per_floor":["R","?","M","?","M","$","T","$","?","?","R","E","R","T","M","B",null,"R","M","M","?","M","M","T","M","M"],"character_chosen":"THE_SPIRIT","items_purchased":["Apotheosis","hexamod:MatchstickCase","hexamod:ThirdSeal","hexamod:FirstSeal"],"campfire_rested":0,"item_purchase_floors":[6,6,6,8],"current_hp_per_floor":[70,70,70,70,65,65,65,65,65,65,65,44,54,54,52,11,80,80,79,65,65,43,20,20,15,0,0,0],"gold":295,"neow_bonus":"BOSS_RELIC","is_daily":false,"chose_seed":false,"campfire_upgraded":4,"win_rate":0.0,"timestamp":1611532881,"path_taken":["R","?","M","?","?","$","T","?","?","?","R","E","R","?","M","BOSS","R","M","?","?","M","M","T","M","M"],"items_purchased_type":["Card","Relic","Card","Card"],"build_version":"2020-12-22","purchased_purges":1,"victory":false,"max_hp_per_floor":[70,70,70,70,70,70,70,70,70,70,70,70,80,80,80,80,80,80,80,80,80,80,80,80,80,80,80,80],"card_choices":[{"not_picked":["hexamod:GhostOfSpireFuture","hexamod:SpectralAdrenaline"],"picked":"hexamod:ShieldOfDarkness","floor":3.0},{"not_picked":["hexamod:GhostShield","hexamod:RainOfEmbers"],"picked":"hexamod:GhostLash","floor":5.0},{"not_picked":["hexamod:Rewind","hexamod:ThermalTransfer","hexamod:InspiringFlames"],"picked":"SKIP","floor":6.0},{"not_picked":["hexamod:InspiringFlames","hexamod:CatchUp"],"picked":"hexamod:GhostflameInferno","floor":8.0},{"not_picked":["hexamod:PhantomCloak","hexamod:TimeWarp"],"picked":"hexamod:StepThrough","floor":12.0},{"not_picked":["hexamod:ChargedBarrage","hexamod:TurnItUp","hexamod:Rewind"],"picked":"SKIP","floor":12.0},{"not_picked":["hexamod:Firestarter","hexamod:AdvancingGuard"],"picked":"hexamod:TimeOfNeed","floor":15.0},{"not_picked":["hexamod:RainOfEmbers","hexamod:GhostflameBarrier"],"picked":"hexamod:AdvancingGuard","floor":15.0},{"not_picked":["hexamod:ParanormalForm","hexamod:WildfireWeapon"],"picked":"hexamod:FifthSeal","floor":16.0},{"not_picked":["hexamod:GhostOfSpirePast","hexamod:InspiringFlames"],"picked":"hexamod:StepThrough","floor":19.0},{"not_picked":["hexamod:GhostShield","hexamod:SkipABeat","hexamod:BurningTouch"],"picked":"SKIP","floor":19.0},{"not_picked":["hexamod:ExtraCrispy+1","hexamod:SpectersWail"],"picked":"hexamod:SecondSeal","floor":20.0},{"not_picked":["hexamod:FirstSeal","hexamod:SecondSeal"],"picked":"hexamod:SixthSeal","floor":22.0},{"not_picked":["hexamod:HeatCrush","hexamod:FourthSeal"],"picked":"hexamod:FastForward+1","floor":22.0},{"not_picked":["hexamod:BacktrackSmack","hexamod:ThermalTransfer"],"picked":"hexamod:FastForward","floor":22.0},{"not_picked":["hexamod:HauntingEcho","hexamod:Rewind","hexamod:FifthSeal"],"picked":"SKIP","floor":23},{"not_picked":["hexamod:NightmareGuise","hexamod:SwordOfDarkness+1"],"picked":"hexamod:RecurringNightmare","floor":25}],"player_experience":236666,"relics_obtained":[{"floor":12.0,"key":"PreservedInsect"},{"floor":14.0,"key":"Akabeko"},{"floor":24,"key":"hubris:Reverence"}],"event_choices":[],"is_beta":false,"boss_relics":[{"not_picked":["hubris:RunicObelisk","Cursed Key"],"picked":"Sozu"}],"items_purged_floors":[6],"is_endless":false,"potions_floor_spawned":[12,15,16,19,20,22],"killed_by":"Snecko","ascension_level":0}}