{"host":"soyfmymeou4emntr","time":1611561806,"event":{"mods":["BaseMod","BetterRewards","Minty Spire (QoL Compilation)","Relic Sorter","Relic Stats","StSLib"],"gold_per_floor":[112,131,131,146,146,146,173,187,187,210,230,230,230],"floor_reached":12,"language":"ENG","playtime":682,"items_purged":[],"score":160,"play_id":"bc5696e6-3b4b-4e07-84e4-fc7faacbd0fb","local_time":"20210125010326","is_ascension_mode":true,"campfire_choices":[{"data":"Dagger Spray","floor":6.0,"key":"SMITH"}],"circlet_count":0,"master_deck":["AscendersBane","Strike_G","Strike_G","Strike_G","Strike_G","Strike_G","Defend_G","Defend_G","Defend_G","Defend_G","Defend_G","Survivor","Neutralize","Malaise","Sucker Punch","Dash","Dagger Spray+1","Catalyst+1","Bullet Time+1","Noxious Fumes"],"relics":["Ring of the Snake","Toxic Egg 2","Singing Bowl","Odd Mushroom"],"acts_visited":["Exordium"],"potions_floor_usage":[12],"damage_taken":[{"damage":4.0,"enemies":"2 Louse","floor":1.0,"turns":4.0},{"damage":4.0,"enemies":"Jaw Worm","floor":2.0,"turns":7.0},{"damage":1.0,"enemies":"Small Slimes","floor":4.0,"turns":4.0},{"damage":23.0,"enemies":"3 Sentries","floor":7.0,"turns":8.0},{"damage":0.0,"enemies":"2 Fungi Beasts","floor":8.0,"turns":2.0},{"damage":0.0,"enemies":"The Mushroom Lair","floor":10.0,"turns":3.0},{"damage":19.0,"enemies":"Large Slime","floor":11.0,"turns":8.0},{"damage":23,"enemies":"Gremlin Nob","floor":12,"turns":4}],"seed_played":"7146609477229988121","potions_obtained":[{"floor":1.0,"key":"Energy Potion"},{"floor":2.0,"key":"Weak Potion"},{"floor":7.0,"key":"BlessingOfTheForge"},{"floor":11.0,"key":"BlessingOfTheForge"}],"is_trial":false,"path_per_floor":["M","M","?","M","?","R","E","M","T","?","M","E"],"character_chosen":"THE_SILENT","items_purchased":[],"campfire_rested":0,"item_purchase_floors":[],"current_hp_per_floor":[55,51,51,50,55,55,32,32,32,34,15,0,0],"gold":230,"neow_bonus":"ONE_RANDOM_RARE_CARD","is_daily":false,"chose_seed":false,"campfire_upgraded":1,"win_rate":0.0,"timestamp":1611561806,"path_taken":["M","M","?","M","?","R","E","M","T","?","?","E"],"items_purchased_type":[],"build_version":"2020-12-22","purchased_purges":0,"victory":false,"max_hp_per_floor":[66,66,66,66,71,71,71,71,71,73,73,73,73],"relic_stats":{"Singing Bowl":2,"counters":[8,40],"obtain_stats":[{"Singing Bowl":9,"Toxic Egg 2":7,"Odd Mushroom":10,"Ring of the Snake":0},{"Singing Bowl":5,"Toxic Egg 2":4,"Odd Mushroom":6,"Ring of the Snake":0},{"Singing Bowl":25,"Toxic Egg 2":23,"Odd Mushroom":28,"Ring of the Snake":0}],"Ring of the Snake":[16]},"card_choices":[{"not_picked":["Reflex","Dodge and Roll"],"picked":"Sucker Punch","floor":1.0},{"not_picked":["Underhanded Strike","Slice"],"picked":"Dash","floor":2.0},{"not_picked":["Flying Knee","Poisoned Stab"],"picked":"Dagger Spray","floor":4.0},{"not_picked":["Well Laid Plans","Poisoned Stab"],"picked":"Catalyst+1","floor":7.0},{"not_picked":["Flechettes","Deflect+1"],"picked":"Bullet Time+1","floor":8.0},{"not_picked":["Dagger Throw","Underhanded Strike","Slice"],"picked":"Singing Bowl","floor":10.0},{"not_picked":["Acrobatics+1","Sucker Punch"],"picked":"Noxious Fumes","floor":11.0}],"player_experience":2890370,"relics_obtained":[{"floor":7.0,"key":"Toxic Egg 2"},{"floor":9.0,"key":"Singing Bowl"},{"floor":10.0,"key":"Odd Mushroom"}],"event_choices":[{"damage_healed":0.0,"max_hp_gain":0.0,"max_hp_loss":0.0,"gold_gain":0.0,"event_name":"Liars Game","player_choice":"Ignored","floor":3.0,"gold_loss":0.0,"damage_taken":0.0},{"damage_healed":0.0,"max_hp_gain":5.0,"max_hp_loss":0.0,"gold_gain":0.0,"event_name":"Big Fish","player_choice":"Donut","floor":5.0,"gold_loss":0.0,"damage_taken":0.0},{"damage_healed":0.0,"max_hp_gain":0.0,"max_hp_loss":0.0,"gold_gain":0.0,"event_name":"Mushrooms","player_choice":"Fought Mushrooms","floor":10.0,"gold_loss":0.0,"damage_taken":0.0}],"is_beta":false,"boss_relics":[],"items_purged_floors":[],"is_endless":false,"potions_floor_spawned":[1,2,7,11],"killed_by":"Gremlin Nob","ascension_level":20}}