{"host":"lzzv50t0ea3gz1kk","time":1611561739,"event":{"mods":["ATMod(°¢èªMod)","Act Like it!","Aspiration","BaseMod","Colored Powertips","Conspire","Downfall","Gensokyo","Hallownest","Hermit","Marisa£¨ìFÓê¡¡Ä§ÀíÉ³£©","Minty Spire (QoL Compilation)","Robot Space Explorer","SIMod","StSLib","The Saiyan"],"gold_per_floor":[99,3,3,3,22,22,72,91,102,114,114,14,39,68,90,206,218,30,54,83,106,118,142,154,166,178,190,222,234,273,285,316,426,438,450,475,500,278,297,297,297,310,326,337,337,349,375,386,404,404,404,434,30,30,30,30],"floor_reached":57,"language":"ZHS","playtime":3848,"items_purged":["Pain","Guardian:Strike_Guardian"],"score":1287,"play_id":"9705c2a5-6f14-470e-a615-c37647cc2a18","local_time":"20210125160219","is_ascension_mode":false,"campfire_choices":[{"data":"Guardian:TwinSlam","floor":1,"key":"SMITH"},{"floor":6,"key":"RECALL"},{"floor":12,"key":"REST"},{"data":"Guardian:ExploitGems","floor":18,"key":"SMITH"},{"data":"Guardian:DonusPower","floor":25,"key":"SMITH"},{"floor":27,"key":"REST"},{"data":"Guardian:DecasProtection","floor":35,"key":"SMITH"},{"data":"Guardian:TemporalShield","floor":40,"key":"SMITH"},{"floor":45,"key":"REST"},{"floor":54,"key":"REST"}],"circlet_count":0,"master_deck":["Guardian:Strike_Guardian+1","Guardian:Strike_Guardian","Guardian:Defend_Guardian","Guardian:Defend_Guardian+1","Guardian:Defend_Guardian+1","Guardian:CurlUp","Guardian:TwinSlam+1","Guardian:BodySlam","Guardian:PolyBeam","downfall:Malfunctioning","Guardian:BronzeOrb","Guardian:DonusPower+1","Guardian:SentryBeam","Guardian:ExploitGems+1","CurseOfTheBell","Guardian:PiercingHide+1","Guardian:DecasProtection+1","Guardian:TemporalShield+1","Guardian:TemporalShield+1","Guardian:VentSteam+1","Guardian:DonusPower+1","Guardian:Preprogram+1"],"relics":["Guardian:ModeShifterPlus","AT_ATBox","WarpedTongs","downfall:HeartBlessingRed","MawBank","Calling Bell","Happy Flower","StrikeDummy","Du-Vu Doll","downfall:HeartBlessingGreen","downfall:HeartBlessingBlue","aspiration:FrozenJewel","Vajra","AT_ChloranthyRing","Bronze Scales","Toxic Egg 2","Mango","aspiration:FetidBarrel","AT_SunfireAegis"],"acts_visited":["Exordium","TheCity","TheBeyond","TheEnding"],"potions_floor_usage":[16,56,56],"damage_taken":[{"damage":0,"enemies":"downfall:FleeingMerchant","floor":2,"turns":4},{"damage":14,"enemies":"Jaw Worm","floor":5,"turns":3},{"damage":2,"enemies":"2 Louse","floor":8,"turns":3},{"damage":7,"enemies":"Cultist","floor":9,"turns":3},{"damage":9,"enemies":"Gremlin Gang","floor":10,"turns":3},{"damage":16,"enemies":"3 Sentries","floor":13,"turns":8},{"damage":5,"enemies":"Blue Slaver","floor":14,"turns":3},{"damage":4,"enemies":"Red Slaver","floor":15,"turns":2},{"damage":29,"enemies":"DF_ARCHETYPE_STREAMLINE","floor":16,"turns":7},{"damage":7,"enemies":"Chosen","floor":19,"turns":2},{"damage":0,"enemies":"Spheric Guardian","floor":20,"turns":2},{"damage":3,"enemies":"Snecko","floor":21,"turns":3},{"damage":4,"enemies":"Centurion and Healer","floor":23,"turns":4},{"damage":12,"enemies":"conspire:HollyBat","floor":28,"turns":6},{"damage":8,"enemies":"Slavers","floor":30,"turns":3},{"damage":1,"enemies":"Chosen and Byrds","floor":32,"turns":3},{"damage":23,"enemies":"SI_MIRROR_ARCHETYPE","floor":33,"turns":8},{"damage":5,"enemies":"Orb Walker","floor":36,"turns":2},{"damage":5,"enemies":"3 Darklings","floor":37,"turns":3},{"damage":7,"enemies":"downfall:FleeingMerchant","floor":38,"turns":4},{"damage":0,"enemies":"Jaw Worm Horde","floor":39,"turns":5},{"damage":0,"enemies":"4 Shapes","floor":42,"turns":3},{"damage":0,"enemies":"Spire Growth","floor":43,"turns":3},{"damage":0,"enemies":"3 Darklings","floor":44,"turns":3},{"damage":0,"enemies":"Sphere and 2 Shapes","floor":46,"turns":4},{"damage":0,"enemies":"Nemesis","floor":47,"turns":5},{"damage":0,"enemies":"Spire Growth","floor":48,"turns":3},{"damage":0,"enemies":"Transient","floor":49,"turns":5},{"damage":0,"enemies":"WA_ARCHETYPE_DIVINITY","floor":50,"turns":6},{"damage":28,"enemies":"downfall:CharBossMerchant","floor":52,"turns":6},{"damage":0,"enemies":"downfall:NeowBoss","floor":55,"turns":11},{"damage":47,"enemies":"downfall:NeowBossFinal","floor":56,"turns":8}],"seed_played":"8441599952857103691","potions_obtained":[{"floor":8,"key":"Ancient Potion"},{"floor":10,"key":"Fire Potion"},{"floor":13,"key":"Fire Potion"},{"floor":14,"key":"PowerPotion"},{"floor":15,"key":"FairyPotion"},{"floor":20,"key":"conspire:TimeTravelPotion"},{"floor":42,"key":"Strength Potion"}],"is_trial":false,"path_per_floor":["R","$","?","?","M","R","T","M","M","M","?","R","E","M","M","B",null,"R","M","M","M","?","M","T","R","T","R","M","?","E","?","M","B",null,"R","M","M","$","M","R","T","M","M","M","R","M","E","M","M","B",null,"E","$","R","B","B",null],"character_chosen":"GUARDIAN","items_purchased":["Guardian:PolyBeam","Bronze Scales","Guardian:Gem_Orange","AT_SunfireAegis"],"campfire_rested":4,"item_purchase_floors":[2,38,53,53],"current_hp_per_floor":[80,80,80,80,66,66,66,64,57,48,48,72,56,51,47,18,80,90,83,83,80,80,76,76,76,76,90,78,78,70,52,51,28,95,95,90,85,78,78,78,78,78,78,78,95,95,109,109,109,109,109,81,81,109,109,109],"gold":30,"neow_bonus":"REMOVE_CARD","is_daily":false,"chose_seed":false,"campfire_upgraded":5,"win_rate":0.0,"timestamp":1611561739,"path_taken":["R","$","?","?","M","R","T","M","M","?","?","R","E","M","M","BOSS","R","M","M","?","?","?","T","R","?","R","M","?","E","?","M","BOSS","R","M","M","$","M","R","T","M","M","M","R","M","E","M","M","BOSS","E","$","R","BOSS","BOSS"],"items_purchased_type":["Card","Relic","Card","Relic"],"build_version":"2020-12-22","purchased_purges":2,"victory":true,"max_hp_per_floor":[80,80,80,80,80,80,80,80,80,80,80,80,80,80,80,80,80,90,90,90,90,90,90,90,90,90,90,90,90,90,95,95,95,95,95,95,95,95,95,95,95,95,95,95,95,95,109,109,109,109,109,109,109,109,109,109],"card_choices":[{"not_picked":["Guardian:PrimingBeam","Guardian:Incinerate"],"picked":"Guardian:BodySlam","floor":2},{"not_picked":["Guardian:Incinerate","Guardian:Gem_Blue"],"picked":"Guardian:BronzeOrb","floor":5},{"not_picked":["Guardian:SpikerProtocol","Guardian:Incinerate","Guardian:Gem_Cyan"],"picked":"SKIP","floor":8},{"not_picked":["Guardian:Suspension","Guardian:Reroute","Guardian:Incinerate"],"picked":"SKIP","floor":9},{"not_picked":["Guardian:Gem_Red","Guardian:VentSteam","Guardian:Gem_Cyan"],"picked":"SKIP","floor":10},{"not_picked":["Guardian:CrystalBeam","Guardian:ChargeCore"],"picked":"Guardian:SentryBeam","floor":13},{"not_picked":["Guardian:AncientConstruct","Guardian:Planning"],"picked":"Guardian:Gem_Fragmented","floor":14},{"not_picked":["Guardian:EvasiveProtocol","Guardian:SpikerProtocol"],"picked":"Guardian:Gem_Yellow","floor":15},{"not_picked":["Guardian:TimeSifter","Guardian:BaubleBeam"],"picked":"Guardian:ExploitGems","floor":16},{"not_picked":["Guardian:VentSteam","Guardian:PrimingBeam"],"picked":"Guardian:PiercingHide+1","floor":19},{"not_picked":["Guardian:CrystalBeam+1","Guardian:VentSteam+1","Guardian:MultiBeam"],"picked":"SKIP","floor":20},{"not_picked":["Guardian:Gem_Cyan","Guardian:RefractedBeam+1"],"picked":"Guardian:Gem_Purple","floor":21},{"not_picked":["Guardian:Gem_Lightblue","Guardian:RollAttack"],"picked":"Guardian:Gem_Fragmented","floor":23},{"not_picked":["Guardian:Harden+1","Guardian:PrismaticBeam","Guardian:Reroute+1"],"picked":"SKIP","floor":28},{"not_picked":["Guardian:Emergency","Guardian:StasisStrike"],"picked":"Guardian:DecasProtection","floor":30},{"not_picked":["Guardian:GuardianWhirl","Guardian:Emergency"],"picked":"Guardian:TemporalShield","floor":32},{"not_picked":["Guardian:FastForward","Guardian:Gem_Synthetic"],"picked":"Guardian:Gem_Orange","floor":33},{"not_picked":["Guardian:Reroute+1","Guardian:VentSteam"],"picked":"Guardian:TemporalShield+1","floor":36},{"not_picked":["Guardian:TemporalShield+1","Guardian:ChargeCore","Guardian:Planning"],"picked":"SKIP","floor":37},{"not_picked":["Guardian:Gem_Cyan","Guardian:WalkerClaw+1"],"picked":"Guardian:Gem_Orange","floor":38},{"not_picked":["Guardian:Reroute+1","Guardian:ChargeCore","Guardian:VentSteam"],"picked":"SKIP","floor":39},{"not_picked":["Guardian:Recover+1","Guardian:GuardianWhirl+1","Guardian:TemporalShield+1"],"picked":"SKIP","floor":42},{"not_picked":["Guardian:Gem_Cyan","Guardian:Reroute+1","Guardian:Clone+1"],"picked":"SKIP","floor":43},{"not_picked":["Guardian:EvasiveProtocol+1","Guardian:ChargeCore+1","Guardian:FastForward+1"],"picked":"SKIP","floor":44},{"not_picked":["Guardian:Gem_Yellow","Guardian:EvasiveProtocol+1","Guardian:Gem_Lightblue"],"picked":"SKIP","floor":46},{"not_picked":["Guardian:ShieldCharger+1","Guardian:SpikerProtocol","Guardian:PrimingBeam+1"],"picked":"SKIP","floor":47},{"not_picked":["Guardian:PrimingBeam+1","Guardian:Orbwalk"],"picked":"Guardian:VentSteam+1","floor":48},{"not_picked":["Guardian:EvasiveProtocol","Guardian:Reroute+1"],"picked":"Guardian:DonusPower+1","floor":49},{"not_picked":["Guardian:PrimingBeam+1","Guardian:WalkerClaw"],"picked":"Guardian:Preprogram+1","floor":52}],"player_experience":408638,"relics_obtained":[{"floor":13,"key":"MawBank"},{"floor":17,"key":"Happy Flower"},{"floor":17,"key":"StrikeDummy"},{"floor":17,"key":"Du-Vu Doll"},{"floor":24,"key":"aspiration:FrozenJewel"},{"floor":26,"key":"Vajra"},{"floor":30,"key":"AT_ChloranthyRing"},{"floor":41,"key":"Toxic Egg 2"},{"floor":47,"key":"Mango"},{"floor":52,"key":"aspiration:FetidBarrel"}],"event_choices":[{"damage_healed":0,"gold_gain":0,"player_choice":"Leave","damage_taken":0,"max_hp_gain":0,"max_hp_loss":0,"event_name":"FaceTrader","floor":22,"gold_loss":0}],"is_beta":false,"boss_relics":[{"not_picked":["aspiration:SilentSkillbook","aspiration:WatcherSkillbook"],"picked":"Calling Bell"},{"not_picked":["aspiration:RitualDagger","conspire:SlowCooker"],"picked":"Guardian:ModeShifterPlus"}],"items_purged_floors":[38,53],"is_endless":false,"potions_floor_spawned":[8,10,13,14,15,20,28,30,36,42,43,46,47,49,52],"ascension_level":0}}