{"host":"aj7el8l5kufbk20z","time":1611574179,"event":{"mods":["AchievementEnabler","BaseMod","Colored Map","Colored Powertips","Curses Come First","Highlight Path","Minty Spire (QoL Compilation)","Permanent Neow","Poor People Problems","Quick Restart","Rare Cards Sparkle","Relic Stats","StSLib","SuperFastMode","Waifu the Spire"],"gold_per_floor":[119,194,171,271,119,119,152,152,176,176,188,188,201,201,201,276,276,263,263],"floor_reached":18,"language":"ZHS","playtime":395,"items_purged":[],"score":320,"play_id":"ded252dd-47cd-4d04-8c2d-066fbf77cf11","local_time":"20210125192939","is_ascension_mode":true,"campfire_choices":[{"data":"Armaments","floor":6.0,"key":"SMITH"},{"data":"Body Slam","floor":8.0,"key":"SMITH"},{"data":"Bash","floor":10.0,"key":"SMITH"},{"data":"Sword Boomerang","floor":12.0,"key":"SMITH"},{"data":"Inflame","floor":15.0,"key":"SMITH"}],"circlet_count":0,"master_deck":["AscendersBane","Strike_R","Strike_R","Strike_R","Strike_R","Defend_R","Defend_R","Defend_R","Defend_R","Bash+1","Iron Wave","Armaments+1","Body Slam+1","Sword Boomerang+1","Inflame+1","Juggernaut","CurseOfTheBell"],"relics":["Burning Blood","NeowsBlessing","Sling","Strawberry","Art of War","Calling Bell","Shuriken","Dream Catcher","Magic Flower"],"acts_visited":["Exordium","TheCity"],"potions_floor_usage":[16,16],"damage_taken":[{"damage":0.0,"enemies":"Jaw Worm","floor":1.0,"turns":1.0},{"damage":0.0,"enemies":"Gremlin Nob","floor":7.0,"turns":1.0},{"damage":0.0,"enemies":"Cultist","floor":11.0,"turns":1.0},{"damage":2.0,"enemies":"2 Louse","floor":13.0,"turns":2.0},{"damage":63,"enemies":"Hexaghost","floor":16,"turns":12},{"damage":40,"enemies":"2 Thieves","floor":18,"turns":4}],"seed_played":"-150299934633755806","potions_obtained":[{"floor":1.0,"key":"Block Potion"},{"floor":11.0,"key":"Swift Potion"}],"is_trial":false,"path_per_floor":["M","?","$","?","$","R","E","R","T","R","M","R","M","?","R","B",null,"M"],"character_chosen":"IRONCLAD","items_purchased":["Armaments","Sling"],"campfire_rested":0,"item_purchase_floors":[3,5],"current_hp_per_floor":[74,63,63,63,63,63,76,76,76,76,82,82,82,75,75,18,66,35,35],"gold":263,"neow_bonus":"THREE_ENEMY_KILL","is_daily":false,"chose_seed":false,"campfire_upgraded":5,"win_rate":0.0,"timestamp":1611574179,"path_taken":["M","?","$","?","$","R","E","R","T","R","?","R","M","?","R","BOSS","M"],"items_purchased_type":["Card","Relic"],"build_version":"2020-12-22","purchased_purges":0,"victory":false,"max_hp_per_floor":[75,75,75,75,75,75,82,82,82,82,82,82,82,82,82,82,82,82,82],"relic_stats":{"Dream Catcher":0,"counters":[6,21],"Shuriken":[0],"Magic Flower":[3],"Art of War":[0],"obtain_stats":[{"Calling Bell":17,"Dream Catcher":17,"NeowsBlessing":0,"Shuriken":17,"Strawberry":7,"Magic Flower":17,"Art of War":9,"Sling":5,"Burning Blood":0},{"Calling Bell":5,"Dream Catcher":5,"NeowsBlessing":0,"Shuriken":5,"Strawberry":2,"Magic Flower":5,"Art of War":2,"Sling":1,"Burning Blood":0},{"Calling Bell":17,"Dream Catcher":17,"NeowsBlessing":0,"Shuriken":17,"Strawberry":2,"Magic Flower":17,"Art of War":2,"Sling":1,"Burning Blood":0}],"Burning Blood":35},"card_choices":[{"not_picked":["Dropkick","Combust"],"picked":"Iron Wave","floor":1.0},{"not_picked":["Intimidate","Headbutt"],"picked":"Body Slam","floor":7.0},{"not_picked":["Pommel Strike","Havoc"],"picked":"Sword Boomerang","floor":11.0},{"not_picked":["Flex","Perfected Strike"],"picked":"Inflame","floor":13.0},{"not_picked":["Reaper","Double Tap"],"picked":"Juggernaut","floor":16}],"player_experience":386690,"relics_obtained":[{"floor":7.0,"key":"Strawberry"},{"floor":9.0,"key":"Art of War"},{"floor":17,"key":"Shuriken"},{"floor":17,"key":"Dream Catcher"},{"floor":17,"key":"Magic Flower"}],"event_choices":[{"damage_healed":0.0,"max_hp_gain":0.0,"max_hp_loss":0.0,"gold_gain":75.0,"event_name":"World of Goop","player_choice":"Gather Gold","floor":2.0,"gold_loss":0.0,"damage_taken":11.0},{"damage_healed":0.0,"max_hp_gain":0.0,"max_hp_loss":0.0,"gold_gain":100.0,"event_name":"Wheel of Change","player_choice":"Gold","floor":4.0,"gold_loss":0.0,"damage_taken":0.0},{"cards_removed":["Strike_R"],"damage_healed":0.0,"max_hp_gain":0.0,"max_hp_loss":0.0,"gold_gain":0.0,"event_name":"Golden Wing","player_choice":"Card Removal","floor":14.0,"gold_loss":0.0,"damage_taken":7.0}],"is_beta":false,"boss_relics":[{"not_picked":["Coffee Dripper","Runic Pyramid"],"picked":"Calling Bell"}],"items_purged_floors":[],"is_endless":false,"potions_floor_spawned":[1,11],"killed_by":"2 Thieves","ascension_level":15}}