{"host":"syozzdlzcqop4jia","time":1611532998,"event":{"mods":["BaseMod","Colored Powertips","Minty Spire (QoL Compilation)","Quick Restart"],"gold_per_floor":[118,34,50,61,61,103,103,438,508,508,526,555,616,581,581,691,772,796,805,396,396,396],"floor_reached":21,"language":"ENG","playtime":1836,"items_purged":[],"score":231,"play_id":"d56a7800-ade1-41d5-bf8b-7ae995248020","local_time":"20210125010318","is_ascension_mode":true,"campfire_choices":[{"floor":7,"key":"REST"},{"floor":10,"key":"DIG"},{"data":"Seeing Red","floor":15,"key":"SMITH"}],"circlet_count":0,"master_deck":["Bash","Seeing Red+1","Inflame","Clash","Flex","Cleave","Immolate","Cleave","Shrug It Off","Demon Form","Flame Barrier","Bloodletting","Double Tap","Offering","Entrench","Dual Wield","Flame Barrier","Bloodletting","Searing Blow","Flex","Decay"],"relics":["Burning Blood","Bag of Preparation","Shovel","CeramicFish","Old Coin","Letter Opener","Pear","Eternal Feather","Pandora\u0027s Box","Brimstone","Toxic Egg 2"],"acts_visited":["Exordium","TheCity"],"potions_floor_usage":[3,18],"damage_taken":[{"damage":1,"enemies":"Cultist","floor":1,"turns":4},{"damage":7,"enemies":"Jaw Worm","floor":3,"turns":2},{"damage":5,"enemies":"Small Slimes","floor":4,"turns":2},{"damage":45,"enemies":"Gremlin Nob","floor":6,"turns":5},{"damage":21,"enemies":"Lagavulin","floor":8,"turns":5},{"damage":0,"enemies":"3 Louse","floor":11,"turns":2},{"damage":6,"enemies":"Gremlin Gang","floor":12,"turns":2},{"damage":13,"enemies":"3 Sentries","floor":13,"turns":3},{"damage":69,"enemies":"The Guardian","floor":16,"turns":9},{"damage":42,"enemies":"Shell Parasite","floor":18,"turns":5},{"damage":8,"enemies":"Chosen","floor":21,"turns":2}],"seed_played":"-8599820273196555275","potions_obtained":[{"floor":1,"key":"Fruit Juice"},{"floor":3,"key":"Swift Potion"},{"floor":8,"key":"BlessingOfTheForge"},{"floor":16,"key":"Energy Potion"}],"is_trial":false,"path_per_floor":["M","$","M","M","?","E","R","E","T","R","M","M","?","?","R","B",null,"M","?","$","M"],"character_chosen":"IRONCLAD","items_purchased":["Inflame","Clash","Brimstone","Toxic Egg 2"],"campfire_rested":1,"item_purchase_floors":[2,2,20,20],"current_hp_per_floor":[80,80,84,85,73,34,59,44,44,54,60,60,53,76,85,22,95,59,59,59,51,51],"gold":396,"neow_bonus":"RANDOM_COMMON_RELIC","is_daily":false,"chose_seed":false,"campfire_upgraded":1,"win_rate":0.0,"timestamp":1611532998,"path_taken":["M","$","M","?","?","E","R","E","T","R","M","M","?","?","R","BOSS","M","?","$","?"],"items_purchased_type":["Card","Card","Relic","Relic"],"build_version":"2020-12-22","purchased_purges":0,"victory":false,"max_hp_per_floor":[80,80,85,85,85,85,85,85,85,95,95,95,95,95,95,95,95,95,95,95,95,95],"card_choices":[{"not_picked":["Whirlwind","Headbutt"],"picked":"Seeing Red","floor":1},{"not_picked":["Sever Soul","Pummel"],"picked":"Flex","floor":3},{"not_picked":["Wild Strike","Dual Wield"],"picked":"Cleave","floor":4},{"not_picked":["Clash","Reckless Charge"],"picked":"Immolate","floor":6},{"not_picked":["Disarm","Clothesline"],"picked":"Cleave","floor":8},{"not_picked":["Armaments","Cleave","Fire Breathing"],"picked":"SKIP","floor":11},{"not_picked":["Intimidate","Power Through"],"picked":"Shrug It Off","floor":12},{"not_picked":["Bludgeon","Impervious"],"picked":"Demon Form","floor":16},{"not_picked":["Heavy Blade+1","Seeing Red+1"],"picked":"Flex","floor":18}],"player_experience":362071,"relics_obtained":[{"floor":6,"key":"CeramicFish"},{"floor":8,"key":"Old Coin"},{"floor":9,"key":"Letter Opener"},{"floor":10,"key":"Pear"},{"floor":13,"key":"Eternal Feather"}],"event_choices":[{"damage_healed":0,"gold_gain":0,"player_choice":"Success","damage_taken":12,"relics_obtained":["Shovel"],"max_hp_gain":0,"max_hp_loss":0,"event_name":"Scrap Ooze","floor":5,"gold_loss":0},{"damage_healed":0,"gold_gain":30,"player_choice":"Searched \u00273\u0027 times","damage_taken":0,"max_hp_gain":0,"max_hp_loss":0,"event_name":"Dead Adventurer","floor":13,"gold_loss":0},{"damage_healed":23,"gold_gain":0,"player_choice":"Healed","damage_taken":0,"max_hp_gain":0,"max_hp_loss":0,"event_name":"The Cleric","floor":14,"gold_loss":35},{"damage_healed":0,"gold_gain":0,"player_choice":"Cursed","damage_taken":0,"max_hp_gain":0,"max_hp_loss":0,"event_name":"Wheel of Change","floor":19,"gold_loss":0,"cards_obtained":["Decay"]}],"is_beta":false,"boss_relics":[{"not_picked":["Sozu","Black Star"],"picked":"Pandora\u0027s Box"}],"items_purged_floors":[],"is_endless":false,"potions_floor_spawned":[1,3,8,16],"killed_by":"Chosen","ascension_level":2}}