{"host":"zpo0s982nnba8fjk","time":1611588023,"event":{"mods":["Act Like it!","BaseMod","Downfall","GifTheSpireLib","Hubris","Infinite Spire","Minty Spire (QoL Compilation)","Replay The Spire","StSLib"],"gold_per_floor":[99,111,123,35,35,35,35,60,78,95,113,23,49,69,82,183,183,183,196,209,221,221,221,221],"floor_reached":22,"language":"ENG","playtime":11409,"items_purged":["Regret"],"score":210,"play_id":"c4bc6dff-e1ff-4911-8091-d0a1f11fbe12","local_time":"20210125162023","is_ascension_mode":true,"campfire_choices":[{"floor":1,"key":"DIG"},{"data":"champ:GladiatorStyle","floor":18,"key":"SMITH"}],"circlet_count":0,"master_deck":["champ:Strike+1","champ:Strike","champ:Strike","champ:Strike","champ:Defend","champ:Defend","champ:Defend","champ:Defend+1","champ:Execute+1","champ:Taunt","champ:StanceDance+1","champ:Shatter","champ:ShieldWall","downfall:Malfunctioning","champ:LastStand","champ:CrookedStrike","champ:HeartStrike","champ:GladiatorStyle+1","champ:GladiatorStyle"],"relics":["champ:ChampionCrown","Bag of Preparation","Gremlin Horn","TungstenRod","PreservedInsect","ReplayTheSpireMod:TigerMarble","Philosopher\u0027s Stone"],"acts_visited":["Exordium","TheCity"],"potions_floor_usage":[13,16,16,16,21,22],"damage_taken":[{"damage":12,"enemies":"Cultist","floor":2,"turns":4},{"damage":15,"enemies":"Jaw Worm","floor":3,"turns":3},{"damage":0,"enemies":"downfall:FleeingMerchant","floor":4,"turns":4},{"damage":33,"enemies":"3 Sentries","floor":8,"turns":8},{"damage":3,"enemies":"2 Louse","floor":9,"turns":2},{"damage":12,"enemies":"Exordium Wildlife","floor":10,"turns":4},{"damage":37,"enemies":"Exordium Thugs","floor":11,"turns":4},{"damage":21,"enemies":"downfall:FleeingMerchant","floor":12,"turns":4},{"damage":9,"enemies":"Lagavulin","floor":13,"turns":4},{"damage":6,"enemies":"2 Fungi Beasts","floor":14,"turns":3},{"damage":9,"enemies":"Gremlin Gang","floor":15,"turns":3},{"damage":19,"enemies":"SI_SHIV_ARCHETYPE","floor":16,"turns":6},{"damage":9,"enemies":"Chosen","floor":19,"turns":4},{"damage":37,"enemies":"Shelled Parasite and Fungi","floor":20,"turns":6},{"damage":55,"enemies":"Snake Plant","floor":21,"turns":5},{"damage":58,"enemies":"Cultist and Chosen","floor":22,"turns":6}],"seed_played":"-6014159294949579225","potions_obtained":[{"floor":3,"key":"DuplicationPotion"},{"floor":8,"key":"DuplicationPotion"},{"floor":10,"key":"Cursed Concoction"},{"floor":13,"key":"hexamod:SoulburnPotion"},{"floor":20,"key":"sneckomod:MuddlingPotion"},{"floor":21,"key":"Block Potion"}],"is_trial":false,"path_per_floor":["R","M","M","$","?","?","T","E","M","M","M","$","E","M","M","B",null,"R","M","M","M","M"],"character_chosen":"THE_CHAMP","items_purchased":["champ:ShieldWall"],"campfire_rested":0,"item_purchase_floors":[4],"current_hp_per_floor":[90,88,83,83,83,83,83,70,67,65,48,37,28,22,23,14,90,90,90,63,32,0,0,0],"gold":221,"neow_bonus":"UPGRADE_CARD","is_daily":false,"chose_seed":false,"campfire_upgraded":1,"win_rate":0.0,"timestamp":1611588023,"path_taken":["R","M","M","?","?","?","T","E","M","M","?","?","E","M","M","BOSS","R","M","M","?","M"],"items_purchased_type":["Card"],"build_version":"2020-12-22","purchased_purges":1,"victory":false,"max_hp_per_floor":[90,90,90,90,90,90,90,90,90,90,90,90,90,90,90,90,90,90,90,90,90,90,90,90],"card_choices":[{"not_picked":["champ:AdrenalArmor","champ:FlashCut"],"picked":"champ:StanceDance","floor":2},{"not_picked":["champ:Haymaker","champ:PreciseThrust","champ:FanOfKnives"],"picked":"SKIP","floor":3},{"not_picked":["champ:TornadoPunch","champ:AdrenalArmor"],"picked":"champ:Shatter","floor":4},{"not_picked":["champ:DeathBlow","champ:Duel"],"picked":"champ:LastStand","floor":8},{"not_picked":["champ:IronFortress","champ:TornadoPunch"],"picked":"champ:CrookedStrike","floor":9},{"not_picked":["champ:Circumvent","champ:RapidStrikes"],"picked":"champ:HeartStrike","floor":10},{"not_picked":["champ:FlashCut","champ:EnGarde"],"picked":"champ:GladiatorStyle","floor":11},{"not_picked":["champ:PerfectedStrike","champ:BladeFlurry","champ:RapidStrikes"],"picked":"SKIP","floor":12},{"not_picked":["champ:GladiatorForm","champ:Lariat","champ:CrookedStrike"],"picked":"SKIP","floor":13},{"not_picked":["champ:BerserkersShout","champ:HeartStrike","champ:RapidStrikes"],"picked":"SKIP","floor":14},{"not_picked":["champ:BringItOn","champ:Haymaker","champ:AdrenalArmor"],"picked":"SKIP","floor":15},{"not_picked":["champ:AdrenalArmor","champ:Haymaker","champ:BladeFlurry"],"picked":"SKIP","floor":19},{"not_picked":["champ:DefensiveShout","champ:PreciseThrust"],"picked":"champ:GladiatorStyle","floor":20},{"not_picked":["champ:GutPunch+1","champ:PerfectedStrike","champ:FocusedBerserking+1"],"picked":"SKIP","floor":21}],"player_experience":297840,"relics_obtained":[{"floor":1,"key":"Bag of Preparation"},{"floor":7,"key":"TungstenRod"},{"floor":8,"key":"PreservedInsect"},{"floor":13,"key":"ReplayTheSpireMod:TigerMarble"}],"event_choices":[{"damage_healed":0,"gold_gain":0,"player_choice":"Box","damage_taken":0,"relics_obtained":["Gremlin Horn"],"max_hp_gain":0,"max_hp_loss":0,"event_name":"Big Fish","floor":5,"gold_loss":0,"cards_obtained":["Regret"]}],"is_beta":false,"boss_relics":[{"not_picked":["Replay:Bronze Core","Replay:Wanted Poster"],"picked":"Philosopher\u0027s Stone"}],"items_purged_floors":[12],"is_endless":false,"potions_floor_spawned":[3,8,10,13,20,21],"killed_by":"Cultist and Chosen","ascension_level":1}}