{"host":"kpyf5rnb72uwap8k","time":1611613295,"event":{"mods":["AchievementEnabler","BaseMod","Colored Map","Colored Powertips","DeckTracker","Minty Spire (QoL Compilation)","Permanent Neow","Quick Restart","StSLib","SuperFastMode"],"gold_per_floor":[109,109,129,144,164,178,51,51,51,51,64,82,137,137,137,233,233,243,259,279,290,35,70,70,89,89,99,128,141,141,141,141,141,141],"floor_reached":33,"language":"KOR","playtime":1080,"items_purged":["Strike_R","Defend_R"],"score":283,"play_id":"506a172b-1bc9-4597-8973-8599dbb1e17c","local_time":"20210126072134","is_ascension_mode":false,"campfire_choices":[{"data":"Perfected Strike","floor":8.0,"key":"SMITH"},{"data":"Shrug It Off","floor":10.0,"key":"SMITH"},{"floor":15.0,"key":"REST"},{"data":"Fire Breathing","floor":24,"key":"SMITH"},{"data":"Fiend Fire","floor":32,"key":"SMITH"}],"circlet_count":0,"master_deck":["Strike_R","Strike_R+1","Strike_R","Strike_R+1","Defend_R","Defend_R","Defend_R","Bash","Perfected Strike+1","Blood for Blood+1","Fire Breathing+1","Shrug It Off+1","Fire Breathing","Battle Trance","Shrug It Off","Fiend Fire+1","Fire Breathing+1","Decay"],"relics":["Burning Blood","Orichalcum","Ancient Tea Set","Cursed Key","PreservedInsect","Blue Candle","Lantern","Akabeko"],"acts_visited":["Exordium","TheCity"],"potions_floor_usage":[23,27,27,29],"damage_taken":[{"damage":5.0,"enemies":"Small Slimes","floor":1.0,"turns":4.0},{"damage":6.0,"enemies":"2 Louse","floor":3.0,"turns":2.0},{"damage":6.0,"enemies":"Cultist","floor":4.0,"turns":3.0},{"damage":8.0,"enemies":"2 Fungi Beasts","floor":5.0,"turns":3.0},{"damage":17.0,"enemies":"Large Slime","floor":6.0,"turns":7.0},{"damage":11.0,"enemies":"Lots of Slimes","floor":11.0,"turns":4.0},{"damage":8.0,"enemies":"Blue Slaver","floor":12.0,"turns":4.0},{"damage":13.0,"enemies":"3 Sentries","floor":13.0,"turns":4.0},{"damage":22.0,"enemies":"Hexaghost","floor":16.0,"turns":11.0},{"damage":2.0,"enemies":"Chosen","floor":18.0,"turns":4.0},{"damage":8.0,"enemies":"Shell Parasite","floor":19.0,"turns":9.0},{"damage":17,"enemies":"Snecko","floor":20,"turns":5},{"damage":2,"enemies":"Centurion and Healer","floor":21,"turns":7},{"damage":16,"enemies":"Slavers","floor":23,"turns":6},{"damage":13,"enemies":"Cultist and Chosen","floor":25,"turns":5},{"damage":15,"enemies":"Shelled Parasite and Fungi","floor":27,"turns":5},{"damage":11,"enemies":"Gremlin Leader","floor":28,"turns":5},{"damage":7,"enemies":"Snecko","floor":29,"turns":5},{"damage":50,"enemies":"Automaton","floor":33,"turns":10}],"seed_played":"8725367680673455398","potions_obtained":[{"floor":3.0,"key":"Dexterity Potion"},{"floor":4.0,"key":"PowerPotion"},{"floor":12.0,"key":"Regen Potion"},{"floor":16.0,"key":"SteroidPotion"},{"floor":19.0,"key":"SkillPotion"},{"floor":23,"key":"Weak Potion"}],"is_trial":false,"path_per_floor":["M","?","M","M","M","M","$","R","T","R","M","M","?","?","R","B",null,"M","M","M","M","$","E","R","M","T","M","E","M","?","?","R","B"],"character_chosen":"IRONCLAD","items_purchased":["BloodPotion","PreservedInsect"],"campfire_rested":1,"item_purchase_floors":[7,22],"current_hp_per_floor":[80,64,64,64,62,51,51,51,51,51,46,44,49,49,73,57,80,80,78,67,71,71,61,61,54,54,45,40,55,55,55,55,5,5],"gold":141,"neow_bonus":"THREE_CARDS","is_daily":false,"chose_seed":false,"campfire_upgraded":4,"win_rate":0.0,"timestamp":1611613294,"path_taken":["M","?","M","M","M","M","$","R","T","R","M","M","?","?","R","BOSS","M","M","?","M","$","E","R","M","T","M","E","M","?","?","R","BOSS"],"items_purchased_type":["Potion","Relic"],"build_version":"2020-12-22","purchased_purges":2,"victory":false,"max_hp_per_floor":[80,80,80,80,80,80,80,80,80,80,80,80,80,80,80,80,80,80,80,80,80,80,80,80,80,80,80,80,80,80,80,80,80,80],"card_choices":[{"not_picked":["Flex","Body Slam"],"picked":"Perfected Strike","floor":0.0},{"not_picked":["Clothesline","Armaments"],"picked":"Blood for Blood","floor":1.0},{"not_picked":["Body Slam","Sword Boomerang"],"picked":"Fire Breathing","floor":3.0},{"not_picked":["Cleave","Iron Wave"],"picked":"Shrug It Off","floor":4.0},{"not_picked":["Armaments","Offering"],"picked":"Fire Breathing","floor":5.0},{"not_picked":["Bloodletting","Metallicize","Hemokinesis"],"picked":"SKIP","floor":6.0},{"not_picked":["Pommel Strike","Body Slam"],"picked":"Battle Trance","floor":11.0},{"not_picked":["Anger","Pommel Strike","Sever Soul"],"picked":"SKIP","floor":12.0},{"not_picked":["Pummel","True Grit"],"picked":"Shrug It Off","floor":13.0},{"not_picked":["Limit Break","Demon Form"],"picked":"Fiend Fire","floor":16.0},{"not_picked":["Headbutt","Flex+1","Warcry"],"picked":"SKIP","floor":18.0},{"not_picked":["Body Slam","Ghostly Armor","Juggernaut"],"picked":"SKIP","floor":19.0},{"not_picked":["Havoc","Sword Boomerang","Clothesline"],"picked":"SKIP","floor":20},{"not_picked":["Inflame","Cleave","Whirlwind"],"picked":"SKIP","floor":21},{"not_picked":["Clash","Twin Strike","Thunderclap"],"picked":"SKIP","floor":23},{"not_picked":["True Grit+1","Uppercut"],"picked":"Fire Breathing+1","floor":25},{"not_picked":["Whirlwind+1","Flame Barrier+1","Sever Soul"],"picked":"SKIP","floor":27},{"not_picked":["Intimidate","Anger","Twin Strike+1"],"picked":"SKIP","floor":28},{"not_picked":["Corruption","Anger+1","Perfected Strike"],"picked":"SKIP","floor":29}],"player_experience":165574,"relics_obtained":[{"floor":9.0,"key":"Orichalcum"},{"floor":13.0,"key":"Ancient Tea Set"},{"floor":23,"key":"Blue Candle"},{"floor":26,"key":"Lantern"},{"floor":28,"key":"Akabeko"}],"event_choices":[{"damage_healed":0.0,"max_hp_gain":0.0,"max_hp_loss":0.0,"gold_gain":0.0,"event_name":"Shining Light","player_choice":"Entered Light","floor":2.0,"gold_loss":0.0,"damage_taken":16.0,"cards_upgraded":["Strike_R","Strike_R"]},{"damage_healed":0.0,"max_hp_gain":0.0,"max_hp_loss":0.0,"gold_gain":30.0,"event_name":"Dead Adventurer","player_choice":"Searched \u00272\u0027 times","floor":13.0,"gold_loss":0.0,"damage_taken":0.0},{"damage_healed":0.0,"max_hp_gain":0.0,"max_hp_loss":0.0,"gold_gain":0.0,"event_name":"Accursed Blacksmith","player_choice":"Forge","floor":14.0,"gold_loss":0.0,"damage_taken":0.0,"cards_upgraded":["Blood for Blood"]},{"damage_healed":0,"gold_gain":0,"player_choice":"Ignored","damage_taken":0,"max_hp_gain":0,"max_hp_loss":0,"event_name":"Cursed Tome","floor":30,"gold_loss":0},{"damage_healed":0,"gold_gain":0,"player_choice":"Ignored","damage_taken":0,"max_hp_gain":0,"max_hp_loss":0,"event_name":"Vampires","floor":31,"gold_loss":0}],"is_beta":false,"boss_relics":[{"not_picked":["SacredBark","Ectoplasm"],"picked":"Cursed Key"}],"items_purged_floors":[7,22],"is_endless":false,"potions_floor_spawned":[3,4,12,16,19,20,21,23],"killed_by":"Automaton","ascension_level":0}}