{"host":"s5d39dhq0ddhxhke","time":1611576490,"event":{"mods":["AchievementEnabler","BaseMod","Colored Map","Minty Spire (QoL Compilation)","SuperFastMode"],"gold_per_floor":[111,127,140,140,158,158,183,200,200,200,200,200,218,218,218,297,297,314,239,21,21,39,68,81,112,135,135,135,135,164,177,177,250,250,260,274,289,289,335,335,362,375,400,252,264,264,9,38,38,38],"floor_reached":51,"language":"ENG","playtime":1795,"items_purged":["Strike_R","Immolate"],"score":1358,"play_id":"addab0c5-ecce-4086-ab71-0faf3a36a4ac","local_time":"20210125140810","is_ascension_mode":true,"campfire_choices":[{"data":"Inflame","floor":6.0,"key":"SMITH"},{"data":"Bash","floor":10.0,"key":"SMITH"},{"data":"Metallicize","floor":12.0,"key":"SMITH"},{"data":"Cleave","floor":15.0,"key":"SMITH"},{"data":"Defend_R","floor":27,"key":"PURGE"},{"data":"Defend_R","floor":29,"key":"PURGE"},{"data":"Strike_R","floor":32,"key":"PURGE"},{"data":"Strike_R","floor":40,"key":"PURGE"},{"data":"Strike_R","floor":46,"key":"PURGE"},{"data":"Metallicize","floor":49,"key":"SMITH"}],"circlet_count":0,"master_deck":["AscendersBane","Defend_R+1","Defend_R+1","Bash+1","Inflame+1","Pommel Strike","Metallicize+1","Metallicize+1","Cleave+1","Dark Shackles","Blood for Blood+1","Metallicize+1","Battle Trance","Inflame","Clothesline","Juggernaut+1","Metallicize+1"],"relics":["Black Blood","Pocketwatch","Question Card","TungstenRod","Runic Dome","Orichalcum","Peace Pipe","War Paint","Bag of Marbles","Frozen Egg 2","StoneCalendar","Mango","Juzu Bracelet","Lee\u0027s Waffle","TheAbacus","InkBottle"],"acts_visited":["Exordium","TheCity","TheBeyond"],"potions_floor_usage":[50],"damage_taken":[{"damage":4.0,"enemies":"Small Slimes","floor":1.0,"turns":4.0},{"damage":0.0,"enemies":"Cultist","floor":2.0,"turns":4.0},{"damage":9.0,"enemies":"2 Louse","floor":3.0,"turns":3.0},{"damage":5.0,"enemies":"Gremlin Gang","floor":5.0,"turns":4.0},{"damage":34.0,"enemies":"Lagavulin","floor":7.0,"turns":6.0},{"damage":13.0,"enemies":"3 Louse","floor":8.0,"turns":5.0},{"damage":0.0,"enemies":"Large Slime","floor":13.0,"turns":5.0},{"damage":6.0,"enemies":"Slime Boss","floor":16.0,"turns":9.0},{"damage":18,"enemies":"2 Thieves","floor":18,"turns":4},{"damage":4,"enemies":"Shell Parasite","floor":22,"turns":4},{"damage":0,"enemies":"Gremlin Leader","floor":23,"turns":6},{"damage":11,"enemies":"Centurion and Healer","floor":24,"turns":4},{"damage":17,"enemies":"Book of Stabbing","floor":25,"turns":5},{"damage":18,"enemies":"Gremlin Leader","floor":30,"turns":6},{"damage":3,"enemies":"Shelled Parasite and Fungi","floor":31,"turns":5},{"damage":24,"enemies":"Collector","floor":33,"turns":7},{"damage":2,"enemies":"3 Darklings","floor":35,"turns":3},{"damage":0,"enemies":"3 Shapes","floor":36,"turns":3},{"damage":29,"enemies":"Transient","floor":37,"turns":5},{"damage":47,"enemies":"2 Orb Walkers","floor":39,"turns":5},{"damage":40,"enemies":"Reptomancer","floor":41,"turns":6},{"damage":8,"enemies":"4 Shapes","floor":42,"turns":2},{"damage":2,"enemies":"Writhing Mass","floor":45,"turns":6},{"damage":32,"enemies":"Nemesis","floor":48,"turns":7},{"damage":35,"enemies":"Time Eater","floor":50,"turns":10}],"seed_played":"-4721340897330948376","potions_obtained":[{"floor":2.0,"key":"Strength Potion"},{"floor":3.0,"key":"FairyPotion"},{"floor":13.0,"key":"Regen Potion"},{"floor":16.0,"key":"EssenceOfSteel"},{"floor":30,"key":"FairyPotion"},{"floor":42,"key":"Weak Potion"},{"floor":48,"key":"AttackPotion"}],"is_trial":false,"path_per_floor":["M","M","M","?","M","R","E","M","T","R","$","R","M","?","R","B",null,"M","?","$","?","M","E","M","E","T","R","?","R","E","M","R","B",null,"M","M","M","?","?","R","E","M","T","$","M","R","$","E","R","B",null],"character_chosen":"IRONCLAD","items_purchased":["Orichalcum","Lee\u0027s Waffle","TheAbacus"],"campfire_rested":0,"item_purchase_floors":[20,44,47],"current_hp_per_floor":[77,82,79,79,80,80,52,45,45,45,45,45,51,51,51,66,78,66,66,66,66,68,74,69,58,58,58,82,82,70,73,73,55,75,82,82,65,65,30,30,41,45,45,103,103,103,103,83,83,60],"gold":38,"neow_bonus":"TEN_PERCENT_HP_BONUS","is_daily":false,"chose_seed":false,"campfire_upgraded":5,"win_rate":0.0,"timestamp":1611576490,"path_taken":["M","M","M","?","M","R","E","M","T","R","$","R","?","?","R","BOSS","M","?","$","?","M","E","?","E","T","R","?","R","E","M","R","BOSS","M","M","M","?","?","R","E","M","T","?","M","R","$","E","R","BOSS"],"items_purchased_type":["Relic","Relic","Relic"],"build_version":"2020-12-22","purchased_purges":2,"victory":true,"max_hp_per_floor":[82,82,82,82,82,82,82,82,82,82,82,82,82,82,82,82,82,82,82,82,82,82,82,82,82,82,82,82,82,82,82,82,82,82,82,82,82,82,82,82,96,96,96,103,103,103,103,103,103,103],"card_choices":[{"not_picked":["Warcry","Searing Blow"],"picked":"Rampage","floor":1.0},{"not_picked":["Clothesline","Iron Wave"],"picked":"Inflame","floor":2.0},{"not_picked":["Body Slam","Heavy Blade"],"picked":"Pommel Strike","floor":3.0},{"not_picked":["Headbutt","Body Slam"],"picked":"Metallicize","floor":5.0},{"not_picked":["Offering","Shockwave","Iron Wave"],"picked":"SKIP","floor":7.0},{"not_picked":["Headbutt","Warcry","Clothesline"],"picked":"Metallicize","floor":8.0},{"not_picked":["Spot Weakness","Iron Wave","Wild Strike"],"picked":"Cleave","floor":13.0},{"not_picked":["Double Tap","Offering","Corruption"],"picked":"Immolate","floor":16.0},{"not_picked":["Shrug It Off","Thunderclap","Pommel Strike"],"picked":"Blood for Blood+1","floor":18},{"not_picked":["Blood for Blood","Pommel Strike","Clothesline"],"picked":"Battle Trance","floor":22},{"not_picked":["Whirlwind","Wild Strike","Headbutt","Power Through"],"picked":"SKIP","floor":23},{"not_picked":["Flame Barrier+1","Twin Strike","Iron Wave"],"picked":"Inflame","floor":24},{"not_picked":["Blood for Blood","Carnage+1","Headbutt"],"picked":"Clothesline","floor":25},{"not_picked":["Uppercut","Twin Strike+1","Whirlwind+1","Headbutt"],"picked":"SKIP","floor":30},{"not_picked":["Warcry","Carnage+1","Reaper","Hemokinesis"],"picked":"SKIP","floor":31},{"not_picked":["Double Tap","Fiend Fire","Bludgeon"],"picked":"Juggernaut+1","floor":33},{"not_picked":["Cleave","Iron Wave","Clothesline+1","Shrug It Off+1"],"picked":"SKIP","floor":35},{"not_picked":["Cleave","Iron Wave","Clothesline+1","Shrug It Off+1"],"picked":"SKIP","floor":35},{"not_picked":["Bloodletting","Ghostly Armor+1","Heavy Blade","Shrug It Off"],"picked":"SKIP","floor":36},{"not_picked":["Flex","Shrug It Off","True Grit","Heavy Blade+1"],"picked":"SKIP","floor":37},{"not_picked":["Warcry","Dropkick","Evolve+1"],"picked":"Metallicize+1","floor":41},{"not_picked":["Flex","Flame Barrier","Body Slam","Armaments+1"],"picked":"SKIP","floor":42},{"not_picked":["Wild Strike+1","Uppercut","Clothesline","Warcry+1"],"picked":"SKIP","floor":45},{"not_picked":["Cleave+1","Pommel Strike","Brutality+1","Carnage+1"],"picked":"SKIP","floor":48}],"player_experience":457599,"relics_obtained":[{"floor":7.0,"key":"Question Card"},{"floor":9.0,"key":"TungstenRod"},{"floor":23,"key":"Peace Pipe"},{"floor":25,"key":"War Paint"},{"floor":26,"key":"Bag of Marbles"},{"floor":30,"key":"Frozen Egg 2"},{"floor":39,"key":"StoneCalendar"},{"floor":41,"key":"Mango"},{"floor":43,"key":"Juzu Bracelet"},{"floor":48,"key":"InkBottle"}],"event_choices":[{"cards_removed":["Rampage"],"damage_healed":0.0,"max_hp_gain":0.0,"max_hp_loss":0.0,"gold_gain":0.0,"event_name":"WeMeetAgain","player_choice":"Gave Card","floor":4.0,"gold_loss":0.0,"damage_taken":0.0,"relics_obtained":["Pocketwatch"]},{"damage_healed":0.0,"max_hp_gain":0.0,"max_hp_loss":0.0,"gold_gain":0.0,"event_name":"Match and Keep!","player_choice":"1 cards matched","floor":14.0,"gold_loss":0.0,"damage_taken":0.0,"cards_obtained":["Dark Shackles"]},{"cards_removed":["Strike_R"],"damage_healed":0,"gold_gain":0,"player_choice":"Gave Gold","damage_taken":0,"max_hp_gain":0,"max_hp_loss":0,"event_name":"Beggar","floor":19,"gold_loss":75},{"damage_healed":0,"gold_gain":0,"player_choice":"Copied","damage_taken":0,"max_hp_gain":0,"max_hp_loss":0,"event_name":"Duplicator","floor":21,"gold_loss":0,"cards_obtained":["Metallicize"]},{"damage_healed":27,"gold_gain":0,"player_choice":"Heal","damage_taken":0,"max_hp_gain":0,"max_hp_loss":0,"event_name":"The Library","floor":28,"gold_loss":0},{"damage_healed":0,"gold_gain":0,"player_choice":"Ignored","damage_taken":0,"max_hp_gain":0,"max_hp_loss":0,"event_name":"Tomb of Lord Red Mask","floor":38,"gold_loss":0},{"damage_healed":0,"gold_gain":0,"player_choice":"Fight","damage_taken":0,"max_hp_gain":0,"max_hp_loss":0,"event_name":"Mysterious Sphere","floor":39,"gold_loss":0}],"is_beta":false,"boss_relics":[{"not_picked":["Runic Pyramid","Runic Cube"],"picked":"Runic Dome"},{"not_picked":["Coffee Dripper","Astrolabe"],"picked":"Black Blood"}],"items_purged_floors":[20,47],"is_endless":false,"potions_floor_spawned":[2,3,13,16,23,24,30,33,35,42,48],"ascension_level":14}}