{"host":"00f1p9ihhzi7hxfk","time":1611574350,"event":{"mods":["AchievementEnabler","BaseMod","Colored Map","Colored Powertips","Minty Spire (QoL Compilation)","Rare Cards Sparkle","Relic Stats"],"gold_per_floor":[115,80,155,155,155,155,169,186,237,288,288,299,299,319,319,319,319],"floor_reached":16,"language":"DEU","playtime":712,"items_purged":[],"score":90,"play_id":"4ab5e2fa-c074-4b01-98b4-ac8226279e90","local_time":"20210125123230","is_ascension_mode":false,"campfire_choices":[{"floor":6,"key":"REST"},{"data":"Heavy Blade","floor":11,"key":"SMITH"},{"floor":13,"key":"REST"},{"floor":15,"key":"REST"}],"circlet_count":0,"master_deck":["Strike_R","Strike_R","Strike_R","Strike_R","Strike_R","Defend_R","Defend_R","Defend_R","Defend_R","Bash","True Grit+1","Headbutt","Heavy Blade+1","Iron Wave","Flame Barrier"],"relics":["Burning Blood","Blood Vial"],"acts_visited":["Exordium"],"potions_floor_usage":[16,16,16],"damage_taken":[{"damage":2,"enemies":"2 Louse","floor":1,"turns":3},{"damage":9,"enemies":"Jaw Worm","floor":7,"turns":6},{"damage":0,"enemies":"Small Slimes","floor":8,"turns":3},{"damage":13,"enemies":"Gremlin Gang","floor":12,"turns":9},{"damage":10,"enemies":"Looter","floor":14,"turns":3},{"damage":81,"enemies":"Slime Boss","floor":16,"turns":16}],"seed_played":"5282579626955014494","potions_obtained":[{"floor":0,"key":"Fire Potion"},{"floor":0,"key":"ColorlessPotion"},{"floor":0,"key":"SpeedPotion"}],"is_trial":false,"path_per_floor":["M","?","?","?","?","R","M","M","T","?","R","M","R","M","R","B"],"character_chosen":"IRONCLAD","items_purchased":[],"campfire_rested":3,"item_purchase_floors":[],"current_hp_per_floor":[80,80,69,80,80,80,77,80,80,80,80,73,80,76,80,0,0],"gold":319,"neow_bonus":"THREE_SMALL_POTIONS","is_daily":false,"chose_seed":false,"campfire_upgraded":1,"win_rate":0.0,"timestamp":1611574350,"path_taken":["M","?","?","?","?","R","?","M","T","?","R","M","R","M","R","BOSS"],"items_purchased_type":[],"build_version":"2020-12-22","purchased_purges":0,"victory":false,"max_hp_per_floor":[80,80,80,80,80,80,80,80,80,80,80,80,80,80,80,80,80],"relic_stats":{"Blood Vial":0,"counters":[6,40],"obtain_stats":[{"Blood Vial":9,"Burning Blood":0},{"Blood Vial":3,"Burning Blood":0},{"Blood Vial":12,"Burning Blood":0}],"Burning Blood":23},"card_choices":[{"not_picked":["Clothesline","Havoc"],"picked":"True Grit","floor":1},{"not_picked":["True Grit","Blood for Blood"],"picked":"Headbutt","floor":7},{"not_picked":["Body Slam","Dropkick"],"picked":"Heavy Blade","floor":8},{"not_picked":["Pommel Strike","Warcry"],"picked":"Iron Wave","floor":12},{"not_picked":["Clash","Evolve"],"picked":"Flame Barrier","floor":14}],"player_experience":82330,"relics_obtained":[{"floor":9,"key":"Blood Vial"}],"event_choices":[{"damage_healed":20,"gold_gain":0,"player_choice":"Healed","damage_taken":0,"max_hp_gain":0,"max_hp_loss":0,"event_name":"The Cleric","floor":2,"gold_loss":35},{"damage_healed":0,"gold_gain":75,"player_choice":"Gather Gold","damage_taken":11,"max_hp_gain":0,"max_hp_loss":0,"event_name":"World of Goop","floor":3,"gold_loss":0},{"damage_healed":26,"gold_gain":0,"player_choice":"Banana","damage_taken":0,"max_hp_gain":0,"max_hp_loss":0,"event_name":"Big Fish","floor":4,"gold_loss":0},{"damage_healed":0,"gold_gain":0,"player_choice":"Upgraded","damage_taken":0,"max_hp_gain":0,"max_hp_loss":0,"event_name":"Upgrade Shrine","floor":5,"gold_loss":0,"cards_upgraded":["True Grit"]},{"damage_healed":0,"gold_gain":51,"player_choice":"Gained Gold","damage_taken":0,"max_hp_gain":0,"max_hp_loss":0,"event_name":"Golden Wing","floor":10,"gold_loss":0}],"is_beta":false,"boss_relics":[],"items_purged_floors":[],"is_endless":false,"potions_floor_spawned":[7,12],"killed_by":"Slime Boss","ascension_level":0}}