{"host":"pi8b3ffzwvxqztac","time":1611541580,"event":{"mods":["BaseMod","Colored Map","Downfall","Minty Spire (QoL Compilation)","StSLib"],"gold_per_floor":[114,114,40,56,56,81,81,94,117,129,159,159,159,175,175,278,278,296,307,317,328,339,339,354,354,402,402,436,452,452,462,462,562,562,580,580,222,235,235,235,247,258,258,258,274,274,290,324,324,324],"floor_reached":51,"language":"ENG","playtime":4664,"items_purged":["Strike_P"],"score":763,"play_id":"ea30b68d-4763-45ac-ab6e-f2b6ec4a1373","local_time":"20210125152620","is_ascension_mode":false,"campfire_choices":[{"data":"Eruption","floor":7,"key":"SMITH"},{"data":"Adaptation","floor":12,"key":"SMITH"},{"data":"Vigilance","floor":15,"key":"SMITH"},{"floor":23,"key":"REST"},{"floor":25,"key":"REST"},{"floor":27,"key":"REST"},{"floor":32,"key":"REST"},{"data":"Establishment","floor":40,"key":"SMITH"},{"floor":44,"key":"REST"},{"floor":46,"key":"REST"},{"floor":49,"key":"REST"}],"circlet_count":0,"master_deck":["Strike_P","Defend_P","Defend_P","Defend_P","Defend_P","Eruption+1","Vigilance+1","Study+1","SandsOfTime","BowlingBash","EmptyFist","Ragnarok","CutThroughFate","Adaptation+1","DeusExMachina","JustLucky+1","JustLucky+1","SandsOfTime","ThirdEye","Adaptation+1","Wallop+1","ThirdEye","Halt+1","Establishment+1","EmptyMind","Meditate","LikeWater","FlyingSleeves","ClearTheMind","Parasite","Tantrum+1","Evaluate+1","Crescendo+1","Vault","Evaluate+1"],"relics":["PureWater","NeowsBlessing","Damaru","Smiling Mask","Torii","VioletLotus","Orichalcum","Anchor","Cursed Key","Toy Ornithopter","Bottled Tornado"],"acts_visited":["Exordium","TheCity","TheBeyond"],"potions_floor_usage":[16,16,20,21,31,33,33,33,33,38,45,50,50],"damage_taken":[{"damage":0,"enemies":"Jaw Worm","floor":1,"turns":1},{"damage":0,"enemies":"2 Louse","floor":4,"turns":2},{"damage":0,"enemies":"Lagavulin","floor":6,"turns":1},{"damage":0,"enemies":"Cultist","floor":8,"turns":2},{"damage":2,"enemies":"Blue Slaver","floor":10,"turns":5},{"damage":8,"enemies":"Gremlin Nob","floor":11,"turns":3},{"damage":1,"enemies":"Exordium Thugs","floor":14,"turns":4},{"damage":14,"enemies":"Hexaghost","floor":16,"turns":10},{"damage":16,"enemies":"2 Thieves","floor":18,"turns":4},{"damage":2,"enemies":"Chosen","floor":19,"turns":3},{"damage":3,"enemies":"Centurion and Healer","floor":20,"turns":5},{"damage":23,"enemies":"Snecko","floor":21,"turns":4},{"damage":18,"enemies":"3 Cultists","floor":22,"turns":5},{"damage":24,"enemies":"Snake Plant","floor":24,"turns":6},{"damage":0,"enemies":"Gremlin Leader","floor":28,"turns":6},{"damage":1,"enemies":"Chosen and Byrds","floor":29,"turns":5},{"damage":8,"enemies":"Shelled Parasite and Fungi","floor":31,"turns":5},{"damage":18,"enemies":"Champ","floor":33,"turns":10},{"damage":0,"enemies":"3 Shapes","floor":35,"turns":8},{"damage":14,"enemies":"3 Darklings","floor":38,"turns":7},{"damage":34,"enemies":"Writhing Mass","floor":41,"turns":8},{"damage":2,"enemies":"4 Shapes","floor":42,"turns":8},{"damage":11,"enemies":"Sphere and 2 Shapes","floor":45,"turns":5},{"damage":2,"enemies":"Writhing Mass","floor":47,"turns":5},{"damage":0,"enemies":"Giant Head","floor":48,"turns":7},{"damage":22,"enemies":"Donu and Deca","floor":50,"turns":9}],"seed_played":"4247940982818954935","potions_obtained":[{"floor":1,"key":"PowerPotion"},{"floor":11,"key":"SkillPotion"},{"floor":14,"key":"PowerPotion"},{"floor":16,"key":"FairyPotion"},{"floor":18,"key":"bronze:BurnAndBuffPotion"},{"floor":22,"key":"EntropicBrew"},{"floor":28,"key":"Weak Potion"},{"floor":31,"key":"Explosive Potion"},{"floor":33,"key":"LiquidBronze"},{"floor":35,"key":"ColorlessPotion"},{"floor":45,"key":"BlessingOfTheForge"},{"floor":47,"key":"LiquidBronze"}],"is_trial":false,"path_per_floor":["M","?","$","M","?","E","R","M","T","M","E","R","?","M","R","B",null,"M","M","M","M","M","R","M","R","T","R","E","M","?","M","R","B",null,"M","?","$","M","?","R","M","M","T","R","M","R","M","E","R","B",null],"character_chosen":"WATCHER","items_purchased":["SandsOfTime","Meditate","Toy Ornithopter","LikeWater","FlyingSleeves"],"campfire_rested":7,"item_purchase_floors":[3,37,37,37,37],"current_hp_per_floor":[72,65,65,65,65,65,65,65,65,63,55,55,55,54,54,40,72,56,54,51,28,10,31,7,28,28,49,49,48,48,40,61,43,72,72,72,72,58,58,58,24,22,22,43,37,58,56,56,72,55],"gold":324,"neow_bonus":"THREE_ENEMY_KILL","is_daily":false,"chose_seed":false,"campfire_upgraded":4,"win_rate":0.0,"timestamp":1611541580,"path_taken":["M","?","$","M","?","E","R","M","T","M","E","R","?","M","R","BOSS","M","M","M","M","M","R","M","R","T","R","E","?","?","M","R","BOSS","M","?","$","?","?","R","M","M","T","R","M","R","M","E","R","BOSS"],"items_purchased_type":["Card","Card","Relic","Card","Card"],"build_version":"2020-12-22","purchased_purges":1,"victory":true,"max_hp_per_floor":[72,72,72,72,72,72,72,72,72,72,72,72,72,72,72,72,72,72,72,72,72,72,72,72,72,72,72,72,72,72,72,72,72,72,72,72,72,72,72,72,72,72,72,72,72,72,72,72,72,72],"card_choices":[{"not_picked":["Nirvana","Perseverance"],"picked":"Study","floor":1},{"not_picked":["Evaluate","ClearTheMind"],"picked":"BowlingBash","floor":4},{"not_picked":["CrushJoints","Evaluate"],"picked":"EmptyFist","floor":6},{"not_picked":["WindmillStrike","Evaluate"],"picked":"Ragnarok","floor":8},{"not_picked":["FlyingSleeves","Sanctity"],"picked":"CutThroughFate","floor":10},{"not_picked":["Perseverance","Halt"],"picked":"Adaptation","floor":11},{"not_picked":["CutThroughFate","Study","Indignation"],"picked":"SKIP","floor":14},{"not_picked":["ConjureBlade","LessonLearned"],"picked":"DeusExMachina","floor":16},{"not_picked":["EmptyFist+1","Indignation"],"picked":"JustLucky+1","floor":18},{"not_picked":["CrushJoints","Fasting2+1"],"picked":"JustLucky+1","floor":19},{"not_picked":["Consecrate","FlyingSleeves"],"picked":"SandsOfTime","floor":20},{"not_picked":["FlyingSleeves","Halt"],"picked":"ThirdEye","floor":21},{"not_picked":["ThirdEye+1","ClearTheMind+1"],"picked":"Adaptation+1","floor":22},{"not_picked":["ClearTheMind+1","Swivel"],"picked":"Wallop+1","floor":24},{"not_picked":["Adaptation","FlyingSleeves","CarveReality"],"picked":"SKIP","floor":28},{"not_picked":["WheelKick","Conclude"],"picked":"ThirdEye","floor":29},{"not_picked":["FlyingSleeves","Wallop"],"picked":"Halt+1","floor":31},{"not_picked":["ConjureBlade","LessonLearned"],"picked":"Establishment","floor":33},{"not_picked":["EmptyFist+1","Protect+1"],"picked":"EmptyMind","floor":35},{"not_picked":["Conclude+1","JustLucky+1"],"picked":"ClearTheMind","floor":38},{"not_picked":["InnerPeace","SandsOfTime"],"picked":"Tantrum+1","floor":41},{"not_picked":["CutThroughFate","SashWhip"],"picked":"Evaluate+1","floor":42},{"not_picked":["Evaluate","JustLucky+1"],"picked":"Crescendo+1","floor":45},{"not_picked":["Protect","SandsOfTime+1"],"picked":"Vault","floor":47},{"not_picked":["FlurryOfBlows","CrushJoints+1"],"picked":"Evaluate+1","floor":48}],"player_experience":604098,"relics_obtained":[{"floor":6,"key":"Damaru"},{"floor":9,"key":"Smiling Mask"},{"floor":11,"key":"Torii"},{"floor":26,"key":"Orichalcum"},{"floor":28,"key":"Anchor"},{"floor":48,"key":"Bottled Tornado"}],"event_choices":[{"cards_removed":["Strike_P"],"damage_healed":0,"gold_gain":0,"player_choice":"Card Removal","damage_taken":7,"max_hp_gain":0,"max_hp_loss":0,"event_name":"Golden Wing","floor":2,"gold_loss":0},{"damage_healed":0,"gold_gain":0,"player_choice":"Grow","damage_taken":0,"max_hp_gain":0,"max_hp_loss":0,"event_name":"Living Wall","floor":5,"gold_loss":0,"cards_upgraded":["Study"]},{"damage_healed":0,"gold_gain":0,"player_choice":"Ignored","damage_taken":0,"max_hp_gain":0,"max_hp_loss":0,"event_name":"NoteForYourself","floor":13,"gold_loss":0},{"damage_healed":0,"gold_gain":0,"player_choice":"Ignored","damage_taken":0,"max_hp_gain":0,"max_hp_loss":0,"event_name":"Ghosts","floor":30,"gold_loss":0},{"damage_healed":0,"gold_gain":0,"player_choice":"Got Potions","damage_taken":0,"max_hp_gain":0,"max_hp_loss":0,"event_name":"Lab","floor":36,"gold_loss":0},{"cards_removed":["Strike_P"],"damage_healed":0,"gold_gain":0,"player_choice":"Purged","damage_taken":0,"max_hp_gain":0,"max_hp_loss":0,"event_name":"Purifier","floor":39,"gold_loss":0}],"is_beta":false,"boss_relics":[{"not_picked":["Tiny House","Velvet Choker"],"picked":"VioletLotus"},{"not_picked":["Runic Dome","bronze:MakeshiftBattery"],"picked":"Cursed Key"}],"items_purged_floors":[37],"is_endless":false,"potions_floor_spawned":[1,11,14,16,18,22,28,31,33,35,45,47],"ascension_level":0}}