{"host":"och2iitg9ibgz06n","time":1611607619,"event":{"mods":["Abigail Mod","AchievementEnabler","Aspiration","BaseMod","Colored Powertips","Dio Mod","Hubris","Hyrulean Relics","Infinite Spire","Minty Spire (QoL Compilation)","Replay The Spire","Small Relic Pack","StSLib","The Animator","The Bug Knight","The Hierophant","The Jungle","The Saiyan","TheHero","Wandering Minibosses","everything is the same but u backflip on backflip","slay the spire mod where everything is the same but ironclad has a cowboy hat"],"gold_per_floor":[113,113,113,132,160,202,202,231,277,277,277,277,297,320,349,349,349,457,457,482,509,518,539,560,560,560],"floor_reached":25,"language":"ENG","playtime":914,"items_purged":[],"score":236,"play_id":"988c11fc-258c-4e82-9fef-ec3f7fd4460b","local_time":"20210125144659","is_ascension_mode":true,"campfire_choices":[{"data":"Neutralize","floor":7,"key":"SMITH"},{"floor":12,"key":"REST"},{"data":"infinitespire:Neurotoxin","floor":17,"key":"SMITH"}],"circlet_count":0,"master_deck":["Strike_G","Strike_G","Strike_G","Strike_G","Strike_G","Defend_G","Defend_G","Defend_G","Defend_G","Survivor","Neutralize+1","Cloak And Dagger","Crippling Poison","Poisoned Stab","Noxious Fumes","hubris:SlightOfHand","Backstab","infinitespire:Neurotoxin+1","Sucker Punch","After Image","Caltrops","Sickly","Doubt","ReplayTheSpireMod:Black Plague","Parasite","Choke+1","Deadly Poison"],"relics":["Ring of the Snake","CeramicFish","infinitespire:ShieldingShard","Oddly Smooth Stone","hubris:DeckOfHolding","Honey Jar","Replay:Bottled Steam"],"acts_visited":["Exordium","TheCity"],"potions_floor_usage":[6,8,8,14,18],"damage_taken":[{"damage":6,"enemies":"2 Louse","floor":1,"turns":4},{"damage":1,"enemies":"Cultist","floor":4,"turns":4},{"damage":2,"enemies":"Jaw Worm","floor":5,"turns":5},{"damage":34,"enemies":"Lagavulin","floor":6,"turns":9},{"damage":7,"enemies":"Exordium Wildlife","floor":8,"turns":5},{"damage":0,"enemies":"Looter","floor":13,"turns":4},{"damage":0,"enemies":"Lots of Slimes","floor":14,"turns":3},{"damage":0,"enemies":"3 Louse","floor":15,"turns":3},{"damage":7,"enemies":"Hexaghost","floor":18,"turns":11},{"damage":20,"enemies":"2 Thieves","floor":20,"turns":5},{"damage":6,"enemies":"Spheric Guardian","floor":23,"turns":4},{"damage":11,"enemies":"Snake Plant","floor":24,"turns":3},{"damage":22,"enemies":"Gremlin Leader","floor":25,"turns":5}],"seed_played":"-9122037724977956380","potions_obtained":[{"floor":1,"key":"Fire Potion"},{"floor":4,"key":"SkillPotion"},{"floor":5,"key":"EntropicBrew"},{"floor":15,"key":"DuplicationPotion"}],"is_trial":false,"path_per_floor":["M","?","?","M","M","E","R","M","T","PTL","PTL","R","M","M","M","T","R","B",null,"M","?","?","M","M","E"],"character_chosen":"THE_SILENT","items_purchased":[],"campfire_rested":1,"item_purchase_floors":[],"current_hp_per_floor":[71,71,71,70,68,34,34,27,27,27,27,50,50,50,50,50,50,43,77,57,57,57,51,40,18,18],"gold":560,"neow_bonus":"TEN_PERCENT_HP_BONUS","is_daily":false,"chose_seed":false,"campfire_upgraded":2,"win_rate":0.0,"timestamp":1611607619,"path_taken":["M","?","?","M","?","E","R","M","T","PTL","PTL","R","M","M","M","?","R","BOSS","M","?","?","M","M","E"],"items_purchased_type":[],"build_version":"2020-12-22","purchased_purges":0,"victory":false,"max_hp_per_floor":[77,77,77,77,77,77,77,77,77,77,77,77,77,77,77,77,77,77,77,77,77,77,77,77,77,77],"card_choices":[{"not_picked":["ReplayTheSpireMod:The Works","Deadly Poison"],"picked":"Cloak And Dagger","floor":1},{"not_picked":["Finisher","Acrobatics"],"picked":"Crippling Poison","floor":4},{"not_picked":["Dagger Throw","All Out Attack"],"picked":"Poisoned Stab","floor":5},{"not_picked":["Reflex","Concentrate"],"picked":"Noxious Fumes","floor":6},{"not_picked":["Dagger Throw","Acrobatics"],"picked":"hubris:SlightOfHand","floor":8},{"not_picked":["hubris:SlightOfHand","Prepared"],"picked":"Backstab","floor":13},{"not_picked":["Sucker Punch","Dagger Spray"],"picked":"infinitespire:Neurotoxin","floor":14},{"not_picked":["Prepared","ReplayTheSpireMod:Speed Training"],"picked":"Sucker Punch","floor":15},{"not_picked":["aspiration:Lunge","ReplayTheSpireMod:From All Sides"],"picked":"After Image","floor":18},{"not_picked":["ReplayTheSpireMod:The Works","Dash","Prepared"],"picked":"Caltrops","floor":20},{"not_picked":["hubris:Rewind","infinitespire:TheBestDefense"],"picked":"ReplayTheSpireMod:Black Plague","floor":21},{"not_picked":["Riddle With Holes","Deflect","Expertise"],"picked":"Choke+1","floor":23},{"not_picked":["Sneak Up","Dagger Throw","Noxious Fumes"],"picked":"Deadly Poison","floor":24}],"player_experience":478917,"relics_obtained":[{"floor":2,"key":"CeramicFish"},{"floor":6,"key":"infinitespire:ShieldingShard"},{"floor":9,"key":"Oddly Smooth Stone"},{"floor":16,"key":"hubris:DeckOfHolding"}],"event_choices":[{"cards_removed":["Defend_G"],"damage_healed":0,"gold_gain":0,"player_choice":"Purged","damage_taken":0,"max_hp_gain":0,"max_hp_loss":0,"event_name":"Purifier","floor":3,"gold_loss":0}],"is_beta":false,"boss_relics":[{"not_picked":["Velvet Choker","Coffee Dripper"],"picked":"Honey Jar"}],"items_purged_floors":[],"is_endless":false,"potions_floor_spawned":[1,4,5,15],"killed_by":"Gremlin Leader","ascension_level":3}}