{"host":"f5gffvlv6a66yqkd","time":1611571837,"event":{"mods":["2.2 Compatiblity","BaseMod","Colored Map","Custom Start","DeckTracker","Keyboard Shortcuts","Minty Spire (QoL Compilation)","Permanent Neow","Quick Restart","Relic Stats","StSLib","SuperFastMode"],"gold_per_floor":[114,129,143,143,155,155,174,190,217,227,238,271,271,283,283,355,355,311,311,325,325,325],"floor_reached":21,"language":"KOR","playtime":624,"items_purged":[],"score":374,"play_id":"d3394cfa-ecd6-47d2-bafa-2297c48f0494","local_time":"20210125195037","is_ascension_mode":true,"campfire_choices":[{"data":"Catalyst","floor":6.0,"key":"SMITH"},{"data":"Bouncing Flask","floor":13.0,"key":"SMITH"},{"floor":15.0,"key":"REST"}],"circlet_count":0,"master_deck":["AscendersBane","Strike_G","Strike_G","Defend_G","Defend_G","Defend_G+1","Defend_G","Defend_G+1","Survivor","Neutralize","Unload","Bouncing Flask+1","Escape Plan","Glass Knife","Night Terror","Catalyst+1","Leg Sweep","After Image","Wraith Form v2","Venomology+1","Die Die Die+1","Envenom+1"],"relics":["Ring of the Snake","War Paint","Calipers","Astrolabe"],"acts_visited":["Exordium","TheCity"],"potions_floor_usage":[20,20,21,21],"damage_taken":[{"damage":10.0,"enemies":"Small Slimes","floor":1.0,"turns":4.0},{"damage":1.0,"enemies":"Cultist","floor":2.0,"turns":4.0},{"damage":2.0,"enemies":"2 Louse","floor":3.0,"turns":2.0},{"damage":0.0,"enemies":"Gremlin Gang","floor":5.0,"turns":3.0},{"damage":1.0,"enemies":"2 Fungi Beasts","floor":7.0,"turns":3.0},{"damage":7.0,"enemies":"Lots of Slimes","floor":8.0,"turns":5.0},{"damage":1.0,"enemies":"Looter","floor":10.0,"turns":4.0},{"damage":1.0,"enemies":"Blue Slaver","floor":11.0,"turns":3.0},{"damage":18.0,"enemies":"Gremlin Nob","floor":12.0,"turns":4.0},{"damage":2.0,"enemies":"2 Fungi Beasts","floor":14.0,"turns":4.0},{"damage":5.0,"enemies":"Slime Boss","floor":16.0,"turns":7.0},{"damage":34,"enemies":"2 Thieves","floor":18,"turns":5},{"damage":18,"enemies":"Shell Parasite","floor":20,"turns":7},{"damage":7,"enemies":"Shelled Parasite and Fungi","floor":21,"turns":2}],"seed_played":"-3233682616690826704","potions_obtained":[{"floor":3.0,"key":"Explosive Potion"},{"floor":5.0,"key":"Block Potion"},{"floor":8.0,"key":"SkillPotion"},{"floor":10.0,"key":"Weak Potion"},{"floor":12.0,"key":"Dexterity Potion"}],"is_trial":false,"path_per_floor":["M","M","M","?","M","R","M","M","T","M","M","E","R","M","R","B",null,"M","?","M","M"],"character_chosen":"THE_SILENT","items_purchased":[],"campfire_rested":1,"item_purchase_floors":[],"current_hp_per_floor":[49,48,46,46,46,46,45,38,38,37,36,18,18,16,35,30,57,23,23,5,0,0],"gold":325,"neow_bonus":"ONE_RANDOM_RARE_CARD","is_daily":false,"chose_seed":false,"campfire_upgraded":2,"win_rate":0.0,"timestamp":1611571837,"path_taken":["M","M","M","?","M","R","M","M","T","M","M","E","R","M","R","BOSS","M","?","M","M"],"items_purchased_type":[],"build_version":"2020-12-22","purchased_purges":0,"victory":false,"max_hp_per_floor":[66,66,66,66,66,66,66,66,66,66,66,66,66,66,66,66,66,66,66,66,66,66],"relic_stats":{"counters":[14,57],"Astrolabe":["Venomology","Die Die Die","Envenom"],"War Paint":["Defend_G","Defend_G"],"obtain_stats":[{"Calipers":12,"Astrolabe":17,"War Paint":9,"Ring of the Snake":0},{"Calipers":9,"Astrolabe":11,"War Paint":6,"Ring of the Snake":0},{"Calipers":32,"Astrolabe":43,"War Paint":21,"Ring of the Snake":0}],"Ring of the Snake":[28]},"card_choices":[{"not_picked":["Backflip","Deflect"],"picked":"Bouncing Flask","floor":1.0},{"not_picked":["Acrobatics","Flechettes"],"picked":"Escape Plan","floor":2.0},{"not_picked":["Deflect","Slice"],"picked":"Glass Knife","floor":3.0},{"not_picked":["Escape Plan","PiercingWail"],"picked":"Catalyst","floor":5.0},{"not_picked":["Choke","Poisoned Stab","Accuracy"],"picked":"SKIP","floor":7.0},{"not_picked":["Poisoned Stab","Infinite Blades"],"picked":"Leg Sweep","floor":8.0},{"not_picked":["Sucker Punch","Blade Dance"],"picked":"After Image","floor":10.0},{"not_picked":["Dagger Spray","Poisoned Stab","Bane"],"picked":"SKIP","floor":11.0},{"not_picked":["Caltrops","Prepared","Concentrate"],"picked":"SKIP","floor":12.0},{"not_picked":["Heel Hook","Choke","Deadly Poison"],"picked":"SKIP","floor":14.0},{"not_picked":["Die Die Die","Tools of the Trade"],"picked":"Wraith Form v2","floor":16.0},{"not_picked":["Cloak And Dagger","Endless Agony+1","Concentrate"],"picked":"SKIP","floor":18},{"not_picked":["Deflect","Poisoned Stab+1","Accuracy"],"picked":"SKIP","floor":20}],"player_experience":1615649,"relics_obtained":[{"floor":9.0,"key":"War Paint"},{"floor":12.0,"key":"Calipers"}],"event_choices":[{"damage_healed":0.0,"max_hp_gain":0.0,"max_hp_loss":0.0,"gold_gain":0.0,"event_name":"Match and Keep!","player_choice":"1 cards matched","floor":4.0,"gold_loss":0.0,"damage_taken":0.0,"cards_obtained":["Night Terror"]},{"damage_healed":0,"gold_gain":0,"player_choice":"Ignored","damage_taken":0,"max_hp_gain":0,"max_hp_loss":0,"event_name":"Ghosts","floor":19,"gold_loss":0}],"is_beta":false,"boss_relics":[{"not_picked":["Empty Cage","Busted Crown"],"picked":"Astrolabe"}],"items_purged_floors":[],"is_endless":false,"potions_floor_spawned":[3,5,8,10,12,18],"killed_by":"Shelled Parasite and Fungi","ascension_level":20}}