{"host":"jjx","time":1611553438,"event":{"mods":["Act Like it!","BaseMod","Chen","DeckTracker","Downfall","Gensokyo","Marisa£®ÏF”Í°°ƒß¿Ì…≥£©","Minty Spire (QoL Compilation)","Quick Restart","Remilia£®¿Ÿ√◊¿Ú—«£©","StSLib","The Poker Player","The Servant 0.9.4","Waifu the Spire","Youmu£®ªÍ∆«—˝√Œ£©"],"gold_per_floor":[99,110,110,260,271,285,285,303,303,36,36,48,65,80,96,96,96,96],"floor_reached":16,"language":"ENG","playtime":831,"items_purged":[],"score":96,"play_id":"64c311a4-b577-4fff-8416-e890510d09b5","local_time":"20210125134358","is_ascension_mode":false,"campfire_choices":[{"data":"Guardian:TwinSlam","floor":1,"key":"SMITH"}],"circlet_count":0,"master_deck":["Guardian:Strike_Guardian","Guardian:Strike_Guardian","Guardian:Strike_Guardian","Guardian:Defend_Guardian","Guardian:Defend_Guardian","Guardian:Defend_Guardian","Guardian:Defend_Guardian","Guardian:CurlUp","Guardian:TwinSlam+1","Guardian:PolyBeam","downfall:Icky","Guardian:TimeSifter","Guardian:Suspension","Guardian:EvasiveProtocol","Guardian:DonusPower","Guardian:TimeCapacitor","Apotheosis","Guardian:Clone","Guardian:ChargeCore","Guardian:TimeBomb","Guardian:ShieldCharger"],"relics":["SlaversCollar","MealTicket","Strawberry"],"acts_visited":["Exordium"],"potions_floor_usage":[15,16,16],"damage_taken":[{"damage":3,"enemies":"Jaw Worm","floor":2,"turns":6},{"damage":0,"enemies":"Small Slimes","floor":5,"turns":3},{"damage":5,"enemies":"2 Louse","floor":6,"turns":3},{"damage":15,"enemies":"2 Fungi Beasts","floor":8,"turns":4},{"damage":0,"enemies":"downfall:FleeingMerchant","floor":10,"turns":4},{"damage":12,"enemies":"Exordium Wildlife","floor":12,"turns":6},{"damage":35,"enemies":"Exordium Thugs","floor":13,"turns":7},{"damage":16,"enemies":"Large Slime","floor":14,"turns":4},{"damage":7,"enemies":"Blue Slaver","floor":15,"turns":3},{"damage":6,"enemies":"IC_STATUS_ARCHETYPE","floor":16,"turns":2}],"seed_played":"8855348597761065788","potions_obtained":[{"floor":2,"key":"Guardian:BlockOnCardUsePotion"},{"floor":12,"key":"Slimebound:ThreeZeroPotion"},{"floor":15,"key":"Dexterity Potion"}],"is_trial":false,"path_per_floor":["R","M","?","?","M","M","T","M","?","$","?","M","M","M","M","B"],"character_chosen":"GUARDIAN","items_purchased":["Guardian:TimeCapacitor","Apotheosis"],"campfire_rested":0,"item_purchase_floors":[10,10],"current_hp_per_floor":[80,77,44,44,44,39,46,31,60,75,75,63,28,12,5,0,0,0],"gold":96,"neow_bonus":"BOSS_RELIC","is_daily":false,"chose_seed":false,"campfire_upgraded":1,"win_rate":0.0,"timestamp":1611553438,"path_taken":["R","M","?","?","M","M","T","M","?","$","?","M","M","?","M","BOSS"],"items_purchased_type":["Card","Card"],"build_version":"2020-12-18","purchased_purges":0,"victory":false,"max_hp_per_floor":[80,80,80,80,80,80,87,87,87,87,87,87,87,87,87,87,87,87],"card_choices":[{"not_picked":["Guardian:Incinerate","Guardian:Gem_Lightblue"],"picked":"Guardian:PolyBeam","floor":2},{"not_picked":["Guardian:WalkerClaw","Guardian:Planning"],"picked":"Guardian:TimeSifter","floor":5},{"not_picked":["Guardian:ArmoredProtocol","Guardian:RollAttack"],"picked":"Guardian:Suspension","floor":6},{"not_picked":["Guardian:PiercingHide","Guardian:Repulse"],"picked":"Guardian:EvasiveProtocol","floor":8},{"not_picked":["Guardian:TimeSifter","Guardian:RollAttack"],"picked":"Guardian:DonusPower","floor":10},{"not_picked":["Guardian:TemporalStrike","Guardian:GuardianWhirl"],"picked":"Guardian:Clone","floor":12},{"not_picked":["Guardian:DecasProtection","Guardian:PrimingBeam"],"picked":"Guardian:ChargeCore","floor":13},{"not_picked":["Guardian:CrystalBeam","Guardian:PiercingHide"],"picked":"Guardian:TimeBomb","floor":14},{"not_picked":["Guardian:ArmoredProtocol","Guardian:Gem_Green"],"picked":"Guardian:ShieldCharger","floor":15}],"player_experience":593827,"relics_obtained":[{"floor":7,"key":"Strawberry"}],"event_choices":[{"damage_healed":0,"gold_gain":0,"player_choice":"Success","damage_taken":33,"relics_obtained":["MealTicket"],"max_hp_gain":0,"max_hp_loss":0,"event_name":"Scrap Ooze","floor":3,"gold_loss":0},{"damage_healed":29,"gold_gain":0,"player_choice":"Banana","damage_taken":0,"max_hp_gain":0,"max_hp_loss":0,"event_name":"Big Fish","floor":9,"gold_loss":0}],"is_beta":true,"boss_relics":[],"items_purged_floors":[],"is_endless":false,"potions_floor_spawned":[2,12,15],"killed_by":"IC_STATUS_ARCHETYPE","ascension_level":0}}