{"host":"359hz4210ybch7ku","time":1611538550,"event":{"mods":["BaseMod","Block Reminder","Colored Map","Colored Powertips","Highlight Path","Minty Spire (QoL Compilation)","Slay the Relics Exporter","StSLib"],"gold_per_floor":[118,118,118,43,56,84,84,119,168,186,186,186],"floor_reached":11,"language":"ENG","playtime":602,"items_purged":["Defend_P"],"score":105,"play_id":"1c18c979-2314-40a0-8897-8b519a539f92","local_time":"20210124173550","is_ascension_mode":true,"campfire_choices":[],"circlet_count":0,"master_deck":["Strike_P+1","Strike_P","Strike_P","Defend_P","Defend_P+1","Eruption","Vigilance+1","LessonLearned","Worship+1","EmptyMind","CutThroughFate"],"relics":["PureWater","Strawberry","Golden Idol","Gremlin Horn","Toy Ornithopter"],"acts_visited":["Exordium"],"potions_floor_usage":[],"damage_taken":[{"damage":0,"enemies":"2 Louse","floor":1,"turns":4},{"damage":0,"enemies":"Small Slimes","floor":5,"turns":2},{"damage":50,"enemies":"Gremlin Nob","floor":6,"turns":4},{"damage":15,"enemies":"Lagavulin","floor":8,"turns":5},{"damage":1,"enemies":"Cultist","floor":10,"turns":5},{"damage":10,"enemies":"3 Sentries","floor":11,"turns":1}],"seed_played":"8925829288233818122","potions_obtained":[{"floor":1,"key":"Ancient Potion"},{"floor":10,"key":"DuplicationPotion"}],"is_trial":false,"path_per_floor":["M","?","?","$","M","E","?","E","T","M","E"],"character_chosen":"WATCHER","items_purchased":[],"campfire_rested":0,"item_purchase_floors":[],"current_hp_per_floor":[65,65,65,65,65,22,22,7,7,6,0,0],"gold":186,"neow_bonus":"THREE_RARE_CARDS","is_daily":false,"chose_seed":false,"campfire_upgraded":0,"win_rate":0.0,"timestamp":1611538550,"path_taken":["M","?","?","$","?","E","?","E","T","M","E"],"items_purchased_type":[],"build_version":"2020-12-22","purchased_purges":1,"victory":false,"max_hp_per_floor":[65,65,65,65,65,72,67,67,67,67,67,67],"card_choices":[{"not_picked":["DevaForm","Ragnarok"],"picked":"LessonLearned","floor":0},{"not_picked":["Nirvana","Evaluate"],"picked":"Worship","floor":1},{"not_picked":["Protect","EmptyBody","FlyingSleeves"],"picked":"SKIP","floor":5},{"not_picked":["Evaluate","CrushJoints","WheelKick"],"picked":"SKIP","floor":6},{"not_picked":["Blasphemy","Devotion"],"picked":"EmptyMind","floor":8},{"not_picked":["Evaluate","JustLucky"],"picked":"CutThroughFate","floor":10}],"player_experience":285310,"relics_obtained":[{"floor":6,"key":"Strawberry"},{"floor":8,"key":"Gremlin Horn"},{"floor":9,"key":"Toy Ornithopter"}],"event_choices":[{"cards_removed":["Defend_P"],"damage_healed":0,"gold_gain":0,"player_choice":"Forget","damage_taken":0,"max_hp_gain":0,"max_hp_loss":0,"event_name":"Living Wall","floor":2,"gold_loss":0},{"cards_removed":["Strike_P"],"damage_healed":0,"gold_gain":0,"player_choice":"Purged","damage_taken":0,"max_hp_gain":0,"max_hp_loss":0,"event_name":"Purifier","floor":3,"gold_loss":0},{"damage_healed":0,"gold_gain":0,"player_choice":"Lose Max HP","damage_taken":0,"relics_obtained":["Golden Idol"],"max_hp_gain":0,"max_hp_loss":5,"event_name":"Golden Idol","floor":7,"gold_loss":0}],"is_beta":false,"boss_relics":[],"items_purged_floors":[4],"is_endless":false,"potions_floor_spawned":[1,10],"killed_by":"3 Sentries","ascension_level":6}}