{"host":"lip44byzewa3adv8","time":1611541402,"event":{"mods":["BaseMod","Curses Come First","Minty Spire (QoL Compilation)","Relic Sorter","Relic Stats","StSLib","Synergy Search"],"gold_per_floor":[113,113,129,147,159,184,184,184,211,12,30,30,62,75,75,175,175,187,206,219,233,247,281,36,52,134,161,260,289,307,307,307,403,403,414,427,440,108,122,148,148,183,209,220,220,231,261,274,274,274,274,274,85,110,110],"floor_reached":56,"language":"ENG","playtime":5079,"items_purged":["Strike_R","Thunderclap"],"score":1813,"play_id":"11ed8b3f-67ec-4bf9-80f1-b0487006c6ae","local_time":"20210124212322","is_ascension_mode":true,"campfire_choices":[{"data":"Inflame","floor":7.0,"key":"SMITH"},{"floor":12.0,"key":"REST"},{"data":"True Grit","floor":15.0,"key":"SMITH"},{"floor":32,"key":"RECALL"},{"floor":45,"key":"REST"},{"floor":49,"key":"REST"},{"floor":52,"key":"REST"}],"circlet_count":0,"master_deck":["Bash+1","CurseOfTheBell","Cleave","Twin Strike","Reaper","Inflame+1","Clothesline","True Grit+1","Seeing Red","Power Through","Warcry","Offering","Seeing Red+1","True Grit","Metallicize+1","Spot Weakness+1","Shrug It Off+1","Wild Strike","Power Through","Disarm+1","True Grit","Shrug It Off+1","Dark Shackles","Barricade","True Grit","Burning Pact","Spot Weakness","Clash","Power Through","Power Through","Feel No Pain","Dropkick","Dark Embrace","Shrug It Off","Corruption","Dark Shackles","Seeing Red","Disarm+1","Impervious","Second Wind+1","Feel No Pain","Reaper"],"relics":["Calling Bell","Vajra","Meat on the Bone","Ice Cream","Blood Vial","War Paint","Dream Catcher","Medical Kit","Dead Branch","Fusion Hammer","Du-Vu Doll","DollysMirror","InkBottle","Letter Opener","Happy Flower","Pandora\u0027s Box","Lee\u0027s Waffle","Juzu Bracelet","Question Card","Nunchaku","HandDrill","Paper Frog"],"acts_visited":["Exordium","TheCity","TheBeyond","TheEnding"],"potions_floor_usage":[21,33,55,55,55],"damage_taken":[{"damage":12.0,"enemies":"Jaw Worm","floor":1.0,"turns":3.0},{"damage":1.0,"enemies":"2 Louse","floor":3.0,"turns":3.0},{"damage":0.0,"enemies":"Cultist","floor":4.0,"turns":2.0},{"damage":10.0,"enemies":"2 Fungi Beasts","floor":5.0,"turns":4.0},{"damage":29.0,"enemies":"Gremlin Nob","floor":6.0,"turns":4.0},{"damage":11.0,"enemies":"Looter","floor":11.0,"turns":4.0},{"damage":22.0,"enemies":"Lagavulin","floor":13.0,"turns":4.0},{"damage":13.0,"enemies":"3 Louse","floor":14.0,"turns":4.0},{"damage":24,"enemies":"The Guardian","floor":16,"turns":9},{"damage":10,"enemies":"Shell Parasite","floor":18,"turns":3},{"damage":0,"enemies":"Chosen","floor":19,"turns":4},{"damage":6,"enemies":"Snecko","floor":20,"turns":4},{"damage":6,"enemies":"3 Cultists","floor":21,"turns":4},{"damage":6,"enemies":"Shelled Parasite and Fungi","floor":22,"turns":5},{"damage":16,"enemies":"Gremlin Leader","floor":23,"turns":4},{"damage":3,"enemies":"Centurion and Healer","floor":25,"turns":3},{"damage":12,"enemies":"Book of Stabbing","floor":27,"turns":3},{"damage":16,"enemies":"Slavers","floor":29,"turns":4},{"damage":12,"enemies":"Sentry and Sphere","floor":30,"turns":4},{"damage":12,"enemies":"Collector","floor":33,"turns":9},{"damage":21,"enemies":"3 Darklings","floor":35,"turns":3},{"damage":3,"enemies":"3 Shapes","floor":36,"turns":4},{"damage":6,"enemies":"Spire Growth","floor":37,"turns":6},{"damage":26,"enemies":"Transient","floor":39,"turns":5},{"damage":9,"enemies":"Reptomancer","floor":40,"turns":5},{"damage":24,"enemies":"Nemesis","floor":42,"turns":11},{"damage":12,"enemies":"3 Darklings","floor":44,"turns":1},{"damage":13,"enemies":"Writhing Mass","floor":46,"turns":5},{"damage":16,"enemies":"Giant Head","floor":47,"turns":4},{"damage":6,"enemies":"4 Shapes","floor":48,"turns":3},{"damage":10,"enemies":"Donu and Deca","floor":50,"turns":2},{"damage":30,"enemies":"Shield and Spear","floor":54,"turns":1},{"damage":42,"enemies":"The Heart","floor":55,"turns":5}],"seed_played":"-1820183120308339444","potions_obtained":[{"floor":3.0,"key":"GamblersBrew"},{"floor":4.0,"key":"Block Potion"},{"floor":5.0,"key":"Block Potion"},{"floor":13.0,"key":"EntropicBrew"},{"floor":19,"key":"DuplicationPotion"},{"floor":21,"key":"ColorlessPotion"},{"floor":36,"key":"SkillPotion"}],"is_trial":false,"path_per_floor":["M","?","M","M","M","E","R","?","T","$","M","R","E","M","R","B",null,"M","M","M","M","M","E","$","M","T","E","?","E","M","?","R","B",null,"M","M","M","$","M","E","?","E","T","M","R","M","E","M","R","B",null,"R","$","E","B",null],"character_chosen":"IRONCLAD","items_purchased":["Medical Kit","Clothesline","Wild Strike","DollysMirror","Dark Embrace","Lee\u0027s Waffle","Shrug It Off","HandDrill","Feel No Pain"],"campfire_rested":4,"item_purchase_floors":[10,10,24,24,38,38,38,53,53],"current_hp_per_floor":[68,52,51,51,51,41,41,23,23,23,31,55,47,51,51,45,71,63,75,79,74,70,74,74,73,73,63,63,49,47,47,47,56,74,55,54,62,87,70,84,84,62,62,52,78,84,87,81,87,77,85,87,87,69,69],"gold":110,"neow_bonus":"BOSS_RELIC","is_daily":false,"chose_seed":false,"campfire_upgraded":2,"win_rate":0.0,"timestamp":1611541402,"path_taken":["M","?","M","M","M","E","R","?","T","$","M","R","E","M","R","BOSS","M","M","M","M","M","E","$","M","T","E","?","E","M","?","R","BOSS","M","M","?","$","M","E","?","E","T","M","R","M","E","M","R","BOSS","R","$","E","BOSS"],"items_purchased_type":["Relic","Card","Card","Relic","Card","Relic","Card","Relic","Card"],"build_version":"2020-12-22","purchased_purges":2,"victory":true,"max_hp_per_floor":[80,80,80,80,80,80,80,80,80,80,80,80,80,80,80,80,80,80,80,80,80,80,80,80,80,80,80,80,80,80,80,80,80,80,80,80,80,87,87,87,87,87,87,87,87,87,87,87,87,87,87,87,87,87,87],"relic_stats":{"Lee\u0027s Waffle":25,"Happy Flower":[22],"counters":[33,139],"Dead Branch":[702],"Juzu Bracelet":0,"Letter Opener":[732],"War Paint":["Defend_R","Defend_R"],"Medical Kit":[147],"Question Card":8,"Blood Vial":47,"Dream Catcher":4,"Nunchaku":[3],"Pandora\u0027s Box":["True Grit","Burning Pact","Spot Weakness","Clash","Power Through","Power Through","Feel No Pain","Dropkick"],"HandDrill":[0],"obtain_stats":[{"Ice Cream":0,"Lee\u0027s Waffle":38,"Happy Flower":29,"Dead Branch":13,"Vajra":0,"Juzu Bracelet":40,"Letter Opener":27,"War Paint":8,"Medical Kit":10,"Question Card":42,"Burning Blood":0,"Calling Bell":0,"Blood Vial":6,"Du-Vu Doll":23,"Dream Catcher":9,"Nunchaku":47,"DollysMirror":24,"Pandora\u0027s Box":34,"Fusion Hammer":17,"HandDrill":53,"InkBottle":26,"Meat on the Bone":0,"Paper Frog":54},{"Ice Cream":0,"Lee\u0027s Waffle":23,"Happy Flower":18,"Dead Branch":7,"Vajra":0,"Juzu Bracelet":25,"Letter Opener":17,"War Paint":5,"Medical Kit":5,"Question Card":26,"Burning Blood":0,"Calling Bell":0,"Blood Vial":5,"Du-Vu Doll":15,"Dream Catcher":5,"Nunchaku":29,"DollysMirror":15,"Pandora\u0027s Box":20,"Fusion Hammer":9,"HandDrill":31,"InkBottle":16,"Meat on the Bone":0,"Paper Frog":32},{"Ice Cream":0,"Lee\u0027s Waffle":97,"Happy Flower":71,"Dead Branch":24,"Vajra":0,"Juzu Bracelet":107,"Letter Opener":67,"War Paint":16,"Medical Kit":16,"Question Card":118,"Burning Blood":0,"Calling Bell":0,"Blood Vial":16,"Du-Vu Doll":61,"Dream Catcher":16,"Nunchaku":128,"DollysMirror":61,"Pandora\u0027s Box":84,"Fusion Hammer":37,"HandDrill":133,"InkBottle":64,"Meat on the Bone":0,"Paper Frog":134}],"InkBottle":[78],"Meat on the Bone":24},"card_choices":[{"not_picked":["True Grit","Sentinel"],"picked":"Cleave","floor":1.0},{"not_picked":["Body Slam","Anger"],"picked":"Twin Strike","floor":3.0},{"not_picked":["True Grit","Clothesline"],"picked":"Reaper","floor":4.0},{"not_picked":["Anger","Clothesline"],"picked":"Thunderclap","floor":5.0},{"not_picked":["Body Slam","Dark Embrace"],"picked":"Inflame","floor":6.0},{"not_picked":["Havoc","Perfected Strike"],"picked":"True Grit","floor":11.0},{"not_picked":["Bludgeon","Warcry"],"picked":"Seeing Red","floor":12.0},{"not_picked":["Cleave","Wild Strike"],"picked":"Power Through","floor":13.0},{"not_picked":["Perfected Strike","Rupture"],"picked":"Warcry","floor":14.0},{"not_picked":["Fiend Fire","Barricade"],"picked":"Offering","floor":16},{"not_picked":["Armaments","Wild Strike"],"picked":"Seeing Red+1","floor":18},{"not_picked":["Clash+1","Headbutt+1"],"picked":"True Grit","floor":19},{"not_picked":["Armaments","Twin Strike"],"picked":"Metallicize+1","floor":20},{"not_picked":["Havoc","Perfected Strike","Iron Wave"],"picked":"SKIP","floor":21},{"not_picked":["Seeing Red","Carnage+1"],"picked":"Spot Weakness+1","floor":22},{"not_picked":["Hemokinesis","Barricade"],"picked":"Shrug It Off+1","floor":23},{"not_picked":["Pummel","Ghostly Armor+1"],"picked":"Disarm+1","floor":25},{"not_picked":["Flame Barrier","Spot Weakness"],"picked":"True Grit","floor":27},{"not_picked":["Body Slam","Bloodletting"],"picked":"Shrug It Off+1","floor":29},{"not_picked":["Body Slam+1","Flex","Perfected Strike+1"],"picked":"SKIP","floor":30},{"not_picked":["Immolate","Berserk"],"picked":"Barricade","floor":33},{"not_picked":["Evolve","Sever Soul+1","Twin Strike+1"],"picked":"SKIP","floor":35},{"not_picked":["Searing Blow","Pommel Strike+1","Headbutt"],"picked":"SKIP","floor":36},{"not_picked":["Battle Trance","Evolve","Iron Wave+1"],"picked":"SKIP","floor":37},{"not_picked":["Sword Boomerang+1","Blood for Blood+1","Evolve"],"picked":"SKIP","floor":39},{"not_picked":["Clothesline","Anger"],"picked":"Corruption","floor":40},{"not_picked":["PanicButton","Finesse"],"picked":"Dark Shackles","floor":41},{"not_picked":["Flex","Cleave","Clash"],"picked":"SKIP","floor":42},{"not_picked":["Barricade","Blood for Blood","Perfected Strike+1"],"picked":"Seeing Red","floor":44},{"not_picked":["Cleave","Havoc+1","Blood for Blood"],"picked":"Disarm+1","floor":45},{"not_picked":["Uppercut+1","True Grit+1","Thunderclap","Pommel Strike"],"picked":"SKIP","floor":46},{"not_picked":["Cleave","Flame Barrier+1","Perfected Strike"],"picked":"Impervious","floor":47},{"not_picked":["Armaments+1","Clash+1","Body Slam","Clothesline"],"picked":"SKIP","floor":48},{"not_picked":["Seeing Red","Sever Soul","Wild Strike"],"picked":"Second Wind+1","floor":49},{"not_picked":["Inflame+1","Clash+1","Entrench"],"picked":"Reaper","floor":54}],"player_experience":757898,"relics_obtained":[{"floor":0.0,"key":"Vajra"},{"floor":0.0,"key":"Meat on the Bone"},{"floor":0.0,"key":"Ice Cream"},{"floor":6.0,"key":"Blood Vial"},{"floor":9.0,"key":"Dream Catcher"},{"floor":13.0,"key":"Dead Branch"},{"floor":23,"key":"Du-Vu Doll"},{"floor":26,"key":"InkBottle"},{"floor":27,"key":"Letter Opener"},{"floor":29,"key":"Happy Flower"},{"floor":40,"key":"Juzu Bracelet"},{"floor":42,"key":"Question Card"},{"floor":47,"key":"Nunchaku"},{"floor":54,"key":"Paper Frog"}],"event_choices":[{"damage_healed":0.0,"max_hp_gain":0.0,"max_hp_loss":0.0,"gold_gain":0.0,"event_name":"Shining Light","player_choice":"Entered Light","floor":2.0,"gold_loss":0.0,"damage_taken":16.0,"cards_upgraded":["Strike_R","Bash"]},{"damage_healed":0.0,"max_hp_gain":0.0,"max_hp_loss":0.0,"gold_gain":0.0,"event_name":"Scrap Ooze","player_choice":"Success","floor":8.0,"gold_loss":0.0,"damage_taken":18.0,"relics_obtained":["War Paint"]},{"damage_healed":0,"gold_gain":99,"player_choice":"Stole From Cult","damage_taken":0,"max_hp_gain":0,"max_hp_loss":0,"event_name":"Nest","floor":28,"gold_loss":0},{"damage_healed":0,"gold_gain":0,"player_choice":"1 cards matched","damage_taken":0,"max_hp_gain":0,"max_hp_loss":0,"event_name":"Match and Keep!","floor":31,"gold_loss":0,"cards_obtained":["Dark Shackles"]},{"damage_healed":0,"gold_gain":0,"player_choice":"Memory 1","damage_taken":0,"max_hp_gain":0,"max_hp_loss":0,"event_name":"SensoryStone","floor":41,"gold_loss":0}],"is_beta":false,"boss_relics":[{"not_picked":["Busted Crown","Tiny House"],"picked":"Fusion Hammer"},{"not_picked":["Snecko Eye","Runic Dome"],"picked":"Pandora\u0027s Box"}],"items_purged_floors":[24,38],"is_endless":false,"potions_floor_spawned":[3,4,5,13,14,18,19,21,23,27,30,36,44,46,47,48,54],"ascension_level":5}}