{"host":"7ignn9ecrhg4n0rm","time":1611609900,"event":{"mods":["BaseMod","Minty Spire (QoL Compilation)","Relic Stats","StSLib"],"gold_per_floor":[115,126,136,149,159,189,189,217,254,293,316,338,350,140,140,242,242,253,273,273,286,298,329,347,347,419,439,472,484,229,229,229,333,333,345,359,373,393,406,435,435,448,528,539,539,554,565,591,591,591,591,591,283,308,308],"floor_reached":56,"language":"ENG","playtime":4733,"items_purged":["Regret","Defend_P+1"],"score":1381,"play_id":"8442d60e-baba-44af-ba6b-b0f0294b5edf","local_time":"20210125132500","is_ascension_mode":false,"campfire_choices":[{"data":"Eruption","floor":7,"key":"SMITH"},{"data":"CutThroughFate","floor":15,"key":"SMITH"},{"data":"Crescendo","floor":32,"key":"SMITH"},{"floor":41,"key":"REST"},{"floor":45,"key":"RECALL"},{"floor":49,"key":"REST"},{"floor":52,"key":"REST"}],"circlet_count":0,"master_deck":["Strike_P+1","Defend_P+1","Defend_P+1","Eruption+1","Vigilance+1","LessonLearned+1","FearNoEvil+1","Conclude+1","ReachHeaven+1","Tantrum+1","Crescendo+1","Halt+1","ThirdEye+1","BowlingBash+1","EmptyFist+1","CutThroughFate+1","Vault+1","TalkToTheHand+1","Vault+1","FlyingSleeves+1","InnerPeace+1","WaveOfTheHand+1","TalkToTheHand+1","FlurryOfBlows+1","Judgement+1","ClearTheMind+1","Meditate+1","Halt+1","Scrawl+1","JustLucky+1","FollowUp+1","EmptyBody+1","ThirdEye+1","CutThroughFate","TalkToTheHand","Ragnarok","FlurryOfBlows","CrushJoints","CutThroughFate"],"relics":["PureWater","Centennial Puzzle","MawBank","Damaru","Lantern","Regal Pillow","Medical Kit","Astrolabe","Letter Opener","Pantograph","Toy Ornithopter","Melange","Fusion Hammer","Orichalcum","Dream Catcher","Pen Nib","Happy Flower"],"acts_visited":["Exordium","TheCity","TheBeyond","TheEnding"],"potions_floor_usage":[6,21,22,28,29,37,50,50,54,55,55],"damage_taken":[{"damage":6,"enemies":"2 Louse","floor":1,"turns":4},{"damage":0,"enemies":"Cultist","floor":2,"turns":2},{"damage":1,"enemies":"Jaw Worm","floor":3,"turns":5},{"damage":8,"enemies":"Lots of Slimes","floor":4,"turns":2},{"damage":6,"enemies":"Blue Slaver","floor":5,"turns":2},{"damage":0,"enemies":"Gremlin Nob","floor":6,"turns":3},{"damage":0,"enemies":"Lagavulin","floor":8,"turns":5},{"damage":9,"enemies":"3 Sentries","floor":10,"turns":3},{"damage":3,"enemies":"Large Slime","floor":11,"turns":3},{"damage":4,"enemies":"Looter","floor":12,"turns":3},{"damage":0,"enemies":"Slime Boss","floor":16,"turns":4},{"damage":5,"enemies":"2 Thieves","floor":18,"turns":4},{"damage":1,"enemies":"Shell Parasite","floor":19,"turns":5},{"damage":6,"enemies":"Chosen and Byrds","floor":21,"turns":3},{"damage":11,"enemies":"Snecko","floor":22,"turns":9},{"damage":0,"enemies":"Gremlin Leader","floor":23,"turns":5},{"damage":0,"enemies":"3 Cultists","floor":24,"turns":5},{"damage":12,"enemies":"Centurion and Healer","floor":27,"turns":8},{"damage":6,"enemies":"Book of Stabbing","floor":28,"turns":5},{"damage":8,"enemies":"Snake Plant","floor":29,"turns":5},{"damage":30,"enemies":"Champ","floor":33,"turns":9},{"damage":1,"enemies":"3 Darklings","floor":35,"turns":3},{"damage":3,"enemies":"3 Shapes","floor":36,"turns":3},{"damage":15,"enemies":"Writhing Mass","floor":37,"turns":7},{"damage":3,"enemies":"Sphere and 2 Shapes","floor":38,"turns":9},{"damage":8,"enemies":"3 Darklings","floor":39,"turns":3},{"damage":15,"enemies":"Nemesis","floor":40,"turns":6},{"damage":0,"enemies":"Writhing Mass","floor":42,"turns":6},{"damage":0,"enemies":"Spire Growth","floor":44,"turns":3},{"damage":0,"enemies":"Transient","floor":46,"turns":7},{"damage":11,"enemies":"Writhing Mass","floor":47,"turns":7},{"damage":6,"enemies":"Giant Head","floor":48,"turns":7},{"damage":30,"enemies":"Donu and Deca","floor":50,"turns":7},{"damage":27,"enemies":"Shield and Spear","floor":54,"turns":5},{"damage":29,"enemies":"The Heart","floor":55,"turns":10}],"seed_played":"2864317828718967474","potions_obtained":[{"floor":2,"key":"Block Potion"},{"floor":4,"key":"Block Potion"},{"floor":6,"key":"FearPotion"},{"floor":8,"key":"SpeedPotion"},{"floor":22,"key":"FearPotion"},{"floor":23,"key":"DuplicationPotion"},{"floor":36,"key":"SkillPotion"},{"floor":37,"key":"CultistPotion"},{"floor":38,"key":"BlessingOfTheForge"},{"floor":47,"key":"AttackPotion"},{"floor":54,"key":"Regen Potion"}],"is_trial":false,"path_per_floor":["M","M","M","M","M","E","R","E","T","E","M","M","?","$","R","B",null,"M","M","?","M","M","E","M","?","T","M","E","M","$","?","R","B",null,"M","M","M","M","M","E","R","M","T","M","R","M","M","E","R","B",null,"R","$","E","B",null],"character_chosen":"WATCHER","items_purchased":["Medical Kit","Melange","Pen Nib","SteroidPotion","AttackPotion","CrushJoints"],"campfire_rested":3,"item_purchase_floors":[14,30,53,53,53,53],"current_hp_per_floor":[66,66,65,57,51,51,51,51,51,42,39,35,35,35,35,35,72,67,66,66,60,49,49,49,49,49,37,31,28,28,28,28,23,72,71,68,57,54,46,31,67,67,67,67,67,67,56,50,72,42,72,72,72,45,62],"gold":308,"neow_bonus":"ONE_RANDOM_RARE_CARD","is_daily":false,"chose_seed":false,"campfire_upgraded":3,"win_rate":0.0,"timestamp":1611609900,"path_taken":["M","M","M","M","M","E","R","E","T","E","M","M","?","$","R","BOSS","M","M","?","M","M","E","M","?","T","?","E","M","$","?","R","BOSS","M","M","M","M","M","E","R","M","T","M","R","M","M","E","R","BOSS","R","$","E","BOSS"],"items_purchased_type":["Relic","Relic","Relic","Potion","Potion","Card"],"build_version":"2020-12-22","purchased_purges":2,"victory":true,"max_hp_per_floor":[72,72,72,72,72,72,72,72,72,72,72,72,72,72,72,72,72,72,72,72,72,72,72,72,72,72,72,72,72,72,72,72,72,72,72,72,72,72,72,72,72,72,72,72,72,72,72,72,72,72,72,72,72,72,72],"relic_stats":{"Regal Pillow":16,"Happy Flower":[3],"counters":[35,177],"Astrolabe":["TalkToTheHand","Vault","FlyingSleeves"],"Melange":[42],"Pen Nib":[6],"Letter Opener":[154],"Orichalcum":[12],"MawBank":72,"Medical Kit":[6],"Centennial Puzzle":[66],"Dream Catcher":2,"Pantograph":50,"obtain_stats":[{"Lantern":10,"Regal Pillow":13,"Happy Flower":54,"Astrolabe":17,"Damaru":9,"Melange":30,"Pen Nib":53,"Letter Opener":23,"Orichalcum":40,"MawBank":8,"Medical Kit":14,"Centennial Puzzle":6,"Dream Catcher":48,"Pantograph":26,"Fusion Hammer":34,"PureWater":0,"Toy Ornithopter":28},{"Lantern":8,"Regal Pillow":10,"Happy Flower":34,"Astrolabe":11,"Damaru":7,"Melange":20,"Pen Nib":33,"Letter Opener":16,"Orichalcum":27,"MawBank":7,"Medical Kit":10,"Centennial Puzzle":6,"Dream Catcher":32,"Pantograph":17,"Fusion Hammer":21,"PureWater":0,"Toy Ornithopter":19},{"Lantern":26,"Regal Pillow":32,"Happy Flower":167,"Astrolabe":36,"Damaru":23,"Melange":85,"Pen Nib":162,"Letter Opener":62,"Orichalcum":125,"MawBank":23,"Medical Kit":32,"Centennial Puzzle":18,"Dream Catcher":155,"Pantograph":67,"Fusion Hammer":94,"PureWater":0,"Toy Ornithopter":80}],"Toy Ornithopter":16},"card_choices":[{"not_picked":["SashWhip","BowlingBash"],"picked":"FearNoEvil","floor":1},{"not_picked":["ThirdEye","ReachHeaven"],"picked":"Conclude","floor":2},{"not_picked":["SashWhip","JustLucky"],"picked":"ReachHeaven","floor":3},{"not_picked":["SashWhip","EmptyBody"],"picked":"Tantrum","floor":4},{"not_picked":["FlyingSleeves","Nirvana"],"picked":"Crescendo","floor":5},{"not_picked":["Study","Blasphemy"],"picked":"Halt","floor":6},{"not_picked":["Worship","WreathOfFlame"],"picked":"ThirdEye","floor":8},{"not_picked":["ClearTheMind","Consecrate"],"picked":"BowlingBash","floor":10},{"not_picked":["Pray","Perseverance"],"picked":"EmptyFist","floor":11},{"not_picked":["Protect","PathToVictory"],"picked":"CutThroughFate","floor":12},{"not_picked":["Scrawl","ConjureBlade"],"picked":"Vault","floor":16},{"not_picked":["Halt+1","SignatureMove"],"picked":"InnerPeace","floor":18},{"not_picked":["PathToVictory","FlyingSleeves"],"picked":"WaveOfTheHand","floor":19},{"not_picked":["Prostrate+1","BowlingBash"],"picked":"FlurryOfBlows","floor":21},{"not_picked":["FlyingSleeves","Protect","Prostrate"],"picked":"SKIP","floor":22},{"not_picked":["ThirdEye","Consecrate"],"picked":"Judgement","floor":23},{"not_picked":["BowlingBash","ThirdEye"],"picked":"ClearTheMind+1","floor":24},{"not_picked":["JustLucky","SashWhip+1"],"picked":"Meditate","floor":27},{"not_picked":["Worship","WheelKick+1"],"picked":"Halt+1","floor":28},{"not_picked":["Halt+1","Consecrate","EmptyFist"],"picked":"SKIP","floor":29},{"not_picked":["MasterReality","Establishment"],"picked":"Scrawl","floor":33},{"not_picked":["Indignation","DeceiveReality","BowlingBash"],"picked":"SKIP","floor":35},{"not_picked":["ReachHeaven","EmptyBody","Halt+1"],"picked":"SKIP","floor":36},{"not_picked":["Tantrum+1","Crescendo+1"],"picked":"JustLucky+1","floor":37},{"not_picked":["FlyingSleeves+1","Crescendo"],"picked":"FollowUp+1","floor":38},{"not_picked":["PathToVictory+1","Devotion"],"picked":"EmptyBody+1","floor":39},{"not_picked":["FlyingSleeves","Wallop","Consecrate+1"],"picked":"SKIP","floor":40},{"not_picked":["ClearTheMind+1","BowlingBash+1","Perseverance"],"picked":"SKIP","floor":42},{"not_picked":["FollowUp","Consecrate+1"],"picked":"ThirdEye+1","floor":44},{"not_picked":["Prostrate","JustLucky+1"],"picked":"CutThroughFate","floor":46},{"not_picked":["BowlingBash","FollowUp","FlyingSleeves+1"],"picked":"SKIP","floor":47},{"not_picked":["Adaptation","DeceiveReality+1"],"picked":"TalkToTheHand","floor":48},{"not_picked":["FollowUp+1","Consecrate"],"picked":"Ragnarok","floor":49},{"not_picked":["FlyingSleeves","Meditate"],"picked":"FlurryOfBlows","floor":52},{"not_picked":["EmptyBody+1","Evaluate+1"],"picked":"CutThroughFate","floor":54}],"player_experience":241766,"relics_obtained":[{"floor":6,"key":"Centennial Puzzle"},{"floor":8,"key":"MawBank"},{"floor":9,"key":"Damaru"},{"floor":10,"key":"Lantern"},{"floor":23,"key":"Letter Opener"},{"floor":26,"key":"Pantograph"},{"floor":28,"key":"Toy Ornithopter"},{"floor":40,"key":"Orichalcum"},{"floor":48,"key":"Dream Catcher"},{"floor":54,"key":"Happy Flower"}],"event_choices":[{"damage_healed":0,"gold_gain":0,"player_choice":"Box","damage_taken":0,"relics_obtained":["Regal Pillow"],"max_hp_gain":0,"max_hp_loss":0,"event_name":"Big Fish","floor":13,"gold_loss":0,"cards_obtained":["Regret"]},{"damage_healed":0,"gold_gain":0,"player_choice":"Read","damage_taken":0,"max_hp_gain":0,"max_hp_loss":0,"event_name":"The Library","floor":20,"gold_loss":0,"cards_obtained":["TalkToTheHand"]},{"damage_healed":0,"gold_gain":0,"player_choice":"Forge","damage_taken":0,"max_hp_gain":0,"max_hp_loss":0,"event_name":"Accursed Blacksmith","floor":25,"gold_loss":0,"cards_upgraded":["Vault"]},{"cards_removed":["Strike_P"],"damage_healed":0,"gold_gain":0,"player_choice":"Elegance","damage_taken":0,"max_hp_gain":0,"max_hp_loss":0,"event_name":"Back to Basics","floor":31,"gold_loss":0}],"is_beta":false,"boss_relics":[{"not_picked":["Velvet Choker","Busted Crown"],"picked":"Astrolabe"},{"not_picked":["SacredBark","Empty Cage"],"picked":"Fusion Hammer"}],"items_purged_floors":[14,30],"is_endless":false,"potions_floor_spawned":[2,4,6,8,12,19,22,23,27,36,37,38,46,47,54],"ascension_level":0}}