{"host":"mydft8i2zzydgggw","time":1611540895,"event":{"mods":["AchievementEnabler","BaseMod","BetterRewards","Colored Map","Colored Powertips","DeckTracker","Keyboard Shortcuts","Minty Spire (QoL Compilation)","Rare Cards Sparkle","StSLib","SuperFastMode","everything is the same but u backflip on backflip"],"gold_per_floor":[366,212,223,234,234,265,284,61,61,79,2,2,2,16,16,116,116,130,149,166,184,201,201,5,17,42,42,42,42,42,60,60,60,60],"floor_reached":33,"language":"KOR","playtime":872,"items_purged":["Strike_P","Strike_P"],"score":377,"play_id":"8ffd3573-f3f8-4ca1-aca0-0840bc719f4b","local_time":"20210125111455","is_ascension_mode":true,"campfire_choices":[{"floor":13.0,"key":"REST"},{"floor":15.0,"key":"DIG"},{"floor":23.0,"key":"REST"},{"floor":27.0,"key":"DIG"},{"floor":32.0,"key":"REST"}],"circlet_count":0,"master_deck":["AscendersBane","Strike_P","Defend_P","Defend_P","Defend_P","Eruption+1","Vigilance","Wallop","WreathOfFlame","FollowUp","Pray","FlurryOfBlows","CutThroughFate","TalkToTheHand","FearNoEvil","Adaptation","FollowUp","Vault","CurseOfTheBell","ForeignInfluence","BowlingBash","Wallop+1","MentalFortress","EmptyFist","DeusExMachina","Decay","InnerPeace"],"relics":["PureWater","FossilizedHelix","Shovel","Letter Opener","Calling Bell","Juzu Bracelet","Mercury Hourglass","Pocketwatch","Centennial Puzzle","Bottled Lightning","FaceOfCleric"],"acts_visited":["Exordium","TheCity"],"potions_floor_usage":[],"damage_taken":[{"damage":0.0,"enemies":"Cultist","floor":1.0,"turns":3.0},{"damage":0.0,"enemies":"Small Slimes","floor":3.0,"turns":3.0},{"damage":0.0,"enemies":"2 Louse","floor":4.0,"turns":3.0},{"damage":43.0,"enemies":"Lagavulin","floor":6.0,"turns":11.0},{"damage":13.0,"enemies":"Gremlin Gang","floor":7.0,"turns":5.0},{"damage":1.0,"enemies":"3 Louse","floor":10.0,"turns":3.0},{"damage":0.0,"enemies":"Looter","floor":14.0,"turns":2.0},{"damage":11.0,"enemies":"The Guardian","floor":16.0,"turns":7.0},{"damage":0.0,"enemies":"3 Byrds","floor":18.0,"turns":4.0},{"damage":0.0,"enemies":"Spheric Guardian","floor":19.0,"turns":2.0},{"damage":28.0,"enemies":"Snake Plant","floor":20.0,"turns":6.0},{"damage":0.0,"enemies":"Snecko","floor":21.0,"turns":5.0},{"damage":7.0,"enemies":"Shelled Parasite and Fungi","floor":22.0,"turns":6.0},{"damage":18.0,"enemies":"Snake Plant","floor":25.0,"turns":5.0},{"damage":1.0,"enemies":"Cultist and Chosen","floor":31.0,"turns":5.0},{"damage":136,"enemies":"Champ","floor":33,"turns":11}],"seed_played":"6262946808891497423","potions_obtained":[{"floor":1.0,"key":"Dexterity Potion"},{"floor":7.0,"key":"DistilledChaos"},{"floor":14.0,"key":"CultistPotion"},{"floor":18.0,"key":"FairyPotion"},{"floor":21.0,"key":"BottledMiracle"},{"floor":25.0,"key":"DistilledChaos"}],"is_trial":false,"path_per_floor":["M","$","M","M","?","E","M","$","T","M","$","?","R","M","R","B",null,"M","M","M","M","M","R","$","M","T","R","?","?","?","M","R","B"],"character_chosen":"WATCHER","items_purchased":["WreathOfFlame","TalkToTheHand","Swift Potion","Adaptation","MentalFortress","EmptyFist","Fruit Juice"],"campfire_rested":3,"item_purchase_floors":[2,8,8,11,24,24,24],"current_hp_per_floor":[65,65,65,65,65,22,9,9,9,8,8,8,27,27,27,16,53,53,53,25,25,18,37,37,24,24,24,24,24,24,24,45,0,0],"gold":60,"neow_bonus":"TWO_FIFTY_GOLD","is_daily":false,"chose_seed":false,"campfire_upgraded":0,"win_rate":0.0,"timestamp":1611540895,"path_taken":["M","$","?","M","?","E","M","$","T","M","?","?","R","M","R","BOSS","M","M","M","M","M","R","$","M","T","R","?","?","?","M","R","BOSS"],"items_purchased_type":["Card","Card","Potion","Card","Card","Card","Potion"],"build_version":"2020-12-22","purchased_purges":2,"victory":false,"max_hp_per_floor":[65,65,65,65,65,65,65,65,65,65,65,65,65,65,65,65,65,65,65,65,65,65,65,65,70,70,70,70,70,70,71,71,71,71],"card_choices":[{"not_picked":["Perseverance","Fasting2"],"picked":"Wallop","floor":1.0},{"not_picked":["ThirdEye","FlyingSleeves"],"picked":"FollowUp","floor":3.0},{"not_picked":["Crescendo","Conclude"],"picked":"Pray","floor":4.0},{"not_picked":["ThirdEye","PathToVictory"],"picked":"FlurryOfBlows","floor":6.0},{"not_picked":["Collect","JustLucky"],"picked":"CutThroughFate","floor":7.0},{"not_picked":["Tantrum","Study"],"picked":"FearNoEvil","floor":10.0},{"not_picked":["PathToVictory","Halt","FlyingSleeves"],"picked":"SKIP","floor":14.0},{"not_picked":["Blasphemy","MasterReality"],"picked":"Vault","floor":16.0},{"not_picked":["CutThroughFate","Meditate"],"picked":"ForeignInfluence","floor":18.0},{"not_picked":["SignatureMove","FlyingSleeves"],"picked":"BowlingBash","floor":19.0},{"not_picked":["Collect","Evaluate"],"picked":"Wallop+1","floor":20.0},{"not_picked":["SashWhip","ThirdEye","Worship"],"picked":"SKIP","floor":21.0},{"not_picked":["Vengeance+1","FollowUp+1","Worship"],"picked":"SKIP","floor":22.0},{"not_picked":["Conclude","SandsOfTime"],"picked":"DeusExMachina","floor":25.0},{"not_picked":["Prostrate","ClearTheMind+1"],"picked":"InnerPeace","floor":31.0}],"player_experience":218566,"relics_obtained":[{"floor":6.0,"key":"FossilizedHelix"},{"floor":9.0,"key":"Shovel"},{"floor":15.0,"key":"Letter Opener"},{"floor":17.0,"key":"Juzu Bracelet"},{"floor":17.0,"key":"Mercury Hourglass"},{"floor":17.0,"key":"Pocketwatch"},{"floor":26.0,"key":"Centennial Puzzle"},{"floor":27.0,"key":"Bottled Lightning"}],"event_choices":[{"damage_healed":0.0,"max_hp_gain":0.0,"max_hp_loss":0.0,"gold_gain":0.0,"event_name":"Upgrade Shrine","player_choice":"Upgraded","floor":5.0,"gold_loss":0.0,"damage_taken":0.0,"cards_upgraded":["Eruption"]},{"damage_healed":0.0,"max_hp_gain":0.0,"max_hp_loss":0.0,"gold_gain":0.0,"cards_transformed":["Defend_P"],"event_name":"Transmorgrifier","player_choice":"Transformed","floor":12.0,"gold_loss":0.0,"damage_taken":0.0,"cards_obtained":["FollowUp"]},{"cards_removed":["Strike_P"],"damage_healed":0.0,"max_hp_gain":0.0,"max_hp_loss":0.0,"gold_gain":0.0,"event_name":"Back to Basics","player_choice":"Elegance","floor":28.0,"gold_loss":0.0,"damage_taken":0.0},{"damage_healed":0.0,"max_hp_gain":0.0,"max_hp_loss":0.0,"gold_gain":0.0,"event_name":"FaceTrader","player_choice":"Trade","floor":29.0,"gold_loss":0.0,"damage_taken":0.0,"relics_obtained":["FaceOfCleric"]},{"damage_healed":0.0,"max_hp_gain":0.0,"max_hp_loss":0.0,"gold_gain":0.0,"event_name":"Forgotten Altar","player_choice":"Smashed Altar","floor":30.0,"gold_loss":0.0,"damage_taken":0.0,"cards_obtained":["Decay"]}],"is_beta":false,"boss_relics":[{"not_picked":["SlaversCollar","Tiny House"],"picked":"Calling Bell"}],"items_purged_floors":[2,8],"is_endless":false,"potions_floor_spawned":[1,7,14,18,21,25],"killed_by":"Champ","ascension_level":10}}