{"host":"7f01flv6y0vhl3vt","time":1611535332,"event":{"mods":["Act Like it!","BaseMod","Downfall","Minty Spire (QoL Compilation)","StSLib"],"gold_per_floor":[99,114,24,24,124,134,158,58,78,528,24,39,98,98,98,98],"floor_reached":14,"language":"ENG","playtime":7147,"items_purged":["champ:Strike"],"score":103,"play_id":"2ea5db15-278b-4391-a527-70762b033805","local_time":"20210124194212","is_ascension_mode":false,"campfire_choices":[{"floor":1,"key":"RECALL"},{"floor":8,"key":"REST"}],"circlet_count":0,"master_deck":["champ:Strike","champ:Strike","champ:Strike","champ:Defend","champ:Defend","champ:Defend","champ:Defend","champ:Execute","champ:Taunt","champ:CrookedStrike","champ:DeathBlow","champ:DefensiveShout","champ:FaceSlap","champ:EndlessRage","downfall:Icky","downfall:Icky","downfall:Icky","champ:TripleStrike","champ:SetATrap","champ:FancyFootwork","champ:FancyFootwork"],"relics":["champ:ChampionCrown","Champion Belt","downfall:HeartBlessingBlue","Turnip","Bronze Scales","Mercury Hourglass"],"acts_visited":["Exordium"],"potions_floor_usage":[6,12],"damage_taken":[{"damage":31,"enemies":"Jaw Worm","floor":2,"turns":4},{"damage":20,"enemies":"downfall:FleeingMerchant","floor":3,"turns":4},{"damage":58,"enemies":"downfall:FleeingMerchant","floor":5,"turns":4},{"damage":15,"enemies":"2 Louse","floor":6,"turns":2},{"damage":15,"enemies":"Small Slimes","floor":9,"turns":3},{"damage":20,"enemies":"downfall:FleeingMerchant","floor":11,"turns":4},{"damage":43,"enemies":"Exordium Wildlife","floor":12,"turns":5},{"damage":78,"enemies":"3 Sentries","floor":13,"turns":8},{"damage":25,"enemies":"Lagavulin","floor":14,"turns":3}],"seed_played":"-1455096106978933198","potions_obtained":[{"floor":2,"key":"hexamod:SoulburnPotion"},{"floor":5,"key":"BlessingOfTheForge"},{"floor":13,"key":"BlessingOfTheForge"}],"is_trial":false,"path_per_floor":["R","M","$","?","?","M","T","R","M","?","$","M","?","E"],"character_chosen":"THE_CHAMP","items_purchased":["Turnip","Bronze Scales","champ:SetATrap"],"campfire_rested":1,"item_purchase_floors":[11,11,11],"current_hp_per_floor":[99,88,88,93,65,60,60,104,104,104,94,66,8,0,0,0],"gold":98,"neow_bonus":"TEN_PERCENT_HP_BONUS","is_daily":false,"chose_seed":false,"campfire_upgraded":0,"win_rate":0.0,"timestamp":1611535332,"path_taken":["R","M","$","?","?","M","T","R","M","?","$","M","?","E"],"items_purchased_type":["Relic","Relic","Card"],"build_version":"2020-12-22","purchased_purges":1,"victory":false,"max_hp_per_floor":[99,99,99,104,104,104,104,114,114,114,114,114,114,114,114,114],"card_choices":[{"not_picked":["champ:BladeFlurry","champ:Haymaker"],"picked":"champ:CrookedStrike","floor":2},{"not_picked":["champ:StanceDance","champ:HeartStrike"],"picked":"champ:DeathBlow","floor":3},{"not_picked":["champ:EnGarde","champ:TornadoPunch"],"picked":"champ:DefensiveShout","floor":5},{"not_picked":["champ:BladeFlurry","champ:BerserkersShout"],"picked":"champ:FaceSlap","floor":6},{"not_picked":["champ:BladeFlurry","champ:PreemptiveStrike"],"picked":"champ:EndlessRage","floor":9},{"not_picked":["champ:CrownThrow","champ:Shatter"],"picked":"champ:TripleStrike","floor":11},{"not_picked":["champ:FanOfKnives","champ:GutPunch"],"picked":"champ:FancyFootwork","floor":12},{"not_picked":["champ:CalledShot","champ:TornadoPunch"],"picked":"champ:FancyFootwork","floor":13}],"player_experience":1387901,"relics_obtained":[{"floor":5,"key":"Champion Belt"},{"floor":13,"key":"Mercury Hourglass"}],"event_choices":[{"damage_healed":0,"gold_gain":0,"player_choice":"Donut","damage_taken":0,"max_hp_gain":5,"max_hp_loss":0,"event_name":"Big Fish","floor":4,"gold_loss":0}],"is_beta":false,"boss_relics":[],"items_purged_floors":[3],"is_endless":false,"potions_floor_spawned":[2,5,13],"killed_by":"Lagavulin","ascension_level":0}}