{"host":"nolo0osttpwefhwj","time":1611608783,"event":{"mods":["AchievementEnabler","BaseMod","Bestiary","Colored Powertips","Minty Spire (QoL Compilation)","Permanent Neow","Quick Restart","Relic Stats"],"gold_per_floor":[169,186,186,202,277,302,320,285,285,285,47,57,84,103,103,174,174,192,212,487,502,427,453,453,453,453,130,130,130,163,178,178,255,255,272,197,213,223,243,276,291,317,344,372,392,411,423,383,383,383,383,383,112,143,143],"floor_reached":56,"language":"ENG","playtime":5109,"items_purged":["Writhe"],"score":2297,"play_id":"1dd2dd31-c338-43ba-bd02-f784ba31aa30","local_time":"20210125220623","is_ascension_mode":true,"campfire_choices":[{"data":"Blade Dance","floor":10.0,"key":"SMITH"},{"data":"Footwork","floor":15.0,"key":"SMITH"},{"floor":24.0,"key":"RECALL"},{"floor":29.0,"key":"REST"},{"floor":32.0,"key":"REST"},{"floor":49.0,"key":"REST"},{"floor":52.0,"key":"REST"}],"circlet_count":0,"master_deck":["AscendersBane","Survivor+1","Neutralize+1","Dagger Throw","Blade Dance+1","Blade Dance+1","Dodge and Roll+1","Venomology+1","Footwork+1","Blade Dance+1","Dodge and Roll+1","After Image","Escape Plan+1","Cloak And Dagger+1","Prepared+1","After Image","Finesse+1","RitualDagger+1","Leg Sweep+1","Escape Plan+1","Venomology+1","Sucker Punch+1","Die Die Die+1","Dagger Spray+1","Night Terror+1","Venomology+1","Reflex+1","Outmaneuver+1","Underhanded Strike+1","Prepared+1","Leg Sweep+1","Tactician+1","Malaise+1","Acrobatics+1","Acrobatics+1","Deflect+1","PiercingWail+1","Acrobatics+1","Adrenaline+1","Escape Plan+1","Terror+1","Cloak And Dagger+1","Blur+1","Accuracy"],"relics":["Tiny House","Anchor","Toxic Egg 2","Blood Vial","Vajra","Molten Egg 2","Fusion Hammer","Orichalcum","Mummified Hand","Bottled Tornado","DollysMirror","Bronze Scales","Pandora\u0027s Box","Happy Flower","Oddly Smooth Stone","Strawberry","Membership Card","Nunchaku","War Paint"],"acts_visited":["Exordium","TheCity","TheBeyond","TheEnding"],"potions_floor_usage":[54,54,55,55,55,55,55],"damage_taken":[{"damage":4.0,"enemies":"Jaw Worm","floor":1.0,"turns":5.0},{"damage":5.0,"enemies":"Cultist","floor":2.0,"turns":4.0},{"damage":0.0,"enemies":"2 Louse","floor":4.0,"turns":4.0},{"damage":41.0,"enemies":"Gremlin Nob","floor":6.0,"turns":5.0},{"damage":0.0,"enemies":"2 Fungi Beasts","floor":7.0,"turns":3.0},{"damage":0.0,"enemies":"Exordium Wildlife","floor":12.0,"turns":4.0},{"damage":0.0,"enemies":"3 Sentries","floor":13.0,"turns":7.0},{"damage":0.0,"enemies":"Red Slaver","floor":14.0,"turns":3.0},{"damage":7.0,"enemies":"Slime Boss","floor":16.0,"turns":10.0},{"damage":0.0,"enemies":"3 Byrds","floor":18.0,"turns":6.0},{"damage":0.0,"enemies":"Chosen","floor":19.0,"turns":5.0},{"damage":16.0,"enemies":"Snecko","floor":21.0,"turns":6.0},{"damage":8.0,"enemies":"Slavers","floor":23.0,"turns":8.0},{"damage":16.0,"enemies":"Book of Stabbing","floor":30.0,"turns":5.0},{"damage":5.0,"enemies":"Cultist and Chosen","floor":31.0,"turns":11.0},{"damage":3.0,"enemies":"Champ","floor":33.0,"turns":10.0},{"damage":15.0,"enemies":"3 Darklings","floor":35.0,"turns":4.0},{"damage":0.0,"enemies":"3 Shapes","floor":37.0,"turns":6.0},{"damage":0.0,"enemies":"Maw","floor":38.0,"turns":6.0},{"damage":0.0,"enemies":"Sphere and 2 Shapes","floor":39.0,"turns":2.0},{"damage":0.0,"enemies":"Reptomancer","floor":40.0,"turns":6.0},{"damage":0.0,"enemies":"3 Darklings","floor":41.0,"turns":5.0},{"damage":0.0,"enemies":"Giant Head","floor":42.0,"turns":10.0},{"damage":0.0,"enemies":"Reptomancer","floor":44.0,"turns":7.0},{"damage":0.0,"enemies":"Writhing Mass","floor":45.0,"turns":5.0},{"damage":1.0,"enemies":"Jaw Worm Horde","floor":46.0,"turns":4.0},{"damage":0.0,"enemies":"Sphere and 2 Shapes","floor":47.0,"turns":3.0},{"damage":8.0,"enemies":"Awakened One","floor":50.0,"turns":21.0},{"damage":0,"enemies":"Shield and Spear","floor":54,"turns":8},{"damage":25,"enemies":"The Heart","floor":55,"turns":10}],"seed_played":"296755798782212144","potions_obtained":[{"floor":0.0,"key":"Fruit Juice"},{"floor":4.0,"key":"Explosive Potion"},{"floor":7.0,"key":"Energy Potion"},{"floor":13.0,"key":"Ancient Potion"},{"floor":14.0,"key":"Block Potion"},{"floor":18.0,"key":"LiquidMemories"},{"floor":30.0,"key":"SteroidPotion"},{"floor":38.0,"key":"LiquidMemories"},{"floor":48.0,"key":"Ancient Potion"}],"is_trial":false,"path_per_floor":["M","M","?","M","?","E","M","?","T","R","$","M","E","M","R","B",null,"M","M","?","M","?","E","R","?","T","$","?","R","E","M","R","B",null,"M","?","M","M","M","E","M","E","T","E","M","M","M","?","R","B",null,"R","$","E","B",null],"character_chosen":"THE_SILENT","items_purchased":["Venomology+1","Vajra","DollysMirror","Finesse+1","Membership Card","Nunchaku","Accuracy"],"campfire_rested":4,"item_purchase_floors":[11,11,27,27,53,53,53],"current_hp_per_floor":[60,55,55,55,44,3,3,20,20,20,20,22,24,26,26,21,59,61,63,63,49,49,43,43,43,43,43,37,58,44,41,62,61,69,56,56,58,60,62,64,66,68,68,77,78,77,78,78,78,70,76,78,78,78,53],"gold":143,"neow_bonus":"BOSS_RELIC","is_daily":false,"chose_seed":false,"campfire_upgraded":2,"win_rate":0.0,"timestamp":1611608783,"path_taken":["M","M","?","?","?","E","M","?","T","R","$","M","E","M","R","BOSS","M","M","?","?","?","E","R","?","T","$","?","R","E","M","R","BOSS","M","?","M","M","M","E","?","E","T","E","M","M","M","?","R","BOSS","R","$","E","BOSS"],"items_purchased_type":["Card","Relic","Relic","Card","Relic","Relic","Card"],"build_version":"2020-12-22","purchased_purges":1,"victory":true,"max_hp_per_floor":[71,71,71,71,71,71,71,71,71,71,71,71,71,71,71,71,71,71,71,71,71,71,71,71,71,71,71,71,71,71,71,71,71,71,71,71,71,71,71,71,71,71,71,78,78,78,78,78,78,78,78,78,78,78,78],"relic_stats":{"Blood Vial":40,"Nunchaku":[8],"Happy Flower":[24],"counters":[30,193],"Mummified Hand":[66],"Bronze Scales":[496],"Pandora\u0027s Box":["Sucker Punch","Die Die Die","Backstab","Dagger Spray","Night Terror","Venomology","Reflex","Outmaneuver","Underhanded Strike","Prepared"],"Orichalcum":[12],"War Paint":["Survivor"],"obtain_stats":[{"Tiny House":0,"Happy Flower":40,"Vajra":11,"Oddly Smooth Stone":42,"Orichalcum":23,"Bottled Tornado":26,"War Paint":54,"Blood Vial":9,"Anchor":3,"Nunchaku":53,"Mummified Hand":25,"DollysMirror":27,"Bronze Scales":30,"Strawberry":44,"Molten Egg 2":13,"Pandora\u0027s Box":34,"Fusion Hammer":17,"Membership Card":53,"Toxic Egg 2":6,"Ring of the Snake":0},{"Tiny House":0,"Happy Flower":21,"Vajra":5,"Oddly Smooth Stone":23,"Orichalcum":13,"Bottled Tornado":13,"War Paint":29,"Blood Vial":5,"Anchor":2,"Nunchaku":28,"Mummified Hand":13,"DollysMirror":13,"Bronze Scales":14,"Strawberry":24,"Molten Egg 2":7,"Pandora\u0027s Box":16,"Fusion Hammer":9,"Membership Card":28,"Toxic Egg 2":4,"Ring of the Snake":0},{"Tiny House":0,"Happy Flower":120,"Vajra":21,"Oddly Smooth Stone":135,"Orichalcum":70,"Bottled Tornado":70,"War Paint":183,"Blood Vial":21,"Anchor":9,"Nunchaku":175,"Mummified Hand":70,"DollysMirror":70,"Bronze Scales":75,"Strawberry":142,"Molten Egg 2":32,"Pandora\u0027s Box":96,"Fusion Hammer":45,"Membership Card":175,"Toxic Egg 2":18,"Ring of the Snake":0}]},"card_choices":[{"not_picked":["Skewer","Backflip"],"picked":"Dagger Throw","floor":0.0},{"not_picked":["Cloak And Dagger","Choke"],"picked":"Dash","floor":1.0},{"not_picked":["Accuracy","Backflip","Poisoned Stab"],"picked":"SKIP","floor":2.0},{"not_picked":["Deflect","Poisoned Stab"],"picked":"Blade Dance","floor":4.0},{"not_picked":["Backstab","Poisoned Stab"],"picked":"Blade Dance+1","floor":6.0},{"not_picked":["Tactician+1","Dodge and Roll+1","Quick Slash"],"picked":"SKIP","floor":7.0},{"not_picked":["Tactician+1","Quick Slash"],"picked":"Dodge and Roll+1","floor":7.0},{"not_picked":["Dodge and Roll+1","Flying Knee"],"picked":"Footwork","floor":12.0},{"not_picked":["Flying Knee+1","Dagger Spray+1"],"picked":"Blade Dance+1","floor":13.0},{"not_picked":["Endless Agony+1","Poisoned Stab+1"],"picked":"Dodge and Roll+1","floor":14.0},{"not_picked":["Malaise+1","Unload+1"],"picked":"After Image","floor":16.0},{"not_picked":["Finisher+1","Outmaneuver+1"],"picked":"Escape Plan+1","floor":18.0},{"not_picked":["Acrobatics+1","Dash+1"],"picked":"Cloak And Dagger+1","floor":19.0},{"not_picked":["Dash+1","Sucker Punch+1"],"picked":"Prepared+1","floor":21.0},{"not_picked":["Envenom","Masterful Stab+1","Heel Hook+1"],"picked":"SKIP","floor":23.0},{"not_picked":["Underhanded Strike+1","All Out Attack+1"],"picked":"Leg Sweep+1","floor":30.0},{"not_picked":["Sucker Punch+1","Backflip+1"],"picked":"Escape Plan+1","floor":31.0},{"not_picked":["Doppelganger+1","Malaise+1"],"picked":"Venomology+1","floor":33.0},{"not_picked":["Prepared+1","Choke+1"],"picked":"Leg Sweep+1","floor":35.0},{"not_picked":["Dagger Throw+1","Deadly Poison+1"],"picked":"Acrobatics+1","floor":37.0},{"not_picked":["Infinite Blades","Flying Knee+1"],"picked":"Acrobatics+1","floor":38.0},{"not_picked":["Bane+1","Setup+1"],"picked":"Deflect+1","floor":39.0},{"not_picked":["Unload+1","Heel Hook+1"],"picked":"PiercingWail+1","floor":40.0},{"not_picked":["Slice+1","Underhanded Strike+1"],"picked":"Acrobatics+1","floor":41.0},{"not_picked":["Slice+1","Sucker Punch+1"],"picked":"Adrenaline+1","floor":42.0},{"not_picked":["Finisher+1","Skewer+1"],"picked":"Escape Plan+1","floor":44.0},{"not_picked":["Prepared+1","Masterful Stab+1"],"picked":"Terror+1","floor":45.0},{"not_picked":["Riddle With Holes+1","Quick Slash+1"],"picked":"Cloak And Dagger+1","floor":46.0},{"not_picked":["Dodge and Roll+1","Quick Slash+1"],"picked":"Blur+1","floor":47.0},{"not_picked":["Flying Knee+1","Dash+1","Distraction+1"],"picked":"SKIP","floor":54}],"player_experience":266727,"relics_obtained":[{"floor":6.0,"key":"Toxic Egg 2"},{"floor":9.0,"key":"Blood Vial"},{"floor":13.0,"key":"Molten Egg 2"},{"floor":23.0,"key":"Orichalcum"},{"floor":26.0,"key":"Bottled Tornado"},{"floor":30.0,"key":"Bronze Scales"},{"floor":40.0,"key":"Happy Flower"},{"floor":42.0,"key":"Oddly Smooth Stone"},{"floor":44.0,"key":"Strawberry"},{"floor":54,"key":"War Paint"}],"event_choices":[{"damage_healed":0.0,"max_hp_gain":0.0,"max_hp_loss":0.0,"gold_gain":0.0,"event_name":"WeMeetAgain","player_choice":"Gave Potion","floor":3.0,"gold_loss":0.0,"damage_taken":0.0,"relics_obtained":["Anchor"]},{"damage_healed":0.0,"max_hp_gain":0.0,"max_hp_loss":0.0,"gold_gain":75.0,"event_name":"World of Goop","player_choice":"Gather Gold","floor":5.0,"gold_loss":0.0,"damage_taken":11.0},{"damage_healed":17.0,"max_hp_gain":0.0,"max_hp_loss":0.0,"gold_gain":0.0,"event_name":"The Cleric","player_choice":"Healed","floor":8.0,"gold_loss":35.0,"damage_taken":0.0},{"damage_healed":0.0,"max_hp_gain":0.0,"max_hp_loss":0.0,"gold_gain":275.0,"event_name":"Golden Shrine","player_choice":"Desecrate","floor":20.0,"gold_loss":0.0,"damage_taken":0.0,"cards_obtained":["Regret"]},{"cards_removed":["Regret"],"damage_healed":0.0,"max_hp_gain":0.0,"max_hp_loss":0.0,"gold_gain":0.0,"event_name":"Beggar","player_choice":"Gave Gold","floor":22.0,"gold_loss":75.0,"damage_taken":0.0},{"damage_healed":0.0,"max_hp_gain":0.0,"max_hp_loss":0.0,"gold_gain":0.0,"event_name":"The Mausoleum","player_choice":"Opened","floor":25.0,"gold_loss":0.0,"damage_taken":0.0,"relics_obtained":["Mummified Hand"],"cards_obtained":["Writhe"]},{"damage_healed":0.0,"max_hp_gain":0.0,"max_hp_loss":0.0,"gold_gain":0.0,"event_name":"Nest","player_choice":"Joined the Cult","floor":28.0,"gold_loss":0.0,"damage_taken":6.0,"cards_obtained":["RitualDagger"]},{"damage_healed":0.0,"max_hp_gain":0.0,"max_hp_loss":0.0,"gold_gain":0.0,"cards_transformed":["Dash","Backstab"],"event_name":"Designer","player_choice":"Transformed Cards","floor":36.0,"gold_loss":75.0,"damage_taken":0.0,"cards_obtained":["Tactician","Malaise"]},{"damage_healed":0.0,"max_hp_gain":0.0,"max_hp_loss":0.0,"gold_gain":0.0,"event_name":"The Woman in Blue","player_choice":"Bought 3 Potions","floor":48.0,"gold_loss":0.0,"damage_taken":0.0}],"is_beta":false,"boss_relics":[{"not_picked":["Cursed Key","Velvet Choker"],"picked":"Fusion Hammer"},{"not_picked":["Runic Dome","Philosopher\u0027s Stone"],"picked":"Pandora\u0027s Box"}],"items_purged_floors":[27],"is_endless":false,"potions_floor_spawned":[4,7,13,14,18,21,30,31,38,39,40,42,44,45],"ascension_level":15}}