{"host":"pletss163z7s8pvv","time":1611611850,"event":{"mods":["AchievementEnabler","BaseMod","Better Altar","Better Match","Better Note","Better Sensory Stone","Better Skull","Better Third Choice","BetterRewards","CapriCore","ChefMod","Colored Map","Colored Powertips","Conspire","Energized Spire","Evolution","GifTheSpireLib","Hermit","Ironclad Rager","Marked Mod","Minty Spire (QoL Compilation)","Retaliation","Spicy Shops","StS++","StSLib","The Blue Laboratory","The Cursed","The Disciple","The Forsaken"],"gold_per_floor":[115,135,135,155,155,189,189,200,224,224,238,10,28,0,0,103,103,120,130,148,47,66,66,85,85,110,110,136,51,65,65,65],"floor_reached":31,"language":"ENG","playtime":998,"items_purged":[],"score":284,"play_id":"8ee7377e-7043-4aea-adb7-9aaa075380fc","local_time":"20210125155730","is_ascension_mode":false,"campfire_choices":[{"floor":7,"key":"REST"},{"floor":10,"key":"REST"},{"floor":15,"key":"REST"},{"floor":23,"key":"REST"},{"floor":25,"key":"REST"}],"circlet_count":0,"master_deck":["FlyingSleeves","FlyingSleeves","FlyingSleeves","FlyingSleeves","Defend_P","Defend_P","Defend_P","Defend_P","Eruption","Vigilance","Sadistic Nature","MarkedMod:Acupuncture+1","CrushJoints","MasterReality","SignatureMove+1","WaveOfTheHand","StSpp:LatentStrike","MarkedMod:Acupuncture","Enlightenment","MarkedMod:NorthStar","Pray+1","Prostrate+1","PathToVictory","Consecrate","Worship+1","Doubt","SashWhip","Wallop","PathToVictory+1"],"relics":["PureWater","EVO:Axolotl","Centennial Puzzle","Toy Ornithopter","Melange","Whetstone","energizedSpire:CursedPentagram","conspire:TreasureMap","Akabeko","StSpp:TwinEgg"],"acts_visited":["Exordium","TheCity"],"potions_floor_usage":[16,16,22,22,22],"damage_taken":[{"damage":2,"enemies":"Small Slimes","floor":1,"turns":3},{"damage":10,"enemies":"Cultist","floor":2,"turns":4},{"damage":1,"enemies":"2 Louse","floor":4,"turns":2},{"damage":32,"enemies":"3 Sentries","floor":6,"turns":10},{"damage":17,"enemies":"Exordium Thugs","floor":8,"turns":4},{"damage":15,"enemies":"2 Fungi Beasts","floor":11,"turns":5},{"damage":5,"enemies":"Looter","floor":13,"turns":2},{"damage":46,"enemies":"Hexaghost","floor":16,"turns":11},{"damage":43,"enemies":"2 Thieves","floor":18,"turns":4},{"damage":15,"enemies":"Chosen","floor":19,"turns":4},{"damage":0,"enemies":"Snecko","floor":20,"turns":2},{"damage":21,"enemies":"Snake Plant","floor":22,"turns":2},{"damage":7,"enemies":"Chosen and Byrds","floor":24,"turns":4},{"damage":18,"enemies":"Gremlin Leader","floor":28,"turns":5},{"damage":10,"enemies":"Cultist and Chosen","floor":30,"turns":4},{"damage":30,"enemies":"Snake Plant","floor":31,"turns":2}],"seed_played":"-1145573627116374307","potions_obtained":[{"floor":8,"key":"Block Potion"},{"floor":11,"key":"blueLaboratory:PolymorphPotion"},{"floor":16,"key":"Energy Potion"},{"floor":18,"key":"AttackPotion"},{"floor":19,"key":"PowerPotion"},{"floor":22,"key":"blueLaboratory:BottleOfRum"}],"is_trial":false,"path_per_floor":["M","M","?","M","?","E","R","M","T","R","M","$","M","?","R","B",null,"M","M","M","$","M","R","M","R","T","?","E","?","M","M"],"character_chosen":"WATCHER","items_purchased":["Melange","Whetstone","conspire:TreasureMap","Consecrate"],"campfire_rested":5,"item_purchase_floors":[12,12,21,21],"current_hp_per_floor":[49,39,39,38,38,6,27,10,10,31,16,16,11,17,40,4,78,35,20,20,20,14,37,30,53,53,53,35,35,25,0,0],"gold":65,"neow_bonus":"RANDOM_COLORLESS_2","is_daily":false,"chose_seed":false,"campfire_upgraded":0,"win_rate":0.0,"timestamp":1611611850,"path_taken":["M","M","?","?","?","E","R","M","T","R","M","?","M","?","R","BOSS","M","M","M","$","M","R","M","R","T","?","E","?","M","M"],"items_purchased_type":["Relic","Relic","Relic","Card"],"build_version":"2020-12-22","purchased_purges":0,"victory":false,"max_hp_per_floor":[72,72,72,72,72,72,72,72,72,72,72,72,72,78,78,78,78,78,78,78,78,78,78,78,78,78,78,78,78,78,78,78],"card_choices":[{"not_picked":["Transmutation","StSpp:MakeshiftWeapon"],"picked":"Sadistic Nature","floor":0},{"not_picked":["Halt","Study"],"picked":"MarkedMod:Acupuncture","floor":1},{"not_picked":["InnerPeace","EmptyFist"],"picked":"CrushJoints","floor":2},{"not_picked":["Pray","Consecrate"],"picked":"MasterReality","floor":4},{"not_picked":["FlurryOfBlows","Conclude"],"picked":"SignatureMove","floor":6},{"not_picked":["Crescendo","JustLucky"],"picked":"WaveOfTheHand","floor":8},{"not_picked":["FollowUp","ThirdEye"],"picked":"StSpp:LatentStrike","floor":11},{"not_picked":["WreathOfFlame","FlurryOfBlows"],"picked":"MarkedMod:Acupuncture","floor":13},{"not_picked":["Vault","Judgement"],"picked":"MarkedMod:NorthStar","floor":16},{"not_picked":["SashWhip","Wireheading"],"picked":"Pray+1","floor":18},{"not_picked":["Evaluate","StSpp:Chanting"],"picked":"Prostrate+1","floor":19},{"not_picked":["Protect","StSpp:TimeDodge"],"picked":"PathToVictory","floor":20},{"not_picked":["StSpp:Chanting+1","ClearTheMind+1"],"picked":"Worship+1","floor":22},{"not_picked":["WindmillStrike+1","Worship"],"picked":"SashWhip","floor":24},{"not_picked":["SignatureMove","WindmillStrike"],"picked":"Wallop","floor":28},{"not_picked":["SashWhip+1","DeusExMachina"],"picked":"PathToVictory+1","floor":30}],"player_experience":449126,"relics_obtained":[{"floor":6,"key":"Centennial Puzzle"},{"floor":9,"key":"Toy Ornithopter"},{"floor":28,"key":"Akabeko"}],"event_choices":[{"cards_removed":["Sadistic Nature"],"damage_healed":0,"gold_gain":0,"player_choice":"Give","damage_taken":0,"max_hp_gain":0,"max_hp_loss":0,"event_name":"betterNote:BetterNote","floor":3,"gold_loss":0,"cards_obtained":["None"]},{"damage_healed":0,"gold_gain":0,"player_choice":"Ignored","damage_taken":0,"max_hp_gain":0,"max_hp_loss":0,"event_name":"Purifier","floor":5,"gold_loss":0},{"damage_healed":0,"gold_gain":0,"player_choice":"RENOUNCE","damage_taken":28,"max_hp_gain":0,"max_hp_loss":0,"event_name":"betterThird:BetterSerpent","floor":14,"gold_loss":28,"cards_obtained":["Enlightenment"]},{"damage_healed":0,"gold_gain":0,"player_choice":"Obtained Relic","damage_taken":0,"relics_obtained":["StSpp:TwinEgg"],"max_hp_gain":0,"max_hp_loss":0,"event_name":"Addict","floor":29,"gold_loss":85}],"is_beta":false,"boss_relics":[{"not_picked":["energizedSpire:EnergizedDie","conspire:SeveredTorchhead"],"picked":"energizedSpire:CursedPentagram"}],"items_purged_floors":[],"is_endless":false,"potions_floor_spawned":[8,11,16,18,19,22],"killed_by":"Snake Plant","ascension_level":0}}