{"host":"3zb3nk4wvq0dtbuh","time":1611585855,"event":{"mods":["AchievementEnabler","BaseMod","Lobotomy","Minty Spire (QoL Compilation)","Quick Restart","StSLib","SuperFastMode","The Blackbeard"],"gold_per_floor":[119,119,194,194,211,211,262,262,339,339,351,351,370,405,405,507,507,519,519,418,431,448,459,476,476,524,524,541,594,594,594,594,693,693,707,707,725,741,343,343,343,62,62,73,73,73,92,142,142,142],"floor_reached":51,"language":"ZHS","playtime":1012,"items_purged":["Strike_R","Defend_R+1","Defend_R"],"score":770,"play_id":"4daeb982-f8d7-40dd-b031-70f83e430379","local_time":"20210125224415","is_ascension_mode":false,"campfire_choices":[{"data":"Bash","floor":6.0,"key":"SMITH"},{"data":"Defend_R","floor":8.0,"key":"SMITH"},{"data":"Defend_R","floor":10.0,"key":"SMITH"},{"data":"Perfected Strike","floor":12.0,"key":"SMITH"},{"data":"Perfected Strike","floor":15.0,"key":"SMITH"},{"data":"Perfected Strike","floor":30.0,"key":"SMITH"},{"data":"Shrug It Off","floor":32.0,"key":"SMITH"},{"data":"Shrug It Off","floor":40.0,"key":"SMITH"},{"floor":46.0,"key":"DIG"},{"floor":49.0,"key":"REST"}],"circlet_count":0,"master_deck":["Strike_R+1","Strike_R+1","Strike_R","Strike_R","Defend_R","Defend_R+1","Bash+1","Armaments+1","Perfected Strike+1","Perfected Strike+1","Perfected Strike+1","Shrug It Off+1","Thunderclap+1","Shrug It Off+1","True Grit","Perfected Strike+1","Pommel Strike","Shrug It Off+1","Shrug It Off+1"],"relics":["Burning Blood","Akabeko","Whetstone","Sundial","Pocketwatch","Runic Pyramid","Happy Flower","Regal Pillow","Philosopher\u0027s Stone","HandDrill","Pen Nib","Toolbox","Kunai","Shovel","Red Skull","Incense Burner"],"acts_visited":["Exordium","TheCity","TheBeyond"],"potions_floor_usage":[50],"damage_taken":[{"damage":2.0,"enemies":"Small Slimes","floor":1.0,"turns":3.0},{"damage":0.0,"enemies":"2 Louse","floor":5.0,"turns":3.0},{"damage":0.0,"enemies":"Cultist","floor":11.0,"turns":2.0},{"damage":7.0,"enemies":"Blue Slaver","floor":13.0,"turns":2.0},{"damage":22.0,"enemies":"3 Sentries","floor":14.0,"turns":7.0},{"damage":10.0,"enemies":"Slime Boss","floor":16.0,"turns":6.0},{"damage":17.0,"enemies":"Shell Parasite","floor":18.0,"turns":3.0},{"damage":9.0,"enemies":"3 Byrds","floor":21.0,"turns":6.0},{"damage":14.0,"enemies":"Centurion and Healer","floor":22.0,"turns":4.0},{"damage":0.0,"enemies":"Snecko","floor":23.0,"turns":2.0},{"damage":19.0,"enemies":"Sentry and Sphere","floor":24.0,"turns":5.0},{"damage":0.0,"enemies":"Centurion and Healer","floor":28.0,"turns":4.0},{"damage":61.0,"enemies":"Champ","floor":33.0,"turns":7.0},{"damage":24.0,"enemies":"3 Shapes","floor":35.0,"turns":2.0},{"damage":11.0,"enemies":"3 Darklings","floor":37.0,"turns":4.0},{"damage":9.0,"enemies":"Jaw Worm Horde","floor":38.0,"turns":3.0},{"damage":13.0,"enemies":"4 Shapes","floor":44.0,"turns":3.0},{"damage":1.0,"enemies":"Writhing Mass","floor":47.0,"turns":3.0},{"damage":0.0,"enemies":"Mind Bloom Boss Battle","floor":48.0,"turns":3.0},{"damage":94,"enemies":"Awakened One","floor":50,"turns":15}],"seed_played":"8198478358734805519","potions_obtained":[{"floor":11.0,"key":"ColorlessPotion"},{"floor":13.0,"key":"DuplicationPotion"},{"floor":16.0,"key":"ElixirPotion"},{"floor":24.0,"key":"DuplicationPotion"},{"floor":35.0,"key":"BlessingOfTheForge"},{"floor":36.0,"key":"FairyPotion"},{"floor":36.0,"key":"BloodPotion"}],"is_trial":false,"path_per_floor":["M","?","?","?","M","R","T","R","T","R","M","R","M","E","R","B",null,"M","?","$","M","M","M","M","?","T","?","M","T","R","?","R","B",null,"M","?","M","M","$","R","?","$","T","M","T","R","M","?","R","B",null],"character_chosen":"IRONCLAD","items_purchased":["Shrug It Off","HandDrill","Pen Nib","Toolbox"],"campfire_rested":1,"item_purchase_floors":[20,39,39,42],"current_hp_per_floor":[80,80,69,74,80,80,80,80,80,80,85,85,84,68,68,64,85,74,74,74,71,63,69,56,56,56,56,62,62,62,62,62,7,85,67,67,62,59,59,59,59,59,59,52,52,52,57,63,85,14],"gold":142,"neow_bonus":"RANDOM_COMMON_RELIC","is_daily":false,"chose_seed":false,"campfire_upgraded":8,"win_rate":0.0,"timestamp":1611585855,"path_taken":["M","?","?","?","M","R","?","R","T","R","M","R","M","E","R","BOSS","M","?","$","?","M","M","M","?","T","?","M","?","R","?","R","BOSS","M","?","M","?","$","R","?","$","T","M","?","R","M","?","R","BOSS"],"items_purchased_type":["Card","Relic","Relic","Relic"],"build_version":"2020-12-22","purchased_purges":3,"victory":true,"max_hp_per_floor":[80,80,80,85,85,85,85,85,85,85,85,85,85,85,85,85,85,85,85,85,85,85,85,85,85,85,85,85,85,85,85,85,85,85,85,85,85,85,85,85,85,85,85,85,85,85,85,85,85,85],"card_choices":[{"not_picked":["Headbutt","True Grit"],"picked":"Armaments","floor":1.0},{"not_picked":["Sword Boomerang","Heavy Blade","Power Through"],"picked":"SKIP","floor":5.0},{"not_picked":["Warcry","Rage"],"picked":"Perfected Strike","floor":11.0},{"not_picked":["Shrug It Off","Anger"],"picked":"Perfected Strike","floor":13.0},{"not_picked":["Clothesline","Bloodletting","Havoc"],"picked":"SKIP","floor":14.0},{"not_picked":["Carnage","Heavy Blade","Rupture+1"],"picked":"SKIP","floor":18.0},{"not_picked":["Cleave","Second Wind"],"picked":"Thunderclap+1","floor":21.0},{"not_picked":["Thunderclap","Body Slam","Carnage"],"picked":"SKIP","floor":22.0},{"not_picked":["Thunderclap","Body Slam","Carnage"],"picked":"SKIP","floor":22.0},{"not_picked":["Headbutt","Clash"],"picked":"Shrug It Off","floor":23.0},{"not_picked":["Seeing Red","Pummel"],"picked":"True Grit","floor":24.0},{"not_picked":["Corruption","Uppercut+1"],"picked":"Perfected Strike","floor":28.0},{"not_picked":["Anger","True Grit"],"picked":"Shrug It Off+1","floor":35.0},{"not_picked":["Uppercut+1","Anger","Iron Wave"],"picked":"SKIP","floor":37.0},{"not_picked":["Spot Weakness","Twin Strike"],"picked":"Shrug It Off+1","floor":38.0},{"not_picked":["Feed","Headbutt","Sentinel+1"],"picked":"SKIP","floor":44.0},{"not_picked":["Rampage+1","Inflame+1","Shrug It Off"],"picked":"SKIP","floor":47.0},{"not_picked":["Rampage+1","Inflame+1","Shrug It Off"],"picked":"SKIP","floor":47.0}],"player_experience":25649,"relics_obtained":[{"floor":7.0,"key":"Whetstone"},{"floor":9.0,"key":"Sundial"},{"floor":14.0,"key":"Pocketwatch"},{"floor":26.0,"key":"Happy Flower"},{"floor":29.0,"key":"Regal Pillow"},{"floor":43.0,"key":"Kunai"},{"floor":45.0,"key":"Shovel"},{"floor":46.0,"key":"Red Skull"},{"floor":48.0,"key":"Incense Burner"}],"event_choices":[{"damage_healed":0.0,"max_hp_gain":0.0,"max_hp_loss":0.0,"gold_gain":0.0,"event_name":"Living Wall","player_choice":"Grow","floor":2.0,"gold_loss":0.0,"damage_taken":0.0,"cards_upgraded":["Armaments"]},{"damage_healed":0.0,"max_hp_gain":0.0,"max_hp_loss":0.0,"gold_gain":75.0,"event_name":"World of Goop","player_choice":"Gather Gold","floor":3.0,"gold_loss":0.0,"damage_taken":11.0},{"damage_healed":0.0,"max_hp_gain":5.0,"max_hp_loss":0.0,"gold_gain":0.0,"event_name":"Big Fish","player_choice":"Donut","floor":4.0,"gold_loss":0.0,"damage_taken":0.0},{"damage_healed":0.0,"max_hp_gain":0.0,"max_hp_loss":0.0,"gold_gain":0.0,"event_name":"Duplicator","player_choice":"Copied","floor":19.0,"gold_loss":0.0,"damage_taken":0.0,"cards_obtained":["Perfected Strike"]},{"damage_healed":0.0,"max_hp_gain":0.0,"max_hp_loss":0.0,"gold_gain":0.0,"event_name":"Ghosts","player_choice":"Ignored","floor":25.0,"gold_loss":0.0,"damage_taken":0.0},{"damage_healed":0.0,"max_hp_gain":0.0,"max_hp_loss":0.0,"gold_gain":0.0,"event_name":"Vampires","player_choice":"Ignored","floor":27.0,"gold_loss":0.0,"damage_taken":0.0},{"damage_healed":0.0,"max_hp_gain":0.0,"max_hp_loss":0.0,"gold_gain":0.0,"event_name":"The Library","player_choice":"Read","floor":31.0,"gold_loss":0.0,"damage_taken":0.0,"cards_obtained":["Pommel Strike"]},{"damage_healed":0.0,"max_hp_gain":0.0,"max_hp_loss":0.0,"gold_gain":0.0,"event_name":"Lab","player_choice":"Got Potions","floor":36.0,"gold_loss":0.0,"damage_taken":0.0},{"damage_healed":0.0,"max_hp_gain":0.0,"max_hp_loss":0.0,"gold_gain":0.0,"event_name":"Tomb of Lord Red Mask","player_choice":"Ignored","floor":41.0,"gold_loss":0.0,"damage_taken":0.0},{"damage_healed":0.0,"max_hp_gain":0.0,"max_hp_loss":0.0,"gold_gain":0.0,"event_name":"MindBloom","player_choice":"Fight","floor":48.0,"gold_loss":0.0,"damage_taken":0.0}],"is_beta":false,"boss_relics":[{"not_picked":["Runic Dome","Cursed Key"],"picked":"Runic Pyramid"},{"not_picked":["Black Blood","SacredBark"],"picked":"Philosopher\u0027s Stone"}],"items_purged_floors":[20,39,42],"is_endless":false,"potions_floor_spawned":[11,13,16,18,24,28,35,47],"ascension_level":0}}