{"host":"Nexxot","time":1611590561,"event":{"mods":["AchievementEnabler","BaseMod","Bestiary","Colored Map","Curses Come First","Highlight Path","Minty Spire (QoL Compilation)","Relic Stats","StSLib"],"gold_per_floor":[115,115,65,78,44,72,72,100,100,114,114,140,140,59,59,159,159,179,179,24,43,43,43,61,86,110,143,162,175,175,191,191,290,290,300,315,332,382,382,382,414,414,414,447,458,458,458,469,469,469,469,469,4,30,30],"floor_reached":56,"language":"ENG","playtime":3075,"items_purged":["Strike_B"],"score":1805,"play_id":"a27b3237-559e-4814-a838-cf4ae1274d65","local_time":"20210125170241","is_ascension_mode":true,"campfire_choices":[{"data":"Defragment","floor":11,"key":"SMITH"},{"floor":13,"key":"REST"},{"data":"Defragment","floor":15,"key":"SMITH"},{"data":"Aggregate","floor":23,"key":"SMITH"},{"data":"Coolheaded","floor":32,"key":"SMITH"},{"floor":40,"key":"RECALL"},{"data":"Biased Cognition","floor":46,"key":"SMITH"},{"data":"Rainbow","floor":49,"key":"SMITH"},{"floor":52,"key":"REST"}],"circlet_count":0,"master_deck":["Defend_B+1","Defend_B","Defend_B","Defend_B","Zap+1","Dualcast","Sweeping Beam","Defragment+1","Doom and Gloom","Conserve Battery","Compile Driver","Defragment+1","Self Repair","Chaos+1","Aggregate+1","Rainbow+1","Capacitor+1","Cold Snap","Capacitor+1","Cold Snap+1","Undo","Auto Shields+1","Glacier","BootSequence+1","Coolheaded+1","Biased Cognition+1","Genetic Algorithm+1","Meteor Strike","Hologram+1","Redo+1","Master of Strategy","Coolheaded"],"relics":["Cracked Core","NeowsBlessing","InkBottle","Singing Bowl","Symbiotic Virus","Torii","Nuclear Battery","Orrery","Centennial Puzzle","Shuriken","Cursed Key","Gambling Chip","Boot","Toy Ornithopter","FossilizedHelix","Pen Nib"],"acts_visited":["Exordium","TheCity","TheBeyond","TheEnding"],"potions_floor_usage":[12,25,25,27,37,54,55,55],"damage_taken":[{"damage":0,"enemies":"Cultist","floor":1,"turns":1},{"damage":0,"enemies":"2 Louse","floor":4,"turns":1},{"damage":0,"enemies":"3 Sentries","floor":6,"turns":1},{"damage":18,"enemies":"Gremlin Nob","floor":8,"turns":3},{"damage":0,"enemies":"Jaw Worm","floor":10,"turns":3},{"damage":30,"enemies":"3 Sentries","floor":12,"turns":3},{"damage":17,"enemies":"Hexaghost","floor":16,"turns":8},{"damage":7,"enemies":"Chosen","floor":18,"turns":4},{"damage":12,"enemies":"2 Thieves","floor":21,"turns":4},{"damage":1,"enemies":"Centurion and Healer","floor":24,"turns":8},{"damage":25,"enemies":"Slavers","floor":25,"turns":5},{"damage":19,"enemies":"Gremlin Leader","floor":27,"turns":8},{"damage":0,"enemies":"Snecko","floor":28,"turns":6},{"damage":0,"enemies":"Sentry and Sphere","floor":29,"turns":7},{"damage":7,"enemies":"Snake Plant","floor":31,"turns":6},{"damage":0,"enemies":"Collector","floor":33,"turns":11},{"damage":0,"enemies":"Orb Walker","floor":35,"turns":5},{"damage":10,"enemies":"3 Shapes","floor":36,"turns":5},{"damage":27,"enemies":"Jaw Worm Horde","floor":37,"turns":4},{"damage":0,"enemies":"Mind Bloom Boss Battle","floor":38,"turns":8},{"damage":1,"enemies":"Nemesis","floor":41,"turns":13},{"damage":0,"enemies":"Reptomancer","floor":44,"turns":8},{"damage":7,"enemies":"Sphere and 2 Shapes","floor":45,"turns":11},{"damage":14,"enemies":"Writhing Mass","floor":48,"turns":5},{"damage":39,"enemies":"Donu and Deca","floor":50,"turns":15},{"damage":75,"enemies":"Shield and Spear","floor":54,"turns":11},{"damage":14,"enemies":"The Heart","floor":55,"turns":11}],"seed_played":"1517092818339630971","potions_obtained":[{"floor":4,"key":"PowerPotion"},{"floor":6,"key":"FearPotion"},{"floor":10,"key":"Explosive Potion"},{"floor":16,"key":"Energy Potion"},{"floor":21,"key":"Swift Potion"},{"floor":25,"key":"Fruit Juice"},{"floor":28,"key":"EssenceOfDarkness"},{"floor":31,"key":"FairyPotion"},{"floor":33,"key":"GamblersBrew"},{"floor":38,"key":"Ancient Potion"}],"is_trial":false,"path_per_floor":["M","?","?","M","$","E","$","E","T","M","R","E","R","$","R","B",null,"M","?","$","M","?","R","M","E","T","E","M","M","?","M","R","B",null,"M","M","M","?","?","R","E","T","T","E","M","R","?","M","R","B",null,"R","$","E","B",null],"character_chosen":"DEFECT","items_purchased":["Doom and Gloom","Self Repair","Orrery","FossilizedHelix","LiquidBronze"],"campfire_rested":2,"item_purchase_floors":[5,14,20,53,53],"current_hp_per_floor":[68,53,53,53,53,53,53,37,37,37,37,7,30,30,30,15,63,63,63,63,60,60,60,66,41,41,34,43,52,52,52,52,59,82,89,81,63,72,72,72,78,78,78,85,85,85,79,74,74,42,87,102,102,39,42],"gold":30,"neow_bonus":"THREE_ENEMY_KILL","is_daily":false,"chose_seed":false,"campfire_upgraded":6,"win_rate":0.0,"timestamp":1611590561,"path_taken":["M","?","?","?","$","E","$","E","T","M","R","E","R","?","R","BOSS","M","?","$","M","?","R","M","E","T","E","M","M","?","M","R","BOSS","M","M","M","?","?","R","E","?","T","E","M","R","?","M","R","BOSS","R","$","E","BOSS"],"items_purchased_type":["Card","Card","Relic","Relic","Potion"],"build_version":"2020-12-18","purchased_purges":1,"victory":true,"max_hp_per_floor":[75,75,75,75,75,75,75,77,77,77,77,77,77,77,77,79,79,79,79,79,81,81,81,81,81,81,86,88,90,90,90,90,90,90,90,92,94,96,96,96,96,96,96,96,96,96,100,102,102,102,102,102,102,102,102],"relic_stats":{"Centennial Puzzle":[30],"Singing Bowl":22,"Torii":34,"counters":[27,175],"Shuriken":[13],"Gambling Chip":[25],"Pen Nib":[1],"Cursed Key":0,"Boot":[13],"obtain_stats":[{"NeowsBlessing":0,"Singing Bowl":8,"Torii":12,"Pen Nib":54,"Cursed Key":34,"Boot":41,"Nuclear Battery":17,"Centennial Puzzle":25,"Shuriken":27,"Gambling Chip":38,"Orrery":20,"Cracked Core":0,"Symbiotic Virus":9,"InkBottle":6,"Toy Ornithopter":44,"FossilizedHelix":53},{"NeowsBlessing":0,"Singing Bowl":4,"Torii":6,"Pen Nib":26,"Cursed Key":16,"Boot":21,"Nuclear Battery":7,"Centennial Puzzle":11,"Shuriken":12,"Gambling Chip":20,"Orrery":8,"Cracked Core":0,"Symbiotic Virus":4,"InkBottle":3,"Toy Ornithopter":22,"FossilizedHelix":25},{"NeowsBlessing":0,"Singing Bowl":6,"Torii":12,"Pen Nib":164,"Cursed Key":79,"Boot":114,"Nuclear Battery":20,"Centennial Puzzle":41,"Shuriken":49,"Gambling Chip":101,"Orrery":24,"Cracked Core":0,"Symbiotic Virus":6,"InkBottle":3,"Toy Ornithopter":122,"FossilizedHelix":153}],"InkBottle":[71],"Toy Ornithopter":15},"card_choices":[{"not_picked":["Beam Cell","Cold Snap"],"picked":"Sweeping Beam","floor":1},{"not_picked":["Scrape","Rip and Tear"],"picked":"Defragment","floor":4},{"not_picked":["Sweeping Beam","Barrage"],"picked":"Conserve Battery","floor":6},{"not_picked":["Blizzard","Reprogram","Storm"],"picked":"Singing Bowl","floor":8},{"not_picked":["Reprogram","All For One"],"picked":"Compile Driver","floor":10},{"not_picked":["Turbo","Coolheaded"],"picked":"Defragment","floor":12},{"not_picked":["All For One","Hyperbeam","Thunder Strike"],"picked":"Singing Bowl","floor":16},{"not_picked":["Ball Lightning+1","Melter"],"picked":"Chaos+1","floor":18},{"not_picked":["Compile Driver","Conserve Battery"],"picked":"Capacitor+1","floor":20},{"not_picked":["Steam+1","Compile Driver"],"picked":"Cold Snap","floor":20},{"not_picked":["Force Field","Doom and Gloom"],"picked":"Capacitor+1","floor":20},{"not_picked":["Lockon","Leap"],"picked":"Cold Snap+1","floor":20},{"not_picked":["White Noise","Steam Power"],"picked":"Undo","floor":20},{"not_picked":["Streamline","Stack+1","Ball Lightning+1"],"picked":"Singing Bowl","floor":21},{"not_picked":["Skim","Reprogram"],"picked":"Auto Shields+1","floor":24},{"not_picked":["Cold Snap","Undo+1"],"picked":"Glacier","floor":25},{"not_picked":["Lockon","Barrage"],"picked":"BootSequence+1","floor":27},{"not_picked":["Gash","Steam Power","Aggregate"],"picked":"Singing Bowl","floor":28},{"not_picked":["Blizzard+1","White Noise","Lockon+1"],"picked":"Singing Bowl","floor":29},{"not_picked":["Self Repair+1","Leap"],"picked":"Coolheaded","floor":31},{"not_picked":["Amplify","Core Surge"],"picked":"Biased Cognition","floor":33},{"not_picked":["Glacier+1","Barrage"],"picked":"Genetic Algorithm+1","floor":35},{"not_picked":["Barrage+1","Streamline","Ball Lightning+1"],"picked":"Singing Bowl","floor":36},{"not_picked":["Reprogram","Steam+1","Streamline"],"picked":"Singing Bowl","floor":37},{"not_picked":["BootSequence+1","Rebound+1","Conserve Battery+1"],"picked":"Singing Bowl","floor":38},{"not_picked":["Barrage","Coolheaded"],"picked":"Meteor Strike","floor":41},{"not_picked":["Lockon","Steam Power"],"picked":"Hologram+1","floor":44},{"not_picked":["Cold Snap+1","Doom and Gloom+1"],"picked":"Redo+1","floor":45},{"not_picked":["Purity","Deep Breath","Jack Of All Trades"],"picked":"Singing Bowl","floor":47},{"not_picked":["Sadistic Nature","Mind Blast"],"picked":"Master of Strategy","floor":47},{"not_picked":["Trip","Secret Technique","Dark Shackles"],"picked":"Singing Bowl","floor":47},{"not_picked":["Barrage","Gash","Sweeping Beam+1"],"picked":"Singing Bowl","floor":48},{"not_picked":["Chaos","Thunder Strike"],"picked":"Coolheaded","floor":54}],"player_experience":332835,"relics_obtained":[{"floor":6,"key":"InkBottle"},{"floor":8,"key":"Singing Bowl"},{"floor":9,"key":"Symbiotic Virus"},{"floor":12,"key":"Torii"},{"floor":25,"key":"Centennial Puzzle"},{"floor":27,"key":"Shuriken"},{"floor":38,"key":"Gambling Chip"},{"floor":41,"key":"Boot"},{"floor":44,"key":"Toy Ornithopter"},{"floor":54,"key":"Pen Nib"}],"event_choices":[{"damage_healed":0,"gold_gain":0,"player_choice":"Entered Light","damage_taken":15,"max_hp_gain":0,"max_hp_loss":0,"event_name":"Shining Light","floor":2,"gold_loss":0,"cards_upgraded":["Zap","Defend_B"]},{"cards_removed":["Strike_B"],"damage_healed":0,"gold_gain":0,"player_choice":"Card Removal","damage_taken":0,"max_hp_gain":0,"max_hp_loss":0,"event_name":"The Cleric","floor":3,"gold_loss":50},{"damage_healed":0,"gold_gain":0,"cards_transformed":["Strike_B","Strike_B"],"player_choice":"Became Test Subject","damage_taken":0,"max_hp_gain":0,"max_hp_loss":0,"event_name":"Drug Dealer","floor":19,"gold_loss":0,"cards_obtained":["Aggregate","Rainbow"]},{"damage_healed":0,"gold_gain":0,"player_choice":"Ignored","damage_taken":0,"max_hp_gain":0,"max_hp_loss":0,"event_name":"Vampires","floor":30,"gold_loss":0},{"damage_healed":0,"gold_gain":0,"player_choice":"Fight","damage_taken":0,"max_hp_gain":0,"max_hp_loss":0,"event_name":"MindBloom","floor":38,"gold_loss":0},{"damage_healed":0,"gold_gain":0,"player_choice":"Ignored","damage_taken":0,"max_hp_gain":0,"max_hp_loss":0,"event_name":"Tomb of Lord Red Mask","floor":39,"gold_loss":0},{"damage_healed":0,"gold_gain":0,"player_choice":"Memory 3","damage_taken":10,"max_hp_gain":0,"max_hp_loss":0,"event_name":"SensoryStone","floor":47,"gold_loss":0}],"is_beta":true,"boss_relics":[{"not_picked":["Philosopher\u0027s Stone","Inserter"],"picked":"Nuclear Battery"},{"not_picked":["Runic Dome","SlaversCollar"],"picked":"Cursed Key"}],"items_purged_floors":[53],"is_endless":false,"potions_floor_spawned":[4,6,10,16,21,25,28,31,33,35,36,38,41],"ascension_level":9}}