{"host":"yjeq27nqd9iczda7","time":1611546277,"event":{"mods":["Arknights The Spire","BaseMod","Colored Map","Colored Powertips","GifTheSpireLib","Minty Spire (QoL Compilation)","Prisma Mod","StSLib","The Alterego","The Poker Player","Waifu the Spire"],"gold_per_floor":[115,190,190,190,208,208,232,232,232],"floor_reached":8,"language":"KOR","playtime":261,"items_purged":[],"score":46,"play_id":"8ba66c09-3010-4014-a0cf-7d192e1e3bb9","local_time":"20210125124437","is_ascension_mode":false,"campfire_choices":[{"floor":6,"key":"RECALL"}],"circlet_count":0,"master_deck":["ats:Strike C","ats:Strike G","ats:Strike S","ats:Strike V","ats:Armor Crushing Shot","ats:Defend","ats:Defend","ats:Defend","ats:Defend","ats:Emotion Absorption","Forethought","ats:Flexible Camouflage","ats:Assault Order","ats:Poison Spread","ats:Closed Bolt Burst Fire","ats:Assault Order","ats:Explosion Area Strengthen","ats:Sword Rain","ats:Leaping Hammer"],"relics":["ats:Sanity","Golden Idol"],"acts_visited":["Exordium"],"potions_floor_usage":[],"damage_taken":[{"damage":0,"enemies":"Small Slimes","floor":1,"turns":4},{"damage":10,"enemies":"Jaw Worm","floor":5,"turns":4},{"damage":2,"enemies":"2 Louse","floor":7,"turns":2},{"damage":40,"enemies":"Lagavulin","floor":8,"turns":5}],"seed_played":"811311508196707860","potions_obtained":[{"floor":5,"key":"Energy Potion"}],"is_trial":false,"path_per_floor":["M","?","?","?","M","R","M","E"],"character_chosen":"DOCTOR_CLASS","items_purchased":[],"campfire_rested":0,"item_purchase_floors":[],"current_hp_per_floor":[72,61,43,43,33,33,31,0,0],"gold":232,"neow_bonus":"RANDOM_COLORLESS","is_daily":false,"chose_seed":false,"campfire_upgraded":0,"win_rate":0.0,"timestamp":1611546277,"path_taken":["M","?","?","?","M","R","M","E"],"items_purchased_type":[],"build_version":"2020-12-22","purchased_purges":0,"victory":false,"max_hp_per_floor":[72,72,72,72,72,72,72,72,72],"card_choices":[{"not_picked":["Panacea","Mind Blast"],"picked":"Forethought","floor":0},{"not_picked":["ats:Beaten Up","ats:Absolute Focus"],"picked":"ats:Flexible Camouflage","floor":1},{"not_picked":["ats:Powerful Strike","ats:Absolute Focus"],"picked":"ats:Sword Rain","floor":5},{"not_picked":["ats:Ambush","ats:Very Hot Blade"],"picked":"ats:Leaping Hammer","floor":7}],"player_experience":41638,"relics_obtained":[],"event_choices":[{"damage_healed":0,"gold_gain":75,"player_choice":"Gather Gold","damage_taken":11,"max_hp_gain":0,"max_hp_loss":0,"event_name":"World of Goop","floor":2,"gold_loss":0},{"damage_healed":0,"gold_gain":0,"player_choice":"Take Damage","damage_taken":18,"relics_obtained":["Golden Idol"],"max_hp_gain":0,"max_hp_loss":0,"event_name":"Golden Idol","floor":3,"gold_loss":0}],"is_beta":false,"boss_relics":[],"items_purged_floors":[],"is_endless":false,"potions_floor_spawned":[5],"killed_by":"Lagavulin","ascension_level":0}}