{"host":"uv5ws9rdk87e8i5k","time":1611603375,"event":{"mods":["AchievementEnabler","BaseMod","Colored Map","Minty Spire (QoL Compilation)","Permanent Neow","StSLib","SuperFastMode","The Animator","The Necromancer"],"gold_per_floor":[123,139,153,182,197,197,197],"floor_reached":6,"language":"ENG","playtime":347,"items_purged":[],"score":40,"play_id":"59c05af4-1455-4a06-93c8-2fff5123f0d9","local_time":"20210125133615","is_ascension_mode":false,"campfire_choices":[],"circlet_count":0,"master_deck":["animator:Strike_Konosuba","animator:Defend_Konosuba","animator:Strike","animator:Strike","animator:Strike","animator:Defend","animator:Defend","animator:Defend","animator:Kazuma","animator:Aqua","animator:MetalKnight","animator:Tatsumaki","animator:Sonic"],"relics":["animator:LivingPicture","animator:TheMissingPiece","Champion Belt"],"acts_visited":["Exordium"],"potions_floor_usage":[],"damage_taken":[{"damage":8,"enemies":"Cultist","floor":1,"turns":6},{"damage":5,"enemies":"2 Louse","floor":2,"turns":4},{"damage":0,"enemies":"Small Slimes","floor":3,"turns":4},{"damage":9,"enemies":"Looter","floor":4,"turns":4},{"damage":8,"enemies":"2 Fungi Beasts","floor":5,"turns":4},{"damage":33,"enemies":"Gremlin Nob","floor":6,"turns":4}],"seed_played":"-2130481539345251447","potions_obtained":[{"floor":3,"key":"Dexterity Potion"},{"floor":4,"key":"Block Potion"}],"is_trial":false,"path_per_floor":["M","M","M","M","M","E"],"character_chosen":"THE_ANIMATOR","items_purchased":[],"campfire_rested":0,"item_purchase_floors":[],"current_hp_per_floor":[42,39,42,35,29,0,0],"gold":197,"neow_bonus":"ONE_RARE_RELIC","is_daily":false,"chose_seed":false,"campfire_upgraded":0,"win_rate":0.0,"timestamp":1611603375,"path_taken":["M","M","M","M","M","E"],"items_purchased_type":[],"build_version":"2020-12-22","purchased_purges":0,"victory":false,"max_hp_per_floor":[66,66,67,67,67,67,67],"card_choices":[{"not_picked":["animator:Benimaru","animator:Demiurge"],"picked":"animator:MetalKnight","floor":1},{"not_picked":["animator:Millim","animator:ElricEdward","animator:Shalltear"],"picked":"SKIP","floor":2},{"not_picked":["animator:ElricAlphonse","animator:Witch"],"picked":"animator:Tatsumaki","floor":3},{"not_picked":["animator:MumenRider","animator:MetalKnight"],"picked":"animator:Sonic","floor":4},{"not_picked":["animator:Shion","animator:WinryRockbell","animator:Guy"],"picked":"SKIP","floor":5}],"player_experience":278025,"relics_obtained":[],"event_choices":[],"is_beta":false,"boss_relics":[],"items_purged_floors":[],"is_endless":false,"potions_floor_spawned":[3,4],"killed_by":"Gremlin Nob","ascension_level":0}}