{"host":"qgpqu878cmwvz894","time":1611552649,"event":{"mods":["AchievementEnabler","BaseMod","Colored Map","Hermit","Minty Spire (QoL Compilation)","Rare Cards Sparkle","StSLib","SuperFastMode"],"gold_per_floor":[111,186,151,167,167,167,229,242,242,253,56,56,76,100,100,201,201,213,213,213,237,254,254,279,301,301,320,16,16,16,16,16,126,126,151,151,2,21,33,33,33,46,46,58,58,76,1,25,25,32,32],"floor_reached":50,"language":"KOR","playtime":2262,"items_purged":["Clumsy"],"score":464,"play_id":"e8cb2708-7180-4b66-bc5a-d9337e65560c","local_time":"20210125143049","is_ascension_mode":false,"campfire_choices":[{"data":"hermit:EyeOfTheStorm","floor":6,"key":"SMITH"},{"data":"hermit:HighCaliber","floor":12,"key":"SMITH"},{"data":"hermit:BodyArmor","floor":15,"key":"SMITH"},{"data":"hermit:Headshot","floor":23,"key":"SMITH"},{"floor":32,"key":"REST"},{"data":"hermit:Deadeye","floor":40,"key":"SMITH"},{"data":"hermit:Scavenge","floor":49,"key":"SMITH"}],"circlet_count":0,"master_deck":["hermit:Strike_Hermit","hermit:Strike_Hermit","hermit:Strike_Hermit","hermit:Strike_Hermit","hermit:Defend_Hermit","hermit:Defend_Hermit","hermit:Defend_Hermit","hermit:Snapshot+1","hermit:Covet","hermit:LowProfile","hermit:EyeOfTheStorm+1","hermit:HighCaliber+1","hermit:Deadeye+1","hermit:Scavenge+1","hermit:BodyArmor+1","hermit:Dissolve","hermit:CursedWeapon+1","hermit:Headshot+1","hermit:Snipe+1","hermit:Ricochet","hermit:CalledShot","hermit:Purgatory+1","hermit:Spite+1","hermit:Dive+1","hermit:Headshot+1","hermit:Headshot+1"],"relics":["hermit:ClaspedLocket","FossilizedHelix","Ornamental Fan","Bronze Scales","Cursed Key","MealTicket","Vajra","Bag of Marbles","Cauldron","MutagenicStrength","Spirit Poop","Sling","HornCleat"],"acts_visited":["Exordium","TheCity","TheBeyond"],"potions_floor_usage":[13,16,16,16,22,24,27,29,33,33,39,42,42,48,50,50],"damage_taken":[{"damage":1,"enemies":"Jaw Worm","floor":1,"turns":3},{"damage":2,"enemies":"Small Slimes","floor":4,"turns":4},{"damage":0,"enemies":"2 Louse","floor":8,"turns":2},{"damage":0,"enemies":"Exordium Thugs","floor":10,"turns":5},{"damage":9,"enemies":"Lots of Slimes","floor":13,"turns":4},{"damage":0,"enemies":"Blue Slaver","floor":14,"turns":2},{"damage":1,"enemies":"The Guardian","floor":16,"turns":10},{"damage":5,"enemies":"3 Byrds","floor":18,"turns":3},{"damage":0,"enemies":"2 Thieves","floor":21,"turns":4},{"damage":16,"enemies":"3 Cultists","floor":22,"turns":7},{"damage":29,"enemies":"Chosen and Byrds","floor":24,"turns":7},{"damage":7,"enemies":"Snake Plant","floor":25,"turns":3},{"damage":2,"enemies":"Centurion and Healer","floor":27,"turns":5},{"damage":0,"enemies":"Cultist and Chosen","floor":29,"turns":1},{"damage":44,"enemies":"Champ","floor":33,"turns":8},{"damage":32,"enemies":"3 Darklings","floor":35,"turns":3},{"damage":0,"enemies":"Orb Walker","floor":38,"turns":1},{"damage":1,"enemies":"Spire Growth","floor":39,"turns":3},{"damage":13,"enemies":"3 Darklings","floor":42,"turns":3},{"damage":3,"enemies":"Sphere and 2 Shapes","floor":44,"turns":1},{"damage":40,"enemies":"Transient","floor":46,"turns":5},{"damage":4,"enemies":"Maw","floor":48,"turns":6},{"damage":84,"enemies":"Awakened One","floor":50,"turns":8}],"seed_played":"-6424490673155168067","potions_obtained":[{"floor":1,"key":"hermit:Tonic"},{"floor":8,"key":"SteroidPotion"},{"floor":10,"key":"SneckoOil"},{"floor":14,"key":"CultistPotion"},{"floor":21,"key":"SkillPotion"},{"floor":22,"key":"FearPotion"},{"floor":25,"key":"Block Potion"},{"floor":28,"key":"DistilledChaos"},{"floor":28,"key":"AttackPotion"},{"floor":28,"key":"SmokeBomb"},{"floor":33,"key":"Fire Potion"},{"floor":39,"key":"ColorlessPotion"},{"floor":41,"key":"SpeedPotion"},{"floor":41,"key":"LiquidMemories"},{"floor":42,"key":"hermit:Tonic"},{"floor":44,"key":"Strength Potion"}],"is_trial":false,"path_per_floor":["M","?","?","M","?","R","?","M","T","M","$","R","M","M","R","B",null,"M","?","?","M","M","R","M","M","T","M","$","M","?","?","R","B",null,"M","?","$","M","M","R","?","M","T","M","?","M","$","M","R","B"],"character_chosen":"HERMIT","items_purchased":["Bronze Scales","hermit:Scavenge","Bag of Marbles","Cauldron","Sling"],"campfire_rested":1,"item_purchase_floors":[11,11,28,28,37],"current_hp_per_floor":[74,63,75,73,66,66,66,66,66,66,66,66,57,57,57,56,75,70,70,70,70,54,54,25,18,18,16,31,31,31,31,53,9,75,43,43,58,75,74,74,74,61,61,58,58,68,75,71,71,0,0],"gold":32,"neow_bonus":"UPGRADE_CARD","is_daily":false,"chose_seed":false,"campfire_upgraded":6,"win_rate":0.0,"timestamp":1611552649,"path_taken":["M","?","?","M","?","R","?","M","T","?","?","R","M","M","R","BOSS","M","?","?","M","M","R","M","M","T","M","$","M","?","?","R","BOSS","M","?","$","M","?","R","?","M","T","?","?","M","$","M","R","BOSS"],"items_purchased_type":["Relic","Card","Relic","Relic","Relic"],"build_version":"2020-12-22","purchased_purges":1,"victory":false,"max_hp_per_floor":[75,75,75,75,75,75,75,75,75,75,75,75,75,75,75,75,75,75,75,75,75,75,75,75,75,75,75,75,75,75,75,75,75,75,75,75,75,75,75,75,75,75,75,75,75,75,75,75,75,75,75],"card_choices":[{"not_picked":["hermit:NoHoldsBarred","hermit:WideOpen"],"picked":"hermit:LowProfile","floor":1},{"not_picked":["hermit:Combo","hermit:Grudge"],"picked":"hermit:EyeOfTheStorm","floor":4},{"not_picked":["hermit:LowProfile","hermit:TakeCover"],"picked":"hermit:HighCaliber","floor":8},{"not_picked":["hermit:Shortfuse","hermit:Glare"],"picked":"hermit:Deadeye","floor":10},{"not_picked":["hermit:Combo","hermit:ItchyTrigger","hermit:Scavenge"],"picked":"SKIP","floor":13},{"not_picked":["hermit:Dive","hermit:PistolWhip"],"picked":"hermit:BodyArmor","floor":14},{"not_picked":["hermit:DeadOrAlive","hermit:Roughhouse"],"picked":"hermit:Dissolve","floor":16},{"not_picked":["hermit:GhostlyPresence","hermit:Dive"],"picked":"hermit:CursedWeapon+1","floor":18},{"not_picked":["hermit:LowProfile","hermit:HoleUp+1"],"picked":"hermit:Snipe+1","floor":21},{"not_picked":["hermit:Gestalt+1","hermit:Desperado","hermit:BodyArmor"],"picked":"SKIP","floor":22},{"not_picked":["hermit:LoneWolf","hermit:PistolWhip+1"],"picked":"hermit:Ricochet","floor":24},{"not_picked":["hermit:EyeOfTheStorm","hermit:Manifest"],"picked":"hermit:CalledShot","floor":25},{"not_picked":["hermit:ShadowCloak","hermit:Coalescence","hermit:Vantage+1"],"picked":"SKIP","floor":27},{"not_picked":["hermit:ShadowCloak","hermit:Coalescence","hermit:Vantage+1"],"picked":"SKIP","floor":27},{"not_picked":["hermit:Dissolve","hermit:DeadOrAlive"],"picked":"hermit:Purgatory","floor":33},{"not_picked":["hermit:LowProfile","hermit:WideOpen+1"],"picked":"hermit:Spite+1","floor":35},{"not_picked":["hermit:Vantage+1","hermit:Deadeye+1"],"picked":"hermit:Dive+1","floor":38},{"not_picked":["hermit:SprayPray+1","hermit:Glare+1","hermit:HoleUp+1"],"picked":"SKIP","floor":39},{"not_picked":["hermit:Feint","hermit:Headshot","hermit:Roulette+1"],"picked":"SKIP","floor":42},{"not_picked":["hermit:Feint+1","hermit:Ricochet"],"picked":"hermit:Headshot+1","floor":44},{"not_picked":["hermit:HighCaliber","hermit:Glare"],"picked":"hermit:Headshot+1","floor":46},{"not_picked":["hermit:FullyLoaded","hermit:LuckOfTheDraw+1","hermit:OverwhelmingPower"],"picked":"SKIP","floor":48}],"player_experience":134510,"relics_obtained":[{"floor":9,"key":"Ornamental Fan"},{"floor":26,"key":"Vajra"},{"floor":43,"key":"HornCleat"}],"event_choices":[{"damage_healed":0,"gold_gain":75,"player_choice":"Gather Gold","damage_taken":11,"max_hp_gain":0,"max_hp_loss":0,"event_name":"World of Goop","floor":2,"gold_loss":0},{"damage_healed":18,"gold_gain":0,"player_choice":"Healed","damage_taken":0,"max_hp_gain":0,"max_hp_loss":0,"event_name":"The Cleric","floor":3,"gold_loss":35},{"damage_healed":0,"gold_gain":0,"player_choice":"Success","damage_taken":7,"relics_obtained":["FossilizedHelix"],"max_hp_gain":0,"max_hp_loss":0,"event_name":"Scrap Ooze","floor":5,"gold_loss":0},{"damage_healed":0,"gold_gain":62,"player_choice":"Gained Gold","damage_taken":0,"max_hp_gain":0,"max_hp_loss":0,"event_name":"Golden Wing","floor":7,"gold_loss":0},{"damage_healed":0,"gold_gain":0,"player_choice":"Opened","damage_taken":0,"relics_obtained":["MealTicket"],"max_hp_gain":0,"max_hp_loss":0,"event_name":"The Mausoleum","floor":19,"gold_loss":0},{"damage_healed":0,"gold_gain":0,"player_choice":"Read","damage_taken":0,"max_hp_gain":0,"max_hp_loss":0,"event_name":"The Library","floor":20,"gold_loss":0,"cards_obtained":["hermit:Headshot"]},{"damage_healed":0,"gold_gain":0,"player_choice":"Inject Mutagens","damage_taken":0,"relics_obtained":["MutagenicStrength"],"max_hp_gain":0,"max_hp_loss":0,"event_name":"Drug Dealer","floor":30,"gold_loss":0},{"cards_removed":["Normality"],"damage_healed":0,"gold_gain":0,"player_choice":"Offered Curse","damage_taken":0,"relics_obtained":["Spirit Poop"],"max_hp_gain":0,"max_hp_loss":0,"event_name":"Bonfire Elementals","floor":31,"gold_loss":0},{"damage_healed":0,"gold_gain":0,"player_choice":"Upgraded","damage_taken":0,"max_hp_gain":0,"max_hp_loss":0,"event_name":"Upgrade Shrine","floor":36,"gold_loss":0,"cards_upgraded":["hermit:Purgatory"]},{"damage_healed":0,"gold_gain":0,"player_choice":"Got Potions","damage_taken":0,"max_hp_gain":0,"max_hp_loss":0,"event_name":"Lab","floor":41,"gold_loss":0},{"cards_removed":["hermit:Defend_Hermit"],"damage_healed":0,"gold_gain":0,"player_choice":"Removed Skill","damage_taken":0,"max_hp_gain":0,"max_hp_loss":0,"event_name":"Falling","floor":45,"gold_loss":0}],"is_beta":false,"boss_relics":[{"not_picked":["Ectoplasm","Pandora\u0027s Box"],"picked":"Cursed Key"},{"not_picked":["Astrolabe","Velvet Choker"],"picked":"hermit:ClaspedLocket"}],"items_purged_floors":[47],"is_endless":false,"potions_floor_spawned":[1,8,10,14,21,22,25,33,39,42,44],"killed_by":"Awakened One","ascension_level":0}}