{"host":"s9n53dspxjwkh5no","time":1611532828,"event":{"mods":["AchievementEnabler","Aspiration","Bard","BaseMod","Beaked The Cultist","Better Altar","Better Match","Better Note","Better Sensory Stone","Better Skull","Better Third Choice","BetterRewards","Colored Map","Colored Powertips","Conspire","Dio Mod","Disable Question Mark Monsters","Downfall","Energized Spire","Halation","Hermit","Hubris","Marisa????????","Marked Mod","Melee Mod","Minty Spire (QoL Compilation)","Quick Restart","Random Character Button","Rare Cards Sparkle","Reimu??????","Relic Stats","Remilia??????","Replay The Spire","Shade Mod","Small Relic Pack","Spicy Shops","StSLib","The Animator","The Bug Knight","The Construct","The Disciple","The Hierophant","The Problem Sleuth","The Runesmith","The Servant 0.9.4","The Valiant","The Wild Card","TheBandit","TheVacant","Wandering Minibosses"],"gold_per_floor":[109,177,177,177,277,277,306,32,32,43,62,62,22,34,34,131,131,143,143,14,14,14],"floor_reached":21,"language":"ENG","playtime":770,"items_purged":[],"score":200,"play_id":"64412659-40d2-49d4-a5de-983f3bc11fb8","local_time":"20210124170028","is_ascension_mode":false,"campfire_choices":[{"floor":15,"key":"REST"}],"circlet_count":0,"master_deck":["Strike_P","Strike_P","Strike_P","Strike_P","Defend_P","Defend_P","Defend_P","Defend_P","Eruption","Vigilance","Replay:Vibes","MarkedMod:OneThousandNeedles","SpiritShield","SignatureMove","BowlingBash+1","CrushJoints","Purity","Crescendo","ForeignInfluence","Wireheading","Replay:Anticipation","MarkedMod:GentlePulse","MarkedMod:Acupuncture","BattleHymn","FollowUp+1","Indignation","EmptyFist","DevaForm","bard:Solo+1","Replay:BluntJabs"],"relics":["PureWater","NeowsBlessing","aspiration:ArtOfWarUpgrade","hubris:OldNail","BargainBundle","Prayer Wheel","aspiration:BardSkillbook","hubris:EvacipatedBox","conspire:BottledYoYo"],"acts_visited":["Exordium","TheCity"],"potions_floor_usage":[14,14,16],"damage_taken":[{"damage":0,"enemies":"Jaw Worm","floor":1,"turns":1},{"damage":0,"enemies":"Lagavulin","floor":7,"turns":1},{"damage":0,"enemies":"2 Louse","floor":10,"turns":1},{"damage":2,"enemies":"Small Slimes","floor":11,"turns":2},{"damage":8,"enemies":"3 Louse","floor":14,"turns":3},{"damage":35,"enemies":"Slime Boss","floor":16,"turns":4},{"damage":41,"enemies":"Spheric Guardian","floor":18,"turns":4},{"damage":18,"enemies":"3 Byrds","floor":21,"turns":3}],"seed_played":"-3337802085537003614","potions_obtained":[{"floor":2,"key":"Strength Potion"},{"floor":10,"key":"ColorlessPotion"},{"floor":11,"key":"AttackPotion"}],"is_trial":false,"path_per_floor":["M","?","?","?","?","R","E","$","T","M","M","R","$","M","R","B",null,"M","$","$","M"],"character_chosen":"WATCHER","items_purchased":["BowlingBash+1","BargainBundle","CrushJoints","Purity","Crescendo","ForeignInfluence","Wireheading","FollowUp+1","hubris:EvacipatedBox","conspire:BottledYoYo"],"campfire_rested":1,"item_purchase_floors":[8,8,8,8,8,8,8,13,19,20],"current_hp_per_floor":[72,72,77,77,77,77,77,77,77,77,75,75,75,67,77,42,77,36,17,17,0,0],"gold":14,"neow_bonus":"THREE_ENEMY_KILL","is_daily":false,"chose_seed":false,"campfire_upgraded":0,"win_rate":0.0,"timestamp":1611532828,"path_taken":["M","?","?","?","?","R","E","$","T","M","M","R","$","M","R","BOSS","M","?","$","M"],"items_purchased_type":["Card","Relic","Card","Card","Card","Card","Card","Card","Relic","Relic"],"build_version":"2020-12-22","purchased_purges":0,"victory":false,"max_hp_per_floor":[72,72,77,77,77,77,77,77,77,77,77,77,77,77,77,77,77,77,77,77,77,77],"relic_stats":{"counters":[8,19],"Prayer Wheel":4,"obtain_stats":[{"BargainBundle":8,"NeowsBlessing":0,"Prayer Wheel":9,"aspiration:ArtOfWarUpgrade":12,"Art of War":2,"conspire:BottledYoYo":20,"PureWater":0,"aspiration:BardSkillbook":17,"hubris:OldNail":7,"hubris:EvacipatedBox":19},{"BargainBundle":2,"NeowsBlessing":0,"Prayer Wheel":2,"aspiration:ArtOfWarUpgrade":4,"Art of War":1,"conspire:BottledYoYo":7,"PureWater":0,"aspiration:BardSkillbook":6,"hubris:OldNail":2,"hubris:EvacipatedBox":7},{"BargainBundle":2,"NeowsBlessing":0,"Prayer Wheel":2,"aspiration:ArtOfWarUpgrade":5,"Art of War":1,"conspire:BottledYoYo":16,"PureWater":0,"aspiration:BardSkillbook":12,"hubris:OldNail":2,"hubris:EvacipatedBox":16}]},"card_choices":[{"not_picked":["Evaluate","WreathOfFlame"],"picked":"CutThroughFate","floor":1},{"not_picked":["MentalFortress","EmptyBody"],"picked":"Replay:Vibes","floor":2},{"not_picked":["Replay:ManipulateFuture","SignatureMove"],"picked":"MarkedMod:OneThousandNeedles","floor":2},{"not_picked":["WreathOfFlame","ReachHeaven"],"picked":"SignatureMove","floor":7},{"not_picked":["Evaluate","EmptyBody"],"picked":"Replay:Anticipation","floor":10},{"not_picked":["MarkedMod:GracefulMovements","MentalFortress"],"picked":"MarkedMod:GentlePulse","floor":10},{"not_picked":["Consecrate","MarkedMod:OneThousandNeedles"],"picked":"MarkedMod:Acupuncture","floor":11},{"not_picked":["EmptyBody","FearNoEvil"],"picked":"BattleHymn","floor":11},{"not_picked":["FollowUp","ClearTheMind"],"picked":"Indignation","floor":14},{"not_picked":["Replay:AtTheReady","Crescendo"],"picked":"EmptyFist","floor":14},{"not_picked":["Vault","Omniscience"],"picked":"DevaForm","floor":16},{"not_picked":["bard:Flourish+1","EmptyFist","bard:BucklerBash+1"],"picked":"bard:Solo+1","floor":18},{"not_picked":["SignatureMove","Evaluate","Replay:Battleflow"],"picked":"Replay:BluntJabs","floor":18}],"player_experience":374940,"relics_obtained":[{"floor":2,"key":"Art of War"},{"floor":7,"key":"hubris:OldNail"},{"floor":9,"key":"Prayer Wheel"}],"event_choices":[{"damage_healed":0,"gold_gain":0,"player_choice":"Donut","damage_taken":0,"max_hp_gain":5,"max_hp_loss":0,"event_name":"Big Fish","floor":3,"gold_loss":0},{"damage_healed":0,"gold_gain":0,"cards_transformed":["CutThroughFate"],"player_choice":"Transformed","damage_taken":0,"max_hp_gain":0,"max_hp_loss":0,"event_name":"Transmorgrifier","floor":4,"gold_loss":0,"cards_obtained":["SpiritShield"]},{"damage_healed":0,"gold_gain":100,"player_choice":"Pray","damage_taken":0,"max_hp_gain":0,"max_hp_loss":0,"event_name":"Golden Shrine","floor":5,"gold_loss":0}],"is_beta":false,"boss_relics":[{"not_picked":["conspire:RoyalGoblet","Black Star"],"picked":"aspiration:BardSkillbook"}],"items_purged_floors":[],"is_endless":false,"potions_floor_spawned":[10,11],"killed_by":"3 Byrds","ascension_level":0}}