{"host":"5kirneupyg4uzd3w","time":1611566575,"event":{"mods":["BaseMod","Colored Map","Custom Start","Minty Spire (QoL Compilation)","StSLib","SuperFastMode"],"gold_per_floor":[119,119,119,133,49,78,97,97,171,171,171,499,514,529,529,602,602,615,183,183,198,198,198],"floor_reached":22,"language":"KOR","playtime":560,"items_purged":["Strike_R"],"score":438,"play_id":"82e7763b-9032-43d9-a103-df4c8e33a072","local_time":"20210125182255","is_ascension_mode":true,"campfire_choices":[{"data":"Blood for Blood","floor":8.0,"key":"SMITH"},{"data":"Dual Wield","floor":10.0,"key":"SMITH"},{"data":"Feel No Pain","floor":15.0,"key":"SMITH"}],"circlet_count":0,"master_deck":["AscendersBane","Strike_R","Strike_R","Defend_R","Defend_R","Defend_R","Defend_R","Bash","Wild Strike","Dual Wield+1","Anger","Blood for Blood+1","Feel No Pain+1","Hemokinesis","Battle Trance","Shrug It Off","Immolate","Evolve"],"relics":["Burning Blood","NeowsBlessing","Bronze Scales","InkBottle","Calipers","Old Coin","Runic Cube","Kunai","Nilry\u0027s Codex"],"acts_visited":["Exordium","TheCity"],"potions_floor_usage":[22],"damage_taken":[{"damage":0.0,"enemies":"2 Louse","floor":1.0,"turns":1.0},{"damage":0.0,"enemies":"Cultist","floor":4.0,"turns":1.0},{"damage":0.0,"enemies":"Lagavulin","floor":6.0,"turns":2.0},{"damage":7.0,"enemies":"Jaw Worm","floor":7.0,"turns":2.0},{"damage":12.0,"enemies":"3 Sentries","floor":12.0,"turns":6.0},{"damage":3.0,"enemies":"Lots of Slimes","floor":13.0,"turns":4.0},{"damage":2.0,"enemies":"2 Fungi Beasts","floor":14.0,"turns":2.0},{"damage":26.0,"enemies":"Slime Boss","floor":16.0,"turns":8.0},{"damage":5.0,"enemies":"3 Byrds","floor":18.0,"turns":3.0},{"damage":23.0,"enemies":"2 Thieves","floor":21.0,"turns":3.0},{"damage":31,"enemies":"Shelled Parasite and Fungi","floor":22,"turns":2}],"seed_played":"5067996578449381552","potions_obtained":[{"floor":6.0,"key":"AttackPotion"},{"floor":12.0,"key":"Dexterity Potion"},{"floor":13.0,"key":"Fire Potion"},{"floor":16.0,"key":"Swift Potion"}],"is_trial":false,"path_per_floor":["M","?","?","M","$","E","M","R","T","R","?","E","M","M","R","B",null,"M","$","?","M","M"],"character_chosen":"IRONCLAD","items_purchased":["Blood for Blood","Evolve","Kunai"],"campfire_rested":0,"item_purchase_floors":[5,19,19],"current_hp_per_floor":[74,67,67,73,73,75,74,74,74,74,29,23,26,30,30,10,59,60,60,39,22,0,0],"gold":198,"neow_bonus":"THREE_ENEMY_KILL","is_daily":false,"chose_seed":false,"campfire_upgraded":3,"win_rate":0.0,"timestamp":1611566575,"path_taken":["M","?","?","M","$","E","M","R","T","R","?","E","M","M","R","BOSS","M","$","?","M","M"],"items_purchased_type":["Card","Card","Relic"],"build_version":"2020-12-22","purchased_purges":1,"victory":false,"max_hp_per_floor":[75,75,75,75,75,75,75,75,75,75,75,75,75,75,75,75,75,75,75,75,75,75,75],"card_choices":[{"not_picked":["Body Slam","Headbutt"],"picked":"Wild Strike","floor":1.0},{"not_picked":["Headbutt","Berserk"],"picked":"Anger","floor":4.0},{"not_picked":["Thunderclap","Pommel Strike"],"picked":"Feel No Pain","floor":6.0},{"not_picked":["Armaments","Blood for Blood"],"picked":"Hemokinesis","floor":7.0},{"not_picked":["Whirlwind","Heavy Blade"],"picked":"Battle Trance","floor":12.0},{"not_picked":["Sever Soul","Infernal Blade","Feel No Pain"],"picked":"SKIP","floor":13.0},{"not_picked":["Wild Strike","Dual Wield"],"picked":"Shrug It Off","floor":14.0},{"not_picked":["Corruption","Exhume"],"picked":"Immolate","floor":16.0},{"not_picked":["Clash","Anger","Pommel Strike"],"picked":"SKIP","floor":18.0},{"not_picked":["Spot Weakness","Disarm","Cleave"],"picked":"SKIP","floor":21.0}],"player_experience":270726,"relics_obtained":[{"floor":6.0,"key":"Bronze Scales"},{"floor":9.0,"key":"InkBottle"},{"floor":12.0,"key":"Old Coin"},{"floor":20.0,"key":"Nilry\u0027s Codex"}],"event_choices":[{"cards_removed":["Strike_R"],"damage_healed":0.0,"max_hp_gain":0.0,"max_hp_loss":0.0,"gold_gain":0.0,"event_name":"Golden Wing","player_choice":"Card Removal","floor":2.0,"gold_loss":0.0,"damage_taken":7.0},{"damage_healed":0.0,"max_hp_gain":0.0,"max_hp_loss":0.0,"gold_gain":0.0,"cards_transformed":["Strike_R"],"event_name":"Living Wall","player_choice":"Change","floor":3.0,"gold_loss":0.0,"damage_taken":0.0,"cards_obtained":["Dual Wield"]},{"damage_healed":0.0,"max_hp_gain":0.0,"max_hp_loss":0.0,"gold_gain":0.0,"event_name":"Scrap Ooze","player_choice":"Success","floor":11.0,"gold_loss":0.0,"damage_taken":45.0,"relics_obtained":["Calipers"]},{"damage_healed":0.0,"max_hp_gain":0.0,"max_hp_loss":0.0,"gold_gain":0.0,"event_name":"Cursed Tome","player_choice":"Obtained Book","floor":20.0,"gold_loss":0.0,"damage_taken":21.0}],"is_beta":false,"boss_relics":[{"not_picked":["Runic Dome","Empty Cage"],"picked":"Runic Cube"}],"items_purged_floors":[19],"is_endless":false,"potions_floor_spawned":[6,12,13,16],"killed_by":"Shelled Parasite and Fungi","ascension_level":20}}