{"host":"v3mpq6flurzldi5g","time":1611598140,"event":{"mods":["AchievementEnabler","BaseMod","Colored Powertips","Highlight Path","Minty Spire (QoL Compilation)","StSLib"],"gold_per_floor":[119,131,131,151,161,161,176,176,176,176,104,104,29,42,42,147,147,161,84,0,11,11,11,46,46,46],"floor_reached":25,"language":"ENG","playtime":1313,"items_purged":["Strike_G"],"score":338,"play_id":"ff9ac32f-e1e3-4df1-a943-7c65ff008a55","local_time":"20210125130900","is_ascension_mode":true,"campfire_choices":[{"data":"Neutralize","floor":6,"key":"SMITH"},{"floor":8,"key":"REST"},{"data":"Sucker Punch","floor":15,"key":"SMITH"},{"floor":23,"key":"REST"}],"circlet_count":0,"master_deck":["AscendersBane","Strike_G","Strike_G","Strike_G","Defend_G","Defend_G","Defend_G","Defend_G","Defend_G+1","Survivor","Neutralize+1","Cloak And Dagger","Predator","Blade Dance","Backflip","Infinite Blades","Sucker Punch+1","After Image","Dagger Spray","Footwork","Footwork","Envenom"],"relics":["Ring of the Snake","Letter Opener","Shuriken","Sozu","Toxic Egg 2"],"acts_visited":["Exordium","TheCity"],"potions_floor_usage":[7,7],"damage_taken":[{"damage":5,"enemies":"Jaw Worm","floor":1,"turns":7},{"damage":3,"enemies":"Cultist","floor":2,"turns":6},{"damage":0,"enemies":"2 Louse","floor":4,"turns":2},{"damage":12,"enemies":"Exordium Wildlife","floor":5,"turns":5},{"damage":5,"enemies":"Lots of Slimes","floor":7,"turns":3},{"damage":0,"enemies":"Red Slaver","floor":14,"turns":3},{"damage":31,"enemies":"The Guardian","floor":16,"turns":13},{"damage":16,"enemies":"Spheric Guardian","floor":18,"turns":4},{"damage":0,"enemies":"3 Byrds","floor":21,"turns":5},{"damage":54,"enemies":"Slavers","floor":24,"turns":8},{"damage":7,"enemies":"Snake Plant","floor":25,"turns":5}],"seed_played":"5899499057453042651","potions_obtained":[{"floor":1,"key":"LiquidBronze"},{"floor":2,"key":"Energy Potion"}],"is_trial":false,"path_per_floor":["M","M","?","M","M","R","M","R","T","?","$","T","$","M","R","B",null,"M","$","?","M","?","R","E","M"],"character_chosen":"THE_SILENT","items_purchased":["Infinite Blades","Footwork"],"campfire_rested":2,"item_purchase_floors":[11,19],"current_hp_per_floor":[65,62,62,62,50,50,45,68,68,68,68,68,68,68,68,37,67,51,51,51,51,37,61,7,0,0],"gold":46,"neow_bonus":"TEN_PERCENT_HP_BONUS","is_daily":false,"chose_seed":false,"campfire_upgraded":2,"win_rate":0.0,"timestamp":1611598140,"path_taken":["M","M","?","?","M","R","M","R","T","?","?","?","$","M","R","BOSS","M","$","?","M","?","R","E","M"],"items_purchased_type":["Card","Card"],"build_version":"2020-12-22","purchased_purges":1,"victory":false,"max_hp_per_floor":[77,77,77,77,77,77,77,77,77,77,77,77,77,77,77,77,77,77,77,77,77,82,82,82,82,82],"card_choices":[{"not_picked":["Bouncing Flask","Skewer"],"picked":"Cloak And Dagger","floor":1},{"not_picked":["Underhanded Strike","Poisoned Stab"],"picked":"Predator","floor":2},{"not_picked":["Heel Hook","Choke"],"picked":"Blade Dance","floor":4},{"not_picked":["Deadly Poison","Outmaneuver"],"picked":"Backflip","floor":5},{"not_picked":["Outmaneuver","Tactician","Flechettes"],"picked":"SKIP","floor":7},{"not_picked":["Distraction","Bane"],"picked":"Sucker Punch","floor":14},{"not_picked":["Unload","Malaise"],"picked":"After Image","floor":16},{"not_picked":["Dodge and Roll","Poisoned Stab"],"picked":"Dagger Spray","floor":18},{"not_picked":["PiercingWail+1","Poisoned Stab"],"picked":"Footwork","floor":21},{"not_picked":["Eviscerate","Quick Slash"],"picked":"Envenom","floor":24}],"player_experience":1050427,"relics_obtained":[{"floor":9,"key":"Letter Opener"},{"floor":12,"key":"Shuriken"},{"floor":24,"key":"Toxic Egg 2"}],"event_choices":[{"cards_removed":["Strike_G"],"damage_healed":0,"gold_gain":0,"player_choice":"Purged","damage_taken":0,"max_hp_gain":0,"max_hp_loss":0,"event_name":"Purifier","floor":3,"gold_loss":0},{"damage_healed":0,"gold_gain":0,"player_choice":"Forge","damage_taken":0,"max_hp_gain":0,"max_hp_loss":0,"event_name":"Accursed Blacksmith","floor":10,"gold_loss":0,"cards_upgraded":["Defend_G"]},{"damage_healed":0,"gold_gain":0,"player_choice":"Paid Fearfully","damage_taken":0,"max_hp_gain":0,"max_hp_loss":0,"event_name":"Masked Bandits","floor":20,"gold_loss":84},{"damage_healed":0,"gold_gain":0,"player_choice":"Shed Blood","damage_taken":19,"max_hp_gain":5,"max_hp_loss":0,"event_name":"Forgotten Altar","floor":22,"gold_loss":0}],"is_beta":false,"boss_relics":[{"not_picked":["SacredBark","Tiny House"],"picked":"Sozu"}],"items_purged_floors":[13],"is_endless":false,"potions_floor_spawned":[1,2,5,21],"killed_by":"Snake Plant","ascension_level":12}}