{"host":"1tl36azeqm6yhdgj","time":1611601552,"event":{"mods":["AchievementEnabler","BaseMod","Minty Spire (QoL Compilation)","StSLib","The IronCluck","everything is the same but u backflip on backflip"],"gold_per_floor":[113,113,126,126,201,227,239,239,239,256,256,276,305,324,324,324,324],"floor_reached":16,"language":"ENG","playtime":319,"items_purged":[],"score":274,"play_id":"75073a6b-3c72-457d-b0a7-cebf062df7d4","local_time":"20210125140552","is_ascension_mode":true,"campfire_choices":[{"data":"Flame Barrier","floor":8.0,"key":"SMITH"},{"data":"Fire Breathing","floor":11.0,"key":"SMITH"},{"floor":15.0,"key":"REST"}],"circlet_count":0,"master_deck":["AscendersBane","Strike_R","Strike_R","Strike_R","Strike_R","Strike_R","Defend_R","Defend_R","Defend_R","Defend_R","Bash","Thunderclap","Feel No Pain","Flame Barrier+1","Fire Breathing+1","Rage","Corruption","Inflame"],"relics":["Burning Blood","NeowsBlessing","Matryoshka","Mercury Hourglass","Tiny Chest","Pantograph","Bronze Scales"],"acts_visited":["Exordium"],"potions_floor_usage":[],"damage_taken":[{"damage":0.0,"enemies":"2 Louse","floor":1.0,"turns":1.0},{"damage":0.0,"enemies":"Small Slimes","floor":3.0,"turns":1.0},{"damage":0.0,"enemies":"Lagavulin","floor":6.0,"turns":1.0},{"damage":12.0,"enemies":"Jaw Worm","floor":7.0,"turns":5.0},{"damage":0.0,"enemies":"2 Fungi Beasts","floor":10.0,"turns":2.0},{"damage":17.0,"enemies":"Exordium Thugs","floor":12.0,"turns":4.0},{"damage":52.0,"enemies":"Gremlin Nob","floor":13.0,"turns":6.0},{"damage":0.0,"enemies":"Exordium Wildlife","floor":14.0,"turns":2.0},{"damage":69,"enemies":"The Guardian","floor":16,"turns":10}],"seed_played":"8001377765292253182","potions_obtained":[{"floor":3.0,"key":"SneckoOil"},{"floor":7.0,"key":"BlessingOfTheForge"},{"floor":10.0,"key":"DistilledChaos"},{"floor":12.0,"key":"ElixirPotion"}],"is_trial":false,"path_per_floor":["M","?","M","?","?","E","M","R","T","M","R","M","E","M","R","B"],"character_chosen":"IRONCLAD","items_purchased":[],"campfire_rested":1,"item_purchase_floors":[],"current_hp_per_floor":[74,74,75,75,64,70,64,64,64,70,70,59,13,19,41,0,0],"gold":324,"neow_bonus":"THREE_ENEMY_KILL","is_daily":false,"chose_seed":false,"campfire_upgraded":2,"win_rate":0.0,"timestamp":1611601552,"path_taken":["M","?","M","?","?","E","M","R","T","M","R","?","E","M","R","BOSS"],"items_purchased_type":[],"build_version":"2020-12-22","purchased_purges":0,"victory":false,"max_hp_per_floor":[75,75,75,75,75,75,75,75,75,75,75,75,75,75,75,75,75],"card_choices":[{"not_picked":["Iron Wave","Headbutt"],"picked":"Thunderclap","floor":1.0},{"not_picked":["Hemokinesis","Thunderclap"],"picked":"Feel No Pain","floor":3.0},{"not_picked":["Body Slam","Clash"],"picked":"Flame Barrier","floor":6.0},{"not_picked":["Havoc","Twin Strike","Sever Soul"],"picked":"SKIP","floor":7.0},{"not_picked":["Perfected Strike","Flex"],"picked":"Fire Breathing","floor":10.0},{"not_picked":["Headbutt","Armaments"],"picked":"Rage","floor":12.0},{"not_picked":["Intimidate","Whirlwind"],"picked":"Corruption","floor":13.0},{"not_picked":["Clothesline","True Grit"],"picked":"Inflame","floor":14.0}],"player_experience":2053790,"relics_obtained":[{"floor":6.0,"key":"Mercury Hourglass"},{"floor":9.0,"key":"Tiny Chest"},{"floor":9.0,"key":"Pantograph"},{"floor":13.0,"key":"Bronze Scales"}],"event_choices":[{"damage_healed":0.0,"max_hp_gain":0.0,"max_hp_loss":0.0,"gold_gain":0.0,"event_name":"Big Fish","player_choice":"Box","floor":2.0,"gold_loss":0.0,"damage_taken":0.0,"relics_obtained":["Matryoshka"],"cards_obtained":["Regret"]},{"cards_removed":["Regret"],"damage_healed":0.0,"max_hp_gain":0.0,"max_hp_loss":0.0,"gold_gain":0.0,"event_name":"Living Wall","player_choice":"Forget","floor":4.0,"gold_loss":0.0,"damage_taken":0.0},{"damage_healed":0.0,"max_hp_gain":0.0,"max_hp_loss":0.0,"gold_gain":75.0,"event_name":"World of Goop","player_choice":"Gather Gold","floor":5.0,"gold_loss":0.0,"damage_taken":11.0}],"is_beta":false,"boss_relics":[],"items_purged_floors":[],"is_endless":false,"potions_floor_spawned":[3,7,10,12],"killed_by":"The Guardian","ascension_level":20}}