{"host":"j0rajrfs2q3wozdq","time":1611589573,"event":{"mods":["BaseMod","Colored Powertips","HololiveMod","Koishi","Lobotomy","LobotomyExtend","Minty Spire (QoL Compilation)","Prisma Mod","Quick Restart","Remilia¡]Á¢¦Ì²ú?¡^","Replay The Spire","Shop Mod","StSLib","The Alterego","WarShipGirlsR/??¤Ö¤kR mod","Yakumo Yukari mod","Youmu¡]»î¾z§¯?¡^"],"gold_per_floor":[116,116,129,139,157,157,191,191,270,286,316,316,347,370,382,394,394],"floor_reached":16,"language":"ZHS","playtime":891,"items_purged":[],"score":162,"play_id":"3d228d63-0b5d-4fa3-bd77-94059106ecd5","local_time":"20210125234613","is_ascension_mode":false,"campfire_choices":[{"data":"alterego_mod:Belle","floor":6,"key":"SMITH"},{"data":"alterego_mod:PerceptionDisorder","floor":8,"key":"SMITH"},{"data":"alterego_mod:BeGentle","floor":15,"key":"SMITH"}],"circlet_count":0,"master_deck":["alterego_mod:Strike","alterego_mod:Strike","alterego_mod:Strike","alterego_mod:Strike","alterego_mod:Defend","alterego_mod:Defend","alterego_mod:Defend","alterego_mod:Impale","alterego_mod:BrynhildrsRune","Bloodbath","alterego_mod:PerceptionDisorder+1","Wellcheers","alterego_mod:BeGentle+1"],"relics":["alterego_mod:MasochisticConstitution","CogitoBucket","StoneCalendar","Bottled Tornado","MawBank"],"acts_visited":["Exordium"],"potions_floor_usage":[16],"damage_taken":[{"damage":10,"enemies":"Small Slimes","floor":1,"turns":4},{"damage":15,"enemies":"Jaw Worm","floor":3,"turns":5},{"damage":8,"enemies":"2 Louse","floor":4,"turns":5},{"damage":8,"enemies":"Gremlin Gang","floor":5,"turns":9},{"damage":0,"enemies":"Gremlin Nob","floor":7,"turns":1},{"damage":14,"enemies":"2 Fungi Beasts","floor":10,"turns":7},{"damage":34,"enemies":"Lagavulin","floor":13,"turns":6},{"damage":23,"enemies":"Large Slime","floor":14,"turns":7},{"damage":63,"enemies":"Slime Boss","floor":16,"turns":6}],"seed_played":"-3203176491914616662","potions_obtained":[{"floor":4,"key":"PanachePotion"},{"floor":5,"key":"DuplicationPotion"},{"floor":7,"key":"AttackPotion"}],"is_trial":false,"path_per_floor":["M","?","M","M","M","R","E","R","T","M","?","?","E","M","R","B"],"character_chosen":"The_Alterego","items_purchased":[],"campfire_rested":0,"item_purchase_floors":[],"current_hp_per_floor":[68,68,56,58,74,74,74,74,74,67,67,72,42,42,42,0,0],"gold":394,"neow_bonus":"","is_daily":false,"chose_seed":false,"campfire_upgraded":3,"win_rate":0.0,"timestamp":1611589573,"path_taken":["M","?","M","M","M","R","E","R","T","M","?","?","E","M","R","BOSS"],"items_purchased_type":[],"build_version":"2020-12-22","purchased_purges":0,"victory":false,"max_hp_per_floor":[71,71,72,73,74,74,74,74,74,75,75,80,81,82,82,82,82],"card_choices":[{"not_picked":["QueenOfHatred","FieryBird"],"picked":"Bloodbath","floor":1},{"not_picked":["alterego_mod:Pet","alterego_mod:BiFurious","alterego_mod:DeftHands"],"picked":"SKIP","floor":1},{"not_picked":["FieryBird","PunishingBird","Scarecrow"],"picked":"Singing Bowl","floor":3},{"not_picked":["alterego_mod:Pet","alterego_mod:Nekomimi"],"picked":"alterego_mod:PerceptionDisorder","floor":3},{"not_picked":["alterego_mod:Punishment","alterego_mod:Jiggle"],"picked":"alterego_mod:Belle","floor":4},{"not_picked":["OldLady","CherryBlossoms","MHz"],"picked":"Singing Bowl","floor":5},{"not_picked":["alterego_mod:1TonWallop","alterego_mod:Jiggle","alterego_mod:DiscoLights"],"picked":"SKIP","floor":5},{"not_picked":["alterego_mod:Bounce","alterego_mod:Punishment","alterego_mod:Maid"],"picked":"SKIP","floor":7},{"not_picked":["BlackArmy","VoidDream","MeatLantern"],"picked":"Singing Bowl","floor":10},{"not_picked":["MeatLantern","Porccubus"],"picked":"Wellcheers","floor":10},{"not_picked":["alterego_mod:Punishment","alterego_mod:BiFurious","alterego_mod:DiscoLights"],"picked":"SKIP","floor":10},{"not_picked":["RedShoes","OldLady","SpiderBud"],"picked":"Singing Bowl","floor":13},{"not_picked":["alterego_mod:Rip","alterego_mod:Skirt"],"picked":"alterego_mod:BeGentle","floor":13},{"not_picked":["QueenBee","HappyTeddy","Scorched"],"picked":"Singing Bowl","floor":14},{"not_picked":["alterego_mod:DestructionOfProperty","alterego_mod:Maid","alterego_mod:Exercise"],"picked":"SKIP","floor":14}],"player_experience":33787,"relics_obtained":[{"floor":7,"key":"StoneCalendar"},{"floor":9,"key":"Bottled Tornado"},{"floor":13,"key":"MawBank"}],"event_choices":[{"damage_healed":0,"gold_gain":30,"player_choice":"Searched \u00271\u0027 times","damage_taken":0,"max_hp_gain":0,"max_hp_loss":0,"event_name":"Dead Adventurer","floor":11,"gold_loss":0},{"damage_healed":0,"gold_gain":0,"player_choice":"Donut","damage_taken":0,"max_hp_gain":5,"max_hp_loss":0,"event_name":"Big Fish","floor":12,"gold_loss":0}],"is_beta":false,"boss_relics":[],"items_purged_floors":[],"is_endless":false,"potions_floor_spawned":[4,5,7],"killed_by":"Slime Boss","ascension_level":0}}