{"host":"lte3xujvwediduij","time":1611573439,"event":{"mods":["Aspiration","BaseMod","Better-Laid Plans","Minty Spire (QoL Compilation)","Spicy Shops","StSLib","¡¾ÒÅÎï¿¨ÅÆ¡¿REMEMod","óô»ðÖ¸ÄÏ"],"gold_per_floor":[14,41,57,132,132,132,132,147,147,179,194,220,236,254,30,129,129,147,164,164,183,203,203,203],"floor_reached":23,"language":"ZHS","playtime":1420,"items_purged":["Strike_B"],"score":205,"play_id":"f2f0dbd4-9a58-4a86-b99c-af7e7c7401a0","local_time":"20210125191719","is_ascension_mode":false,"campfire_choices":[],"circlet_count":0,"master_deck":["Strike_B","Strike_B","Strike_B","Defend_B","Defend_B","Defend_B","Defend_B","Zap","Dualcast","Go for the Eyes","REME_BodyOfCthun","Double Energy","Go for the Eyes","Sweeping Beam","Creative AI","Melter+1","Sweeping Beam"],"relics":["Cracked Core","REME_ComplimentaryCards","WingedGreaves","aspiration:StickyExplosives_weak","Pantograph","Mercury Hourglass","Sundial","PreservedInsect","Nuclear Battery","Nilry\u0027s Codex"],"acts_visited":["Exordium","TheCity"],"potions_floor_usage":[16,18,19,22,23],"damage_taken":[{"damage":1.0,"enemies":"Cultist","floor":1.0,"turns":4.0},{"damage":0.0,"enemies":"Small Slimes","floor":3.0,"turns":3.0},{"damage":6.0,"enemies":"Jaw Worm","floor":8.0,"turns":3.0},{"damage":16.0,"enemies":"Lagavulin","floor":10.0,"turns":7.0},{"damage":0.0,"enemies":"2 Fungi Beasts","floor":11.0,"turns":3.0},{"damage":11.0,"enemies":"Gremlin Nob","floor":12.0,"turns":4.0},{"damage":0.0,"enemies":"Lots of Slimes","floor":13.0,"turns":2.0},{"damage":4.0,"enemies":"Gremlin Gang","floor":14.0,"turns":3.0},{"damage":32,"enemies":"The Guardian","floor":16,"turns":11},{"damage":14,"enemies":"Spheric Guardian","floor":18,"turns":4},{"damage":15,"enemies":"Shell Parasite","floor":19,"turns":9},{"damage":15,"enemies":"Cultist and Chosen","floor":21,"turns":6},{"damage":0,"enemies":"Centurion and Healer","floor":22,"turns":8},{"damage":25,"enemies":"Slavers","floor":23,"turns":1}],"seed_played":"-5371637565957799938","potions_obtained":[{"floor":3.0,"key":"FocusPotion"},{"floor":8.0,"key":"SteroidPotion"},{"floor":14.0,"key":"DistilledChaos"},{"floor":16,"key":"Energy Potion"},{"floor":18,"key":"Energy Potion"},{"floor":21,"key":"DistilledChaos"},{"floor":22,"key":"Dexterity Potion"}],"is_trial":false,"path_per_floor":["M","T","M","?","?","?","R","M","T","E","M","E","M","M","R","B",null,"M","M","?","M","M","E"],"character_chosen":"DEFECT","items_purchased":["PreservedInsect"],"campfire_rested":0,"item_purchase_floors":[15],"current_hp_per_floor":[74,74,74,63,60,65,65,59,59,43,43,32,32,28,28,21,75,61,46,30,15,15,0,0],"gold":203,"neow_bonus":"ONE_RARE_RELIC","is_daily":false,"chose_seed":false,"campfire_upgraded":0,"win_rate":0.0,"timestamp":1611573439,"path_taken":["M","?","M","?","?","?","R","?","T","E","M","E","M","?","R","BOSS","M","?","?","M","M","E"],"items_purchased_type":["Relic"],"build_version":"2020-12-22","purchased_purges":1,"victory":false,"max_hp_per_floor":[75,75,75,75,75,75,75,75,75,75,75,75,75,75,75,75,75,75,75,75,75,75,75,75],"card_choices":[{"not_picked":["Compile Driver","Recycle","Sunder"],"picked":"SKIP","floor":1.0},{"not_picked":["Turbo","Coolheaded"],"picked":"Streamline","floor":3.0},{"not_picked":["Compile Driver","Sweeping Beam"],"picked":"Go for the Eyes","floor":8.0},{"not_picked":["Compile Driver","Biased Cognition"],"picked":"Double Energy","floor":10.0},{"not_picked":["Reinforced Body","Turbo"],"picked":"Go for the Eyes","floor":11.0},{"not_picked":["Barrage","Skim","Auto Shields"],"picked":"SKIP","floor":12.0},{"not_picked":["Rebound","Turbo","Cold Snap"],"picked":"SKIP","floor":13.0},{"not_picked":["Compile Driver","Rebound"],"picked":"Sweeping Beam","floor":14.0},{"not_picked":["Fission","Hyperbeam"],"picked":"Creative AI","floor":16},{"not_picked":["Steam","Redo","Streamline"],"picked":"SKIP","floor":18},{"not_picked":["Chaos","Leap"],"picked":"Melter+1","floor":19},{"not_picked":["Aggregate+1","Chill","REME_SelfUpgrade","Barrage"],"picked":"SKIP","floor":21},{"not_picked":["Doom and Gloom","Compile Driver"],"picked":"Sweeping Beam","floor":22}],"player_experience":35700,"relics_obtained":[{"floor":9.0,"key":"Pantograph"},{"floor":10.0,"key":"Mercury Hourglass"},{"floor":12.0,"key":"Sundial"},{"floor":20,"key":"Nilry\u0027s Codex"}],"event_choices":[{"damage_healed":0.0,"max_hp_gain":0.0,"max_hp_loss":0.0,"gold_gain":75.0,"event_name":"World of Goop","player_choice":"Gather Gold","floor":4.0,"gold_loss":0.0,"damage_taken":11.0},{"damage_healed":0.0,"max_hp_gain":0.0,"max_hp_loss":0.0,"gold_gain":0.0,"event_name":"Scrap Ooze","player_choice":"Success","floor":5.0,"gold_loss":0.0,"damage_taken":3.0,"relics_obtained":["aspiration:StickyExplosives_weak"]},{"cards_removed":["Streamline"],"damage_healed":5.0,"max_hp_gain":0.0,"max_hp_loss":0.0,"gold_gain":0.0,"event_name":"Bonfire Elementals","player_choice":"Offered Common","floor":6.0,"gold_loss":0.0,"damage_taken":0.0},{"cards_removed":["Streamline"],"damage_healed":5.0,"max_hp_gain":0.0,"max_hp_loss":0.0,"gold_gain":0.0,"event_name":"Bonfire Elementals","player_choice":"Offered Special","floor":6.0,"gold_loss":0.0,"damage_taken":0.0},{"damage_healed":0,"gold_gain":0,"player_choice":"Obtained Book","damage_taken":16,"max_hp_gain":0,"max_hp_loss":0,"event_name":"Cursed Tome","floor":20,"gold_loss":0}],"is_beta":false,"boss_relics":[{"not_picked":["Tiny House","Fusion Hammer"],"picked":"Nuclear Battery"}],"items_purged_floors":[15],"is_endless":false,"potions_floor_spawned":[3,8,14,16,18,21,22],"killed_by":"Slavers","ascension_level":0}}