{"host":"yvb207ks1sg3cxef","time":1611573356,"event":{"mods":["2.2 Compatiblity","BaseMod","Bestiary","Colored Powertips","Minty Spire (QoL Compilation)","Permanent Neow","Quick Restart","Relic Stats","StSLib"],"gold_per_floor":[17,17,17,17,17,31,31,31,31],"floor_reached":8,"language":"ENG","playtime":212,"items_purged":[],"score":88,"play_id":"72f75dc1-2416-4bec-bca1-0bc8d9c7e01c","local_time":"20210125164556","is_ascension_mode":true,"campfire_choices":[{"data":"Deadly Poison","floor":7,"key":"SMITH"}],"circlet_count":0,"master_deck":["AscendersBane","Strike_G","Strike_G","Strike_G+1","Strike_G","Strike_G","Defend_G","Defend_G","Defend_G+1","Defend_G","Defend_G","Survivor","Neutralize+1","Deflect","Deadly Poison+1"],"relics":["Ring of the Snake","WingedGreaves"],"acts_visited":["Exordium"],"potions_floor_usage":[],"damage_taken":[{"damage":10,"enemies":"Small Slimes","floor":1,"turns":7},{"damage":0,"enemies":"2 Louse","floor":6,"turns":2},{"damage":43,"enemies":"Gremlin Nob","floor":8,"turns":4}],"seed_played":"-3852711485165210400","potions_obtained":[],"is_trial":false,"path_per_floor":["M","?","?","?","$","M","R","E"],"character_chosen":"THE_SILENT","items_purchased":[],"campfire_rested":0,"item_purchase_floors":[],"current_hp_per_floor":[49,49,54,33,33,33,33,0,0],"gold":31,"neow_bonus":"ONE_RARE_RELIC","is_daily":false,"chose_seed":false,"campfire_upgraded":1,"win_rate":0.0,"timestamp":1611573356,"path_taken":["M","?","?","?","?","M","R","E"],"items_purchased_type":[],"build_version":"2020-12-22","purchased_purges":0,"victory":false,"max_hp_per_floor":[66,66,71,71,71,71,71,71,71],"relic_stats":{"counters":[3,13],"obtain_stats":[{"WingedGreaves":0,"Ring of the Snake":0},{"WingedGreaves":0,"Ring of the Snake":0},{"WingedGreaves":0,"Ring of the Snake":0}],"Ring of the Snake":[6]},"card_choices":[{"not_picked":["Prepared","Bane"],"picked":"Deflect","floor":1},{"not_picked":["Heel Hook","Slice"],"picked":"Deadly Poison","floor":6}],"player_experience":458106,"relics_obtained":[],"event_choices":[{"damage_healed":0,"gold_gain":0,"player_choice":"Grow","damage_taken":0,"max_hp_gain":0,"max_hp_loss":0,"event_name":"Living Wall","floor":2,"gold_loss":0,"cards_upgraded":["Neutralize"]},{"damage_healed":0,"gold_gain":0,"player_choice":"Donut","damage_taken":0,"max_hp_gain":5,"max_hp_loss":0,"event_name":"Big Fish","floor":3,"gold_loss":0},{"damage_healed":0,"gold_gain":0,"player_choice":"Entered Light","damage_taken":21,"max_hp_gain":0,"max_hp_loss":0,"event_name":"Shining Light","floor":4,"gold_loss":0,"cards_upgraded":["Defend_G","Strike_G"]}],"is_beta":false,"boss_relics":[],"items_purged_floors":[],"is_endless":false,"potions_floor_spawned":[],"killed_by":"Gremlin Nob","ascension_level":20}}