{"host":"ppir7fmwqxhicm8z","time":1611591092,"event":{"mods":["Act Like it!","BaseMod","Colored Map","Gensokyo","Minty Spire (QoL Compilation)","Quick Restart","StSLib","The Runesmith"],"gold_per_floor":[113,124,155,170,170,170,197,197,270,270,290,290,59,70,70,169,169,185,185,185,285,301,301,328,328,328,348,363,395,413,413,413,517,517,533,543,556,556,556,556,116,116,185,215,215,240,267,287,287,287,287,287,8,40,40],"floor_reached":56,"language":"ZHS","playtime":7704,"items_purged":["Runesmith:Strike_RS","Runesmith:Defend_RS"],"score":1553,"play_id":"389577d0-6c0e-4285-bbfe-4b859490c8db","local_time":"20210126001131","is_ascension_mode":false,"campfire_choices":[{"data":"Runesmith:ElementalConversion","floor":6,"key":"SMITH"},{"data":"Runesmith:Fortify","floor":12,"key":"SMITH"},{"data":"Runesmith:CraftFirestone","floor":15,"key":"SMITH"},{"data":"Runesmith:Firestorm","floor":23,"key":"SMITH"},{"data":"Runesmith:FissionHammer","floor":32,"key":"SMITH"},{"data":"Runesmith:ArcReactor","floor":40,"key":"SMITH"},{"data":"Runesmith:CraftMagma","floor":45,"key":"SMITH"},{"floor":49,"key":"RECALL"},{"data":"Runesmith:CraftProtectio","floor":52,"key":"SMITH"}],"circlet_count":0,"master_deck":["Runesmith:Defend_RS","Runesmith:Fortify+1","Runesmith:CraftProtectio+1","Runesmith:ElementalConversion+1","Runesmith:ArcReactor+1","Runesmith:CraftMagma+1","Runesmith:Reinforce+1","Runesmith:LightningRod+1","Runesmith:EarthShield+1","Runesmith:LithiumIon+1","Runesmith:LithiumIon+1","Runesmith:FissionHammer+1","Runesmith:CraftMedicinae+1","CurseOfTheBell","Runesmith:LithiumIon+1","Runesmith:LithiumIon+1","Gensokyo:LifeSpringInfinity+1","Runesmith:Firestorm+1","Runesmith:Grindstone+1","Runesmith:CreatorForm+1"],"relics":["Runesmith:BrokenRuby","NeowsBlessing","Lizard Tail","Gensokyo:CelestialsFlawlessClothing","Toxic Egg 2","ClockworkSouvenir","Coffee Dripper","Gensokyo:ChorusOfJoy","CaptainsWheel","Calipers","Runesmith:MiniCore","Frozen Egg 2","Gremlin Horn","Ancient Tea Set","Calling Bell","Bronze Scales","Sundial","Ice Cream","Gensokyo:TheCrow","Turnip","Runesmith:EmergencyProvisions","Orichalcum","Toy Ornithopter","Boot","StoneCalendar"],"acts_visited":["Exordium","Gensokyo:Gensokyo","Gensokyo:Gensokyoer","TheEnding"],"potions_floor_usage":[11,16,18,18,27,46,46,55,55],"damage_taken":[{"damage":0,"enemies":"Gensokyo:Gryphon","floor":1,"turns":1},{"damage":0,"enemies":"Gensokyo:Python","floor":2,"turns":1},{"damage":0,"enemies":"Gensokyo:Mamizou","floor":3,"turns":3},{"damage":0,"enemies":"Gensokyo:2_Kodama","floor":4,"turns":4},{"damage":6,"enemies":"Gensokyo:Mamizou","floor":7,"turns":6},{"damage":8,"enemies":"Gensokyo:5_Fairies","floor":11,"turns":5},{"damage":0,"enemies":"Gensokyo:3_Kodama","floor":14,"turns":5},{"damage":0,"enemies":"Gensokyo:Yukari","floor":16,"turns":8},{"damage":9,"enemies":"Gensokyo:AngelMirror","floor":18,"turns":3},{"damage":0,"enemies":"Gensokyo:AngelMirror","floor":21,"turns":11},{"damage":0,"enemies":"Gensokyo:CosmicMonolith","floor":22,"turns":6},{"damage":0,"enemies":"Gensokyo:Koishi","floor":24,"turns":10},{"damage":1,"enemies":"Gensokyo:Wraith","floor":27,"turns":5},{"damage":0,"enemies":"Gensokyo:3_Gloops","floor":28,"turns":7},{"damage":15,"enemies":"Gensokyo:Reisen","floor":29,"turns":8},{"damage":0,"enemies":"Gensokyo:Swordslinger","floor":30,"turns":5},{"damage":0,"enemies":"Gensokyo:Eiki","floor":33,"turns":10},{"damage":0,"enemies":"Gensokyo:AncientGuardian","floor":35,"turns":11},{"damage":16,"enemies":"Gensokyo:3_Bats","floor":36,"turns":5},{"damage":0,"enemies":"Gensokyo:AtlasGolem","floor":37,"turns":5},{"damage":0,"enemies":"Gensokyo:AtlasGolem","floor":42,"turns":5},{"damage":0,"enemies":"Gensokyo:Doremy","floor":44,"turns":5},{"damage":6,"enemies":"Gensokyo:Kasen","floor":46,"turns":7},{"damage":0,"enemies":"Gensokyo:3_Boulders","floor":48,"turns":6},{"damage":0,"enemies":"Gensokyo:Scarlet_Devils","floor":50,"turns":9},{"damage":8,"enemies":"Shield and Spear","floor":54,"turns":7},{"damage":6,"enemies":"The Heart","floor":55,"turns":8}],"seed_played":"-4692114373366137598","potions_obtained":[{"floor":7,"key":"LiquidBronze"},{"floor":11,"key":"Fire Potion"},{"floor":14,"key":"Swift Potion"},{"floor":16,"key":"PowerPotion"},{"floor":21,"key":"Dexterity Potion"},{"floor":27,"key":"SpeedPotion"},{"floor":29,"key":"CultistPotion"},{"floor":33,"key":"FearPotion"},{"floor":36,"key":"AttackPotion"},{"floor":37,"key":"AttackPotion"},{"floor":54,"key":"LiquidBronze"}],"is_trial":false,"path_per_floor":["M","M","?","M","?","R","E","?","T","?","M","R","$","M","R","B",null,"M","?","?","?","M","R","E","T","T","M","M","E","M","?","R","B",null,"M","M","M","?","?","R","$","?","T","E","R","E","T","M","R","B",null,"R","$","E","B",null],"character_chosen":"RUNESMITH_CLASS","items_purchased":["ClockworkSouvenir","Turnip","Runesmith:LithiumIon+1","Runesmith:Firestorm+1","Boot","Runesmith:Grindstone+1"],"campfire_rested":0,"item_purchase_floors":[13,41,41,53,53,53],"current_hp_per_floor":[70,70,70,70,53,53,54,54,54,24,16,16,16,16,16,16,77,68,68,68,68,68,68,68,68,68,67,67,52,52,52,52,52,77,77,77,77,66,66,66,66,66,66,77,77,71,71,77,77,77,77,77,77,72,77],"gold":40,"neow_bonus":"THREE_ENEMY_KILL","is_daily":false,"chose_seed":false,"campfire_upgraded":8,"win_rate":0.0,"timestamp":1611591091,"path_taken":["M","M","?","?","?","R","E","?","T","?","M","R","?","?","R","BOSS","M","?","?","?","?","R","E","?","T","M","M","E","M","?","R","BOSS","M","?","M","?","?","R","$","?","T","E","R","E","?","?","R","BOSS","R","$","E","BOSS"],"items_purchased_type":["Relic","Relic","Card","Card","Relic","Card"],"build_version":"2020-12-22","purchased_purges":2,"victory":true,"max_hp_per_floor":[70,70,70,70,70,70,77,77,77,77,77,77,77,77,77,77,77,77,77,77,77,77,77,77,77,77,77,77,77,77,77,77,77,77,77,77,77,77,77,77,77,77,77,77,77,77,77,77,77,77,77,77,77,77,77],"card_choices":[{"not_picked":["Runesmith:MakeshiftArmor","Runesmith:HammerAndChisel"],"picked":"Runesmith:CraftProtectio","floor":1},{"not_picked":["Runesmith:EnergizedChisel","Runesmith:Accelerate"],"picked":"Runesmith:ElementalConversion","floor":2},{"not_picked":["Runesmith:HeatExchange","Runesmith:UnlimitedPower"],"picked":"Runesmith:ArcReactor","floor":3},{"not_picked":["Runesmith:UnstableHammer","Runesmith:CraftSpiculum"],"picked":"Runesmith:Firestorm","floor":4},{"not_picked":["Runesmith:CraftObretio","Runesmith:WhiteBalance"],"picked":"Runesmith:CraftMagma","floor":7},{"not_picked":["Runesmith:HammerThrow","Runesmith:CraftProtectio+1"],"picked":"Runesmith:Reinforce+1","floor":11},{"not_picked":["Runesmith:Overpower","Runesmith:BackupBattery+1","Runesmith:HeatedChisel"],"picked":"SKIP","floor":14},{"not_picked":["Runesmith:CraftIndustria+1","Runesmith:UnlimitedPower"],"picked":"Runesmith:LightningRod+1","floor":16},{"not_picked":["Runesmith:MakeshiftArmor+1","Runesmith:CraftProtectio+1"],"picked":"Runesmith:EarthShield+1","floor":18},{"not_picked":["Runesmith:MakeshiftArmor+1","Runesmith:ChaoticBlast","Runesmith:Overpower+1"],"picked":"SKIP","floor":22},{"not_picked":["Runesmith:HammerAndChisel+1","Runesmith:EnergizedChisel","Runesmith:Overpower"],"picked":"SKIP","floor":24},{"not_picked":["Runesmith:ChiselStab","Runesmith:Overpower"],"picked":"Runesmith:LithiumIon+1","floor":27},{"not_picked":["Runesmith:Repurpose+1","Runesmith:UnstableHammer","Runesmith:HammerTime"],"picked":"SKIP","floor":28},{"not_picked":["Runesmith:BackupBattery+1","Runesmith:EnergizedChisel","Runesmith:ChargedHammer+1"],"picked":"SKIP","floor":29},{"not_picked":["Runesmith:CraftIncendium+1","Runesmith:RuneHurl"],"picked":"Runesmith:LithiumIon+1","floor":30},{"not_picked":["Runesmith:FissionHammer","Runesmith:CraftIndustria+1"],"picked":"Runesmith:CraftMedicinae+1","floor":33},{"not_picked":["Runesmith:Overpower+1","Runesmith:Augment+1"],"picked":"Runesmith:LithiumIon+1","floor":35},{"not_picked":["Runesmith:PoweredAnvil+1","Runesmith:HeatExchange","Runesmith:ChiselStab"],"picked":"SKIP","floor":36},{"not_picked":["Runesmith:CraftMagma+1","Runesmith:BackupBattery+1","Runesmith:EnergizedChisel+1"],"picked":"SKIP","floor":37},{"not_picked":["Gensokyo:Dawn+1","Gensokyo:HouraiInAPot+1"],"picked":"Gensokyo:LifeSpringInfinity+1","floor":42},{"not_picked":["Runesmith:HammerTime","Runesmith:RuneHurl+1","Runesmith:CraftObretio+1"],"picked":"SKIP","floor":44},{"not_picked":["Runesmith:Overpower+1","Runesmith:FieryHammer","Runesmith:EnergizedChisel"],"picked":"SKIP","floor":46},{"not_picked":["Runesmith:HammerAndChisel+1","Runesmith:Repurpose+1","Runesmith:StaticCage+1"],"picked":"SKIP","floor":48},{"not_picked":["Runesmith:FrozenChisel+1","Runesmith:CraftProtectio+1"],"picked":"Runesmith:CreatorForm+1","floor":54}],"player_experience":404610,"relics_obtained":[{"floor":3,"key":"Lizard Tail"},{"floor":7,"key":"Strawberry"},{"floor":9,"key":"Toxic Egg 2"},{"floor":21,"key":"CaptainsWheel"},{"floor":21,"key":"Calipers"},{"floor":24,"key":"Runesmith:MiniCore"},{"floor":25,"key":"Frozen Egg 2"},{"floor":26,"key":"Gremlin Horn"},{"floor":29,"key":"Ancient Tea Set"},{"floor":34,"key":"Bronze Scales"},{"floor":34,"key":"Sundial"},{"floor":34,"key":"Ice Cream"},{"floor":44,"key":"Runesmith:EmergencyProvisions"},{"floor":46,"key":"Orichalcum"},{"floor":47,"key":"Toy Ornithopter"},{"floor":54,"key":"StoneCalendar"}],"event_choices":[],"is_beta":false,"boss_relics":[{"not_picked":["Astrolabe","Fusion Hammer"],"picked":"Coffee Dripper"},{"not_picked":["SacredBark","Velvet Choker"],"picked":"Calling Bell"}],"items_purged_floors":[13,41],"is_endless":false,"potions_floor_spawned":[7,11,14,16,21,27,29,33,36,37,54],"ascension_level":0}}