{"host":"xp5rvh2jwe2ejyfm","time":1611582028,"event":{"mods":["BaseMod","Downfall","Duelist Mod","GifTheSpireLib","Gremlin Mod","Hermit","Hubris","Minty Spire (QoL Compilation)","Robot Space Explorer","StSLib","The Blackbeard","The Clintock","The Construct","The Cursed","The Disciple","The Forsaken","The Hierophant","The Necromancer","The Runesmith","The Servant 0.9.4"],"gold_per_floor":[132,132,170,207,207,256,256,256,282,315,326,20,20,59,59,158,158,168,186,45,45,45],"floor_reached":21,"language":"ENG","playtime":660,"items_purged":[],"score":181,"play_id":"af28caea-33db-4c44-ae2c-aef004e227c3","local_time":"20210125084028","is_ascension_mode":false,"campfire_choices":[{"floor":7,"key":"REST"},{"floor":15,"key":"REST"}],"circlet_count":0,"master_deck":["RobotSpaceExplorer:Strike","RobotSpaceExplorer:Strike","RobotSpaceExplorer:Strike","RobotSpaceExplorer:Strike","RobotSpaceExplorer:Defend","RobotSpaceExplorer:Defend","RobotSpaceExplorer:Defend","RobotSpaceExplorer:Defend","RobotSpaceExplorer:Scan","RobotSpaceExplorer:MiniLasers","downfall:Malfunctioning","HandOfGreed","RobotSpaceExplorer:GlueShot","Regret","RobotSpaceExplorer:Probe","RobotSpaceExplorer:FreezingShield","RobotSpaceExplorer:MiniDrones","RobotSpaceExplorer:MiniDrones","RobotSpaceExplorer:DoubleFind","RobotSpaceExplorer:Comet","hubris:NaturalOne","RobotSpaceExplorer:Pulsar","RobotSpaceExplorer:Autoloader","RobotSpaceExplorer:StarDust","RobotSpaceExplorer:GlueShot","RobotSpaceExplorer:PlasmaMissile"],"relics":["RobotSpaceExplorer:RoboCore","Shuriken","Boot","Regal Pillow","Juzu Bracelet","Membership Card","Pantograph","hubris:Icosahedron","theForsaken:PaleLantern","Bottled Flame"],"acts_visited":["Exordium","TheCity"],"potions_floor_usage":[16,21],"damage_taken":[{"damage":1,"enemies":"Jaw Worm","floor":1,"turns":4},{"damage":5,"enemies":"2 Louse","floor":3,"turns":3},{"damage":13,"enemies":"Small Slimes","floor":4,"turns":3},{"damage":32,"enemies":"Lagavulin","floor":6,"turns":8},{"damage":7,"enemies":"3 Louse","floor":10,"turns":3},{"damage":4,"enemies":"Large Slime","floor":11,"turns":4},{"damage":12,"enemies":"2 Fungi Beasts","floor":14,"turns":2},{"damage":41,"enemies":"The Guardian","floor":16,"turns":8},{"damage":37,"enemies":"Spheric Guardian","floor":18,"turns":7},{"damage":12,"enemies":"3 Byrds","floor":19,"turns":3},{"damage":35,"enemies":"Sentry and Sphere","floor":21,"turns":5}],"seed_played":"-3662670761540481623","potions_obtained":[{"floor":4,"key":"construct:ShiftPotion"},{"floor":10,"key":"AttackPotion"},{"floor":11,"key":"Guardian:BlockOnCardUsePotion"},{"floor":19,"key":"AttackPotion"}],"is_trial":false,"path_per_floor":["M","?","M","M","?","E","R","T","T","M","M","$","?","M","R","B",null,"M","M","$","M"],"character_chosen":"RobotSpaceExplorer","items_purchased":["Membership Card","Pantograph","RobotSpaceExplorer:Comet","Bottled Flame","RobotSpaceExplorer:PlasmaMissile"],"campfire_rested":2,"item_purchase_floors":[12,12,12,20,20],"current_hp_per_floor":[74,74,69,56,49,17,54,54,54,47,43,43,43,31,68,34,75,38,26,26,0,0],"gold":45,"neow_bonus":"RANDOM_COLORLESS_2","is_daily":false,"chose_seed":false,"campfire_upgraded":0,"win_rate":0.0,"timestamp":1611582028,"path_taken":["M","?","M","M","?","E","R","?","T","M","M","$","?","M","R","BOSS","M","M","$","M"],"items_purchased_type":["Relic","Relic","Card","Relic","Card"],"build_version":"2020-12-22","purchased_purges":0,"victory":false,"max_hp_per_floor":[75,75,75,75,75,75,75,75,75,75,75,75,75,75,75,75,75,75,75,75,75,75],"card_choices":[{"not_picked":["Master of Strategy","Thinking Ahead"],"picked":"HandOfGreed","floor":0},{"not_picked":["RobotSpaceExplorer:Blitz","RobotSpaceExplorer:SlimeMissile"],"picked":"RobotSpaceExplorer:GlueShot","floor":1},{"not_picked":["RobotSpaceExplorer:PlasmaMissile","RobotSpaceExplorer:SurgingStrike"],"picked":"RobotSpaceExplorer:Probe","floor":3},{"not_picked":["RobotSpaceExplorer:FranticSearch","RobotSpaceExplorer:GearShield"],"picked":"RobotSpaceExplorer:FreezingShield","floor":4},{"not_picked":["RobotSpaceExplorer:Electroshield","RobotSpaceExplorer:ScrapMissile"],"picked":"RobotSpaceExplorer:MiniDrones","floor":6},{"not_picked":["RobotSpaceExplorer:GlueShot","RobotSpaceExplorer:StunGrenade"],"picked":"RobotSpaceExplorer:MiniDrones","floor":10},{"not_picked":["RobotSpaceExplorer:StarDust","RobotSpaceExplorer:FrostMissile"],"picked":"RobotSpaceExplorer:DoubleFind","floor":11},{"not_picked":["RobotSpaceExplorer:JunkDive","RobotSpaceExplorer:SurgingShield"],"picked":"RobotSpaceExplorer:Pulsar","floor":14},{"not_picked":["RobotSpaceExplorer:HighVoltage","RobotSpaceExplorer:ShockMissile"],"picked":"RobotSpaceExplorer:Autoloader","floor":16},{"not_picked":["RobotSpaceExplorer:SwiftStep","RobotSpaceExplorer:DualCore+1"],"picked":"RobotSpaceExplorer:StarDust","floor":18},{"not_picked":["RobotSpaceExplorer:SlimeMissile+1","RobotSpaceExplorer:ScrapShield"],"picked":"RobotSpaceExplorer:GlueShot","floor":19}],"player_experience":325677,"relics_obtained":[{"floor":6,"key":"Regal Pillow"},{"floor":8,"key":"Juzu Bracelet"}],"event_choices":[{"damage_healed":0,"gold_gain":0,"player_choice":"Box","damage_taken":0,"relics_obtained":["Shuriken"],"max_hp_gain":0,"max_hp_loss":0,"event_name":"Big Fish","floor":2,"gold_loss":0,"cards_obtained":["Regret"]},{"damage_healed":0,"gold_gain":0,"player_choice":"Success","damage_taken":7,"relics_obtained":["Boot"],"max_hp_gain":0,"max_hp_loss":0,"event_name":"Scrap Ooze","floor":5,"gold_loss":0}],"is_beta":false,"boss_relics":[{"not_picked":["Astrolabe","construct:ClawGrip"],"picked":"theForsaken:PaleLantern"}],"items_purged_floors":[],"is_endless":false,"potions_floor_spawned":[4,10,11,19],"killed_by":"Sentry and Sphere","ascension_level":0}}