{"host":"wppa8gky53tnknhf","time":1611611333,"event":{"mods":["AchievementEnabler","Act Like it!","BaseMod","Beaked The Cultist","Better Third Choice","BetterRewards","Card Forge","Colored Powertips","Energized Spire","Hubris","Infinite Spire","Marked Mod","Minty Spire (QoL Compilation)","Permanent Neow","Quick Restart","Rare Cards Sparkle","Relic Stats","Reliquary","Remove Card Discount Mod","Replay The Spire","Spikes Relics","Spire Birthday Party","StSLib","Wandering Minibosses"],"gold_per_floor":[111,126,30,41,54,80,80,91,91,119,132,144,157,189,189,288,288,300,232,249,261,320,355,355,387,412,428,236,252,281,298,298,393,393,430,478,630,968,511,603,967,1046,1093,1148,1233,1286,1397,1505,1505,1505,1505,1505,1102,1208,1208],"floor_reached":56,"language":"ENG","playtime":2171,"items_purged":[],"score":1886,"play_id":"230595f2-1ef7-4f51-80d4-9c02bf914052","local_time":"20210125214853","is_ascension_mode":true,"campfire_choices":[{"floor":7,"key":"RECALL"},{"floor":15,"key":"DIG"},{"data":"Infernal Blade","floor":32,"key":"SMITH"},{"data":"Shrug It Off","floor":49,"key":"SMITH"},{"floor":52,"key":"REST"}],"circlet_count":0,"master_deck":["Strike_R+1","Strike_R+1","Strike_R+1","Strike_R+1","Strike_R+1","Defend_R+1","Defend_R+1","Defend_R+1","Defend_R+1","Bash+1","Shrug It Off+1","Disarm+1","Shrug It Off+1","Twin Strike+1","Perfected Strike+1","Run Through+1","Bludgeon+1","Shrug It Off+1","Body Slam+1","Clash+1","hubris:StunningStrike+1","AbeCurse","Clash+1","Metallicize+1","Shrug It Off+1","Shockwave+1","Body Slam+1","Spot Weakness+1","Reaper+1","Uppercut+1","Infernal Blade+1","Barricade+1","Rage+1","Entrench+1","BlessedFruit+1","BlessedFruit+1","Shrug It Off+1","Thunderclap+1","Infernal Blade+1","Metallicize+1","Life Link+1","Shrug It Off+1","Life Link+1"],"relics":["Burning Blood","Hammer of Thor","Seething Fire","Anvil of the Gods","hubris:ChampionShield","TungstenRod","Thread and Needle","infinitespire:WardingShard","ReplayTheSpireMod:Spearhead","Abe\u0027s Treasure","Iron Hammer","infinitespire:Joker Card","PreservedInsect","Cursed Key","infinitespire:EvilPickle","HeavenlyBonsai","HandDrill","wanderingMiniBosses:LockLocket","Old Coin","Magic Flower","MiniBlackHole","reliquary:RoseTintedGlasses","OrangePellets","reliquary:Knoch"],"acts_visited":["Exordium","TheCity","TheBeyond","TheEnding"],"potions_floor_usage":[2,10,10,14,16,16,30,33,44,44,47,55,55],"damage_taken":[{"damage":0,"enemies":"Small Slimes","floor":1,"turns":3},{"damage":0,"enemies":"Cultist","floor":2,"turns":2},{"damage":0,"enemies":"2 Louse","floor":4,"turns":2},{"damage":19,"enemies":"Gremlin Gang","floor":5,"turns":6},{"damage":14,"enemies":"3 Sentries","floor":6,"turns":7},{"damage":1,"enemies":"Looter","floor":8,"turns":2},{"damage":0,"enemies":"Gremlin Nob","floor":10,"turns":3},{"damage":0,"enemies":"3 Louse","floor":11,"turns":3},{"damage":0,"enemies":"Blue Slaver","floor":12,"turns":3},{"damage":0,"enemies":"Looter","floor":13,"turns":2},{"damage":5,"enemies":"Large Slime","floor":14,"turns":5},{"damage":0,"enemies":"Fading Forest","floor":16,"turns":11},{"damage":0,"enemies":"Chosen","floor":18,"turns":3},{"damage":0,"enemies":"Spheric Guardian","floor":20,"turns":2},{"damage":0,"enemies":"Cultist and Chosen","floor":21,"turns":5},{"damage":0,"enemies":"3 Cultists","floor":22,"turns":5},{"damage":14,"enemies":"Slavers","floor":23,"turns":5},{"damage":26,"enemies":"Gremlin Leader","floor":25,"turns":6},{"damage":0,"enemies":"Snecko","floor":27,"turns":2},{"damage":0,"enemies":"Shelled Parasite and Fungi","floor":29,"turns":5},{"damage":1,"enemies":"Replay:Snechameleon","floor":30,"turns":2},{"damage":0,"enemies":"3 Cultists","floor":31,"turns":5},{"damage":22,"enemies":"Pondfish","floor":33,"turns":9},{"damage":0,"enemies":"3 Shapes","floor":35,"turns":3},{"damage":0,"enemies":"3 Darklings","floor":36,"turns":4},{"damage":0,"enemies":"Sphere and 2 Shapes","floor":37,"turns":7},{"damage":22,"enemies":"Jaw Worm Horde","floor":38,"turns":7},{"damage":7,"enemies":"Maw","floor":40,"turns":7},{"damage":0,"enemies":"Giant Head","floor":41,"turns":5},{"damage":0,"enemies":"Transient","floor":42,"turns":5},{"damage":6,"enemies":"2 Orb Walkers","floor":44,"turns":5},{"damage":48,"enemies":"Writhing Mass","floor":45,"turns":5},{"damage":0,"enemies":"Reptomancer","floor":47,"turns":5},{"damage":0,"enemies":"Jaw Worm Horde","floor":48,"turns":3},{"damage":19,"enemies":"Donu and Deca","floor":50,"turns":9},{"damage":16,"enemies":"Shield and Spear","floor":54,"turns":6},{"damage":35,"enemies":"The Heart","floor":55,"turns":12}],"seed_played":"-605217113602325951","potions_obtained":[{"floor":1,"key":"Fire Potion"},{"floor":6,"key":"Block Potion"},{"floor":8,"key":"DistilledChaos"},{"floor":10,"key":"Strength Potion"},{"floor":11,"key":"EssenceOfSteel"},{"floor":13,"key":"Energy Potion"},{"floor":25,"key":"AttackPotion"},{"floor":27,"key":"Languid Potion"},{"floor":30,"key":"SteroidPotion"},{"floor":31,"key":"Ancient Potion"},{"floor":41,"key":"SteroidPotion"},{"floor":46,"key":"DistilledChaos"},{"floor":47,"key":"EssenceOfSteel"},{"floor":54,"key":"LiquidBronze"}],"is_trial":false,"path_per_floor":["M","M","?","M","M","E","R","M","T","E","M","M","M","M","R","B",null,"M","$","M","M","M","E","?","E","T","M","$","M","E","M","R","B",null,"M","M","M","M","$","M","E","M","T","?","M","?","E","M","R","B",null,"R","$","E","B",null],"character_chosen":"IRONCLAD","items_purchased":["Metallicize","Spot Weakness","Reaper","HeavenlyBonsai","HandDrill","reliquary:RoseTintedGlasses","OrangePellets","Life Link","Shrug It Off+1"],"campfire_rested":1,"item_purchase_floors":[19,28,28,39,39,53,53,53,53],"current_hp_per_floor":[80,80,80,80,67,59,59,64,64,70,76,80,80,80,80,80,80,80,80,80,80,80,72,72,52,52,58,58,64,69,80,80,64,80,80,80,80,77,77,80,88,92,92,94,61,61,73,104,104,108,108,108,108,107,87],"gold":1208,"neow_bonus":"RANDOM_EVENT","is_daily":false,"chose_seed":false,"campfire_upgraded":2,"win_rate":0.0,"timestamp":1611611333,"path_taken":["M","M","?","M","M","E","R","M","T","E","M","?","M","M","R","BOSS","M","$","M","M","M","E","?","E","T","M","$","?","E","M","R","BOSS","M","M","M","M","$","M","E","M","T","?","M","?","E","M","R","BOSS","R","$","E","BOSS"],"items_purchased_type":["Card","Card","Card","Relic","Relic","Relic","Relic","Card","Card"],"build_version":"2020-12-22","purchased_purges":0,"victory":true,"max_hp_per_floor":[80,80,80,80,80,80,80,80,80,80,80,80,80,80,80,80,80,80,80,80,80,80,80,80,80,80,80,80,80,80,80,80,80,80,80,80,80,80,80,84,88,92,92,94,98,98,100,104,104,108,108,108,108,112,116],"relic_stats":{"OrangePellets":[3],"counters":[37,181],"Magic Flower":[34],"PreservedInsect":287,"HandDrill":[22],"Cursed Key":1,"obtain_stats":[{"Magic Flower":44,"Thread and Needle":9,"Hammer of Thor":0,"infinitespire:Joker Card":25,"PreservedInsect":26,"Seething Fire":0,"HeavenlyBonsai":39,"Cursed Key":34,"Burning Blood":0,"Old Coin":41,"infinitespire:EvilPickle":34,"OrangePellets":53,"ReplayTheSpireMod:Spearhead":15,"infinitespire:WardingShard":10,"Anvil of the Gods":0,"MiniBlackHole":47,"Iron Hammer":23,"reliquary:RoseTintedGlasses":53,"HandDrill":39,"reliquary:Knoch":54,"hubris:ChampionShield":3,"wanderingMiniBosses:LockLocket":40,"TungstenRod":6,"Abe\u0027s Treasure":17},{"Magic Flower":31,"Thread and Needle":6,"Hammer of Thor":0,"infinitespire:Joker Card":18,"PreservedInsect":18,"Seething Fire":0,"HeavenlyBonsai":27,"Cursed Key":23,"Burning Blood":0,"Old Coin":29,"infinitespire:EvilPickle":23,"OrangePellets":35,"ReplayTheSpireMod:Spearhead":11,"infinitespire:WardingShard":7,"Anvil of the Gods":0,"MiniBlackHole":33,"Iron Hammer":17,"reliquary:RoseTintedGlasses":35,"HandDrill":27,"reliquary:Knoch":36,"hubris:ChampionShield":2,"wanderingMiniBosses:LockLocket":28,"TungstenRod":5,"Abe\u0027s Treasure":12},{"Magic Flower":141,"Thread and Needle":22,"Hammer of Thor":0,"infinitespire:Joker Card":75,"PreservedInsect":75,"Seething Fire":0,"HeavenlyBonsai":119,"Cursed Key":98,"Burning Blood":0,"Old Coin":131,"infinitespire:EvilPickle":98,"OrangePellets":163,"ReplayTheSpireMod:Spearhead":38,"infinitespire:WardingShard":25,"Anvil of the Gods":0,"MiniBlackHole":151,"Iron Hammer":69,"reliquary:RoseTintedGlasses":163,"HandDrill":119,"reliquary:Knoch":169,"hubris:ChampionShield":5,"wanderingMiniBosses:LockLocket":126,"TungstenRod":20,"Abe\u0027s Treasure":49}],"Burning Blood":141,"TungstenRod":46},"card_choices":[{"not_picked":["Cleave","Sever Soul"],"picked":"Shrug It Off","floor":1},{"not_picked":["Second Wind","hubris:ReadiedAction"],"picked":"Disarm","floor":2},{"not_picked":["ReplayTheSpireMod:Strike From Hell","Heavy Blade"],"picked":"Shrug It Off","floor":4},{"not_picked":["Evolve","Clothesline"],"picked":"Twin Strike","floor":5},{"not_picked":["True Grit","Life Link"],"picked":"Perfected Strike","floor":6},{"not_picked":["Anger","Ghostly Armor"],"picked":"Run Through","floor":8},{"not_picked":["Pommel Strike","Rupture"],"picked":"Bludgeon","floor":10},{"not_picked":["Sentinel","Battle Trance","ReplayTheSpireMod:Strike From Hell"],"picked":"SKIP","floor":11},{"not_picked":["Rupture","Anger"],"picked":"Shrug It Off","floor":12},{"not_picked":["Perfected Strike","Havoc"],"picked":"Body Slam","floor":13},{"not_picked":["Warcry","Wild Strike"],"picked":"Clash","floor":14},{"not_picked":["Offering","Hemogenesis"],"picked":"hubris:StunningStrike","floor":16},{"not_picked":["Abandon","hubris:ReadiedAction+1"],"picked":"Clash","floor":18},{"not_picked":["Warcry","Dual Wield"],"picked":"Shrug It Off+1","floor":20},{"not_picked":["Flex","True Grit+1"],"picked":"Shockwave+1","floor":21},{"not_picked":["ReplayTheSpireMod:Strike From Hell+1","Fire Breathing","Replay:Undeath\u0027s Touch"],"picked":"SKIP","floor":22},{"not_picked":["ReplayTheSpireMod:Strike From Hell+1","Fire Breathing","Replay:Undeath\u0027s Touch"],"picked":"SKIP","floor":22},{"not_picked":["Seeing Red","Anger+1"],"picked":"Carnage+1","floor":23},{"not_picked":["Replay:Undeath\u0027s Touch+1","ReplayTheSpireMod:Strike From Hell","Shrug It Off"],"picked":"SKIP","floor":25},{"not_picked":["True Grit+1","Searing Blow"],"picked":"Body Slam","floor":27},{"not_picked":["Combust","ReplayTheSpireMod:Limb From Limb+1"],"picked":"Uppercut","floor":29},{"not_picked":["ReplayTheSpireMod:LeadingStrike","Cleave"],"picked":"Infernal Blade","floor":30},{"not_picked":["Replay:Undeath\u0027s Touch","True Grit","hubris:CleavingFinish+1"],"picked":"SKIP","floor":31},{"not_picked":["Juggernaut","Feed"],"picked":"Barricade","floor":33},{"not_picked":["Replay:Undeath\u0027s Touch","Pommel Strike","ReplayTheSpireMod:Corrosion Curse+1"],"picked":"SKIP","floor":35},{"not_picked":["Cleave","ReplayTheSpireMod:Muscle Training+1"],"picked":"Rage+1","floor":36},{"not_picked":["Wild Strike","Perfected Strike+1"],"picked":"Entrench+1","floor":37},{"not_picked":["Life Link","Flex","Armaments"],"picked":"SKIP","floor":38},{"not_picked":["Life Link+1","Seeing Red+1","Heavy Blade+1"],"picked":"SKIP","floor":40},{"not_picked":["Abandon","Uppercut+1"],"picked":"Shrug It Off","floor":41},{"not_picked":["hubris:ReadiedAction+1","Evolve","Sword Boomerang"],"picked":"SKIP","floor":42},{"not_picked":["hubris:CleavingFinish","True Grit"],"picked":"Thunderclap+1","floor":44},{"not_picked":["Headbutt+1","Reckless Charge+1","Clothesline+1"],"picked":"SKIP","floor":45},{"not_picked":["Immolate","Heavy Blade"],"picked":"Infernal Blade+1","floor":46},{"not_picked":["Dark Embrace+1","True Grit"],"picked":"Metallicize+1","floor":46},{"not_picked":["ReplayTheSpireMod:Stacked+1","Battle Trance+1","Pommel Strike+1"],"picked":"SKIP","floor":47},{"not_picked":["ReplayTheSpireMod:LeadingStrike+1","Warcry","Anger"],"picked":"SKIP","floor":48},{"not_picked":["Pommel Strike","ReplayReversal+1"],"picked":"Life Link","floor":54}],"player_experience":773440,"relics_obtained":[{"floor":6,"key":"TungstenRod"},{"floor":9,"key":"Thread and Needle"},{"floor":10,"key":"infinitespire:WardingShard"},{"floor":15,"key":"ReplayTheSpireMod:Spearhead"},{"floor":23,"key":"Iron Hammer"},{"floor":25,"key":"infinitespire:Joker Card"},{"floor":26,"key":"PreservedInsect"},{"floor":40,"key":"wanderingMiniBosses:LockLocket"},{"floor":41,"key":"Old Coin"},{"floor":44,"key":"Magic Flower"},{"floor":47,"key":"MiniBlackHole"},{"floor":54,"key":"reliquary:Knoch"}],"event_choices":[{"damage_healed":0,"gold_gain":0,"player_choice":"Grow","damage_taken":0,"max_hp_gain":0,"max_hp_loss":0,"event_name":"Living Wall","floor":0,"gold_loss":0,"cards_upgraded":["Bash"]},{"damage_healed":0,"gold_gain":0,"player_choice":"Paid Gold","damage_taken":0,"relics_obtained":["hubris:ChampionShield"],"max_hp_gain":0,"max_hp_loss":0,"event_name":"WeMeetAgain","floor":3,"gold_loss":96},{"cards_removed":["Carnage"],"damage_healed":0,"gold_gain":0,"player_choice":"Purged","damage_taken":0,"max_hp_gain":0,"max_hp_loss":0,"event_name":"Purifier","floor":24,"gold_loss":0},{"damage_healed":0,"gold_gain":0,"player_choice":"Fight","damage_taken":0,"max_hp_gain":0,"max_hp_loss":0,"event_name":"Mysterious Sphere","floor":44,"gold_loss":0}],"is_beta":false,"boss_relics":[{"not_picked":["beaked:SacredDeck","hubris:ScarierMask"],"picked":"Abe\u0027s Treasure"},{"not_picked":["Coffee Dripper","Sozu"],"picked":"Cursed Key"}],"items_purged_floors":[],"is_endless":false,"potions_floor_spawned":[1,6,8,10,11,13,25,27,30,31,35,37,38,41,47,48,54],"ascension_level":1}}