{"host":"bpkhhmvsfrvlto2l","time":1611586411,"event":{"mods":["2.2 Compatiblity","AchievementEnabler","Act Like it!","AlwaysNeverKeys","Aspiration","BaseMod","Better Silent Start","Challenge The Spire","Colored Map","Colored Powertips","Custom Start","Energized Spire","Friendly Minions","GifTheSpireLib","Halation","Hubris","Infinite Spire","Ironclad Rager","Mimic Mod","Minty Spire (QoL Compilation)","Permanent Neow","Quick Restart","Random Character Button","Relic Sorter","Replay The Spire","Spikes Relics","StSLib","Stuff the Spire","Swap Starting Deck Mod","Trackpad"],"gold_per_floor":[117,117,117,117,64,64,97,109,139,139,139,139,139,156,156,156,156],"floor_reached":16,"language":"ENG","playtime":303,"items_purged":[],"score":144,"play_id":"23990f36-305f-4d0e-bc46-bb9533103418","local_time":"20210125095331","is_ascension_mode":true,"campfire_choices":[{"data":"Ball Lightning","floor":6,"key":"SMITH"},{"data":"StuffTheSpire:Synthwave","floor":10,"key":"SMITH"},{"floor":13,"key":"REST"},{"data":"Strike_B","floor":15,"key":"PURGE"}],"circlet_count":0,"master_deck":["AscendersBane","Strike_B","Strike_B","Strike_B","Defend_B","Defend_B","Defend_B","Defend_B+1","Zap+1","Dualcast+1","Ball Lightning+1","StuffTheSpire:Synthwave+1","Lockon"],"relics":["Cracked Core","Strawberry","Juzu Bracelet"],"acts_visited":["Exordium"],"potions_floor_usage":[],"damage_taken":[{"damage":10,"enemies":"Small Slimes","floor":1,"turns":3},{"damage":24,"enemies":"3 Sentries","floor":7,"turns":6},{"damage":7,"enemies":"Jaw Worm","floor":8,"turns":3},{"damage":0,"enemies":"Cultist","floor":9,"turns":4},{"damage":0,"enemies":"Cultist","floor":14,"turns":3},{"damage":55,"enemies":"Fading Forest","floor":16,"turns":9}],"seed_played":"-3123516861866639393","potions_obtained":[{"floor":14,"key":"Strength Potion"}],"is_trial":false,"path_per_floor":["M","$","?","?","$","R","E","M","MIM","R","$","?","R","M","R_BF","B"],"character_chosen":"DEFECT","items_purchased":["Ball Lightning"],"campfire_rested":1,"item_purchase_floors":[5],"current_hp_per_floor":[58,58,58,58,58,58,41,34,34,34,34,34,58,58,58,15,15],"gold":156,"neow_bonus":"UPGRADE_CARD","is_daily":false,"chose_seed":false,"campfire_upgraded":2,"win_rate":0.0,"timestamp":1611586411,"path_taken":["M","$","?","?","?","R","E","M","MIM","R","$","?","R","M","R_BF","BOSS"],"items_purchased_type":["Card"],"build_version":"2020-12-22","purchased_purges":0,"victory":false,"max_hp_per_floor":[75,75,75,75,75,75,82,82,82,82,82,82,82,82,82,82,82],"card_choices":[{"not_picked":["Cold Snap","Leap"],"picked":"StuffTheSpire:Synthwave","floor":7},{"not_picked":["Coolheaded","ReplayGash"],"picked":"Lockon","floor":14}],"player_experience":106881,"relics_obtained":[{"floor":7,"key":"Strawberry"},{"floor":9,"key":"Juzu Bracelet"}],"event_choices":[{"damage_healed":0,"gold_gain":0,"player_choice":"Fled","damage_taken":0,"max_hp_gain":0,"max_hp_loss":0,"event_name":"Scrap Ooze","floor":12,"gold_loss":0}],"is_beta":false,"boss_relics":[],"items_purged_floors":[],"is_endless":false,"potions_floor_spawned":[14],"killed_by":"Fading Forest","ascension_level":10}}