{"host":"0fmi5fguj5lvt8pf","time":1611554305,"event":{"mods":["BaseMod","Colored Map","Curses Come First","Downfall","Minty Spire (QoL Compilation)","Permanent Neow","StSLib"],"gold_per_floor":[99,113,563,563,563,638,638,654,683,683,708,708,708,708,719,719,719,719],"floor_reached":16,"language":"ENG","playtime":604,"items_purged":[],"score":96,"play_id":"d58b1ffc-a577-4c92-a9cd-d29ae6975713","local_time":"20210124215825","is_ascension_mode":false,"campfire_choices":[{"data":"bronze:InfiniteLoop","floor":1.0,"key":"SMITH"},{"data":"bronze:Goto","floor":10.0,"key":"SMITH"},{"floor":13.0,"key":"REST"}],"circlet_count":0,"master_deck":["bronze:Strike","bronze:Strike","bronze:Strike","bronze:Strike","bronze:Defend","bronze:Defend","bronze:Defend","bronze:Defend","bronze:Replicate","bronze:Goto+1","Normality","bronze:InfiniteLoop+1","bronze:ForLoop","downfall:Icky","downfall:Icky","downfall:Icky","bronze:InfiniteBeams","bronze:BronzeOrb","bronze:Constructor"],"relics":["bronze:BronzeCore","bronze:CableSpool","Odd Mushroom","bronze:ProtectiveGoggles","Boot"],"acts_visited":["Exordium"],"potions_floor_usage":[16],"damage_taken":[{"damage":8.0,"enemies":"Small Slimes","floor":2.0,"turns":3.0},{"damage":0.0,"enemies":"2 Louse","floor":8.0,"turns":3.0},{"damage":21.0,"enemies":"The Mushroom Lair","floor":9.0,"turns":3.0},{"damage":35.0,"enemies":"3 Sentries","floor":11.0,"turns":7.0},{"damage":0.0,"enemies":"Cultist","floor":12.0,"turns":1.0},{"damage":0.0,"enemies":"3 Louse","floor":15.0,"turns":2.0},{"damage":24,"enemies":"DF_ARCHETYPE_STREAMLINE","floor":16,"turns":6}],"seed_played":"-3342693464424193055","potions_obtained":[{"floor":15.0,"key":"SpeedPotion"}],"is_trial":false,"path_per_floor":["R","M","?","?","?","?","T","M","?","R","E","M","R","?","M","B"],"character_chosen":"THE_AUTOMATON","items_purchased":[],"campfire_rested":1,"item_purchase_floors":[],"current_hp_per_floor":[70,62,62,62,67,75,75,75,54,54,19,19,41,29,29,5,5,5],"gold":719,"neow_bonus":"THREE_RARE_CARDS","is_daily":false,"chose_seed":false,"campfire_upgraded":2,"win_rate":0.0,"timestamp":1611554305,"path_taken":["R","M","?","?","?","?","T","?","?","R","E","M","R","?","M","BOSS"],"items_purchased_type":[],"build_version":"2020-12-22","purchased_purges":0,"victory":false,"max_hp_per_floor":[70,70,70,70,75,75,75,75,75,75,75,75,75,75,75,75,75,75],"card_choices":[{"not_picked":["bronze:Mutator","bronze:Virus"],"picked":"bronze:InfiniteLoop","floor":0.0},{"not_picked":["bronze:Iterate","bronze:Turbo"],"picked":"bronze:ForLoop","floor":2.0},{"not_picked":["bronze:BugBarrage","bronze:Separator","bronze:Deprecate"],"picked":"SKIP","floor":8.0},{"not_picked":["bronze:Shell","bronze:BuggyMess"],"picked":"bronze:InfiniteBeams","floor":9.0},{"not_picked":["bronze:BronzeArmor","bronze:InfiniteBeams"],"picked":"bronze:BronzeOrb","floor":11.0},{"not_picked":["bronze:Flail","bronze:Allocate"],"picked":"bronze:Constructor","floor":12.0},{"not_picked":["bronze:Turbo","bronze:BitShift","bronze:Branch"],"picked":"SKIP","floor":15.0}],"player_experience":1398255,"relics_obtained":[{"floor":7.0,"key":"bronze:CableSpool"},{"floor":9.0,"key":"Odd Mushroom"},{"floor":11.0,"key":"bronze:ProtectiveGoggles"}],"event_choices":[{"damage_healed":0.0,"max_hp_gain":5.0,"max_hp_loss":0.0,"gold_gain":0.0,"event_name":"Big Fish","player_choice":"Donut","floor":5.0,"gold_loss":0.0,"damage_taken":0.0},{"damage_healed":0.0,"max_hp_gain":0.0,"max_hp_loss":0.0,"gold_gain":0.0,"event_name":"Mushrooms","player_choice":"Fought Mushrooms","floor":9.0,"gold_loss":0.0,"damage_taken":0.0},{"damage_healed":0.0,"max_hp_gain":0.0,"max_hp_loss":0.0,"gold_gain":0.0,"event_name":"Scrap Ooze","player_choice":"Success","floor":14.0,"gold_loss":0.0,"damage_taken":12.0,"relics_obtained":["Boot"]}],"is_beta":false,"boss_relics":[],"items_purged_floors":[],"is_endless":false,"potions_floor_spawned":[15],"killed_by":"DF_ARCHETYPE_STREAMLINE","ascension_level":0}}