{"host":"vyjryxuuuxkt43k4","time":1611582650,"event":{"mods":["AchievementEnabler","BaseMod","Colored Map","DeckTracker","Keyboard Shortcuts","Minty Spire (QoL Compilation)","Permanent Neow","Quick Restart","Rare Cards Sparkle","StSLib","SuperFastMode","everything is the same but u backflip on backflip"],"gold_per_floor":[118,136,153,9,9,34,34,67,67,87,87,87,162,211,211,312,312,324,165,177,28,41,76,76,109,109,109,9,20,20,35,35,135,135,149,159,159,159,174,174,206,206,206,220,220,238,238,33,33,33,33],"floor_reached":50,"language":"KOR","playtime":2883,"items_purged":["Strike_G","Strike_G","Pain"],"score":829,"play_id":"92c8710e-b0df-4c49-9504-60bcc8647245","local_time":"20210125225050","is_ascension_mode":true,"campfire_choices":[{"floor":7.0,"key":"REST"},{"data":"Skewer","floor":12.0,"key":"SMITH"},{"floor":15.0,"key":"REST"},{"floor":24.0,"key":"REST"},{"floor":27.0,"key":"REST"},{"floor":30.0,"key":"REST"},{"floor":32.0,"key":"REST"},{"data":"Calculated Gamble","floor":40.0,"key":"SMITH"},{"floor":42.0,"key":"REST"},{"floor":45.0,"key":"REST"},{"floor":49.0,"key":"RECALL"}],"circlet_count":0,"master_deck":["AscendersBane","Defend_G+1","Defend_G","Defend_G","Defend_G","Survivor+1","Neutralize","Skewer+1","Bouncing Flask","Noxious Fumes","Well Laid Plans","Heel Hook","Footwork","After Image","Corpse Explosion","Cloak And Dagger","Calculated Gamble+1","Sucker Punch+1","Endless Agony+1","PiercingWail","Dodge and Roll","Wraith Form v2","Noxious Fumes+1","Crippling Poison+1","Storm of Steel+1","PiercingWail","Underhanded Strike+1","Transmutation","Deflect+1","Terror+1","Regret","Heel Hook+1","Flechettes+1"],"relics":["Ring of the Snake","StoneCalendar","War Paint","Bottled Lightning","Potion Belt","Mango","Nunchaku","Cursed Key","Mummified Hand","Bag of Marbles","The Courier","Astrolabe","Pen Nib","Bag of Preparation"],"acts_visited":["Exordium","TheCity","TheBeyond"],"potions_floor_usage":[50,50,50],"damage_taken":[{"damage":0.0,"enemies":"Jaw Worm","floor":1.0,"turns":6.0},{"damage":0.0,"enemies":"2 Louse","floor":2.0,"turns":5.0},{"damage":1.0,"enemies":"Cultist","floor":3.0,"turns":3.0},{"damage":40.0,"enemies":"Gremlin Nob","floor":6.0,"turns":5.0},{"damage":9.0,"enemies":"Lagavulin","floor":8.0,"turns":6.0},{"damage":9.0,"enemies":"Red Slaver","floor":10.0,"turns":4.0},{"damage":30.0,"enemies":"The Guardian","floor":16.0,"turns":9.0},{"damage":5.0,"enemies":"Chosen","floor":18.0,"turns":5.0},{"damage":7.0,"enemies":"Spheric Guardian","floor":20.0,"turns":4.0},{"damage":8.0,"enemies":"Snake Plant","floor":22.0,"turns":4.0},{"damage":33.0,"enemies":"Slavers","floor":23.0,"turns":4.0},{"damage":26.0,"enemies":"Gremlin Leader","floor":25.0,"turns":7.0},{"damage":24.0,"enemies":"Cultist and Chosen","floor":29.0,"turns":6.0},{"damage":1.0,"enemies":"Shelled Parasite and Fungi","floor":31.0,"turns":7.0},{"damage":35.0,"enemies":"Automaton","floor":33.0,"turns":12.0},{"damage":10.0,"enemies":"Orb Walker","floor":35.0,"turns":5.0},{"damage":1.0,"enemies":"3 Shapes","floor":36.0,"turns":3.0},{"damage":12.0,"enemies":"Jaw Worm Horde","floor":39.0,"turns":2.0},{"damage":26.0,"enemies":"Reptomancer","floor":41.0,"turns":6.0},{"damage":16.0,"enemies":"Sphere and 2 Shapes","floor":44.0,"turns":5.0},{"damage":14.0,"enemies":"Writhing Mass","floor":46.0,"turns":5.0},{"damage":41,"enemies":"Time Eater","floor":50,"turns":6}],"seed_played":"1685991402234026268","potions_obtained":[{"floor":3.0,"key":"SkillPotion"},{"floor":6.0,"key":"BlessingOfTheForge"},{"floor":8.0,"key":"ColorlessPotion"},{"floor":16.0,"key":"Strength Potion"},{"floor":18.0,"key":"SpeedPotion"},{"floor":22.0,"key":"PowerPotion"},{"floor":23.0,"key":"DuplicationPotion"},{"floor":33.0,"key":"Block Potion"},{"floor":35.0,"key":"ColorlessPotion"},{"floor":36.0,"key":"DistilledChaos"},{"floor":44.0,"key":"AttackPotion"},{"floor":46.0,"key":"SkillPotion"}],"is_trial":false,"path_per_floor":["M","M","M","$","?","E","R","E","T","M","?","R","?","T","R","B",null,"M","$","M","$","M","E","R","E","T","R","$","M","R","M","R","B",null,"M","M","?","?","M","R","E","R","T","M","R","M","T","$","R","B"],"character_chosen":"THE_SILENT","items_purchased":["Well Laid Plans","Corpse Explosion","Fire Potion","Bag of Preparation","Weak Potion","Poison Potion"],"campfire_rested":8,"item_purchase_floors":[4,19,21,48,48,48],"current_hp_per_floor":[63,63,62,62,67,27,47,38,38,29,36,36,25,25,49,19,66,61,61,54,54,46,13,37,11,11,35,35,11,35,34,58,23,67,57,56,56,56,44,44,18,42,42,26,50,36,36,36,36,0,0],"gold":33,"neow_bonus":"ONE_RARE_RELIC","is_daily":false,"chose_seed":false,"campfire_upgraded":2,"win_rate":0.0,"timestamp":1611582650,"path_taken":["M","M","M","$","?","E","R","E","T","M","?","R","?","?","R","BOSS","M","$","M","$","M","E","R","E","T","R","?","M","R","M","R","BOSS","M","M","?","?","M","R","E","R","T","M","R","M","?","?","R","BOSS"],"items_purchased_type":["Card","Card","Potion","Relic","Potion","Potion"],"build_version":"2020-12-22","purchased_purges":3,"victory":false,"max_hp_per_floor":[63,63,63,63,68,68,68,68,68,68,82,82,82,82,82,82,82,82,82,82,82,82,82,82,82,82,82,82,82,82,82,82,82,82,82,82,82,82,82,82,82,82,82,82,82,82,82,82,82,82,82],"card_choices":[{"not_picked":["Slice","Underhanded Strike"],"picked":"Skewer","floor":1.0},{"not_picked":["PiercingWail","Deflect"],"picked":"Bouncing Flask","floor":2.0},{"not_picked":["Masterful Stab","Flying Knee"],"picked":"Noxious Fumes","floor":3.0},{"not_picked":["Prepared","Calculated Gamble"],"picked":"Heel Hook","floor":6.0},{"not_picked":["Noxious Fumes","Calculated Gamble"],"picked":"Footwork","floor":8.0},{"not_picked":["Well Laid Plans","Sucker Punch","Skewer"],"picked":"SKIP","floor":10.0},{"not_picked":["Corpse Explosion","A Thousand Cuts"],"picked":"After Image","floor":16.0},{"not_picked":["Prepared","Underhanded Strike","Finisher"],"picked":"SKIP","floor":18.0},{"not_picked":["Dagger Throw","Footwork"],"picked":"Cloak And Dagger","floor":20.0},{"not_picked":["Slice","Bouncing Flask"],"picked":"Calculated Gamble","floor":22.0},{"not_picked":["Deadly Poison","Eviscerate"],"picked":"Sucker Punch+1","floor":23.0},{"not_picked":["Blade Dance","Doppelganger"],"picked":"Endless Agony+1","floor":25.0},{"not_picked":["Slice+1","Outmaneuver"],"picked":"PiercingWail","floor":29.0},{"not_picked":["Infinite Blades","Concentrate"],"picked":"Dodge and Roll","floor":31.0},{"not_picked":["Envenom","Corpse Explosion"],"picked":"Wraith Form v2","floor":33.0},{"not_picked":["Flying Knee","Dash"],"picked":"PiercingWail","floor":35.0},{"not_picked":["PiercingWail","Concentrate"],"picked":"Underhanded Strike+1","floor":36.0},{"not_picked":["Mind Blast","Madness"],"picked":"Transmutation","floor":38.0},{"not_picked":["Infinite Blades","Dodge and Roll"],"picked":"Deflect+1","floor":39.0},{"not_picked":["Cloak And Dagger","Footwork"],"picked":"Terror+1","floor":41.0},{"not_picked":["PiercingWail","Flechettes"],"picked":"Heel Hook+1","floor":44.0},{"not_picked":["Slice","Dodge and Roll"],"picked":"Flechettes+1","floor":46.0}],"player_experience":336399,"relics_obtained":[{"floor":6.0,"key":"War Paint"},{"floor":8.0,"key":"Bottled Lightning"},{"floor":9.0,"key":"Potion Belt"},{"floor":14.0,"key":"Nunchaku"},{"floor":23.0,"key":"Mummified Hand"},{"floor":25.0,"key":"Bag of Marbles"},{"floor":26.0,"key":"The Courier"},{"floor":41.0,"key":"Pen Nib"}],"event_choices":[{"damage_healed":0.0,"max_hp_gain":5.0,"max_hp_loss":0.0,"gold_gain":0.0,"event_name":"Big Fish","player_choice":"Donut","floor":5.0,"gold_loss":0.0,"damage_taken":0.0},{"damage_healed":0.0,"max_hp_gain":0.0,"max_hp_loss":0.0,"gold_gain":0.0,"event_name":"Scrap Ooze","player_choice":"Success","floor":11.0,"gold_loss":0.0,"damage_taken":7.0,"relics_obtained":["Mango"]},{"damage_healed":0.0,"max_hp_gain":0.0,"max_hp_loss":0.0,"gold_gain":75.0,"event_name":"World of Goop","player_choice":"Gather Gold","floor":13.0,"gold_loss":0.0,"damage_taken":11.0},{"cards_removed":["Defend_G"],"damage_healed":0.0,"max_hp_gain":0.0,"max_hp_loss":0.0,"gold_gain":0.0,"event_name":"Falling","player_choice":"Removed Skill","floor":37.0,"gold_loss":0.0,"damage_taken":0.0},{"damage_healed":0.0,"max_hp_gain":0.0,"max_hp_loss":0.0,"gold_gain":0.0,"event_name":"SensoryStone","player_choice":"Memory 1","floor":38.0,"gold_loss":0.0,"damage_taken":0.0}],"is_beta":false,"boss_relics":[{"not_picked":["Pandora\u0027s Box","Tiny House"],"picked":"Cursed Key"},{"not_picked":["Snecko Eye","Calling Bell"],"picked":"Astrolabe"}],"items_purged_floors":[4,21,28],"is_endless":false,"potions_floor_spawned":[3,6,8,16,18,22,23,33,35,36,44,46],"killed_by":"Time Eater","ascension_level":12}}