{"host":"ty7uytdfitsmf36k","time":1611613016,"event":{"mods":["AchievementEnabler","BaseMod","Colored Map","Colored Powertips","DeckTracker","Downfall","Infinite Spire","Minty Spire (QoL Compilation)","Relic Stats","Replay The Spire","Spire Arcade","StSLib","SuperFastMode","The Jungle","Wandering Minibosses"],"gold_per_floor":[112,129,146,158,158,158,158,190,190,190,208,221,246,266,297,297,400,400,417,435,446,446,65,65,76,86,162,162,173,173,173],"floor_reached":30,"language":"ENG","playtime":1121,"items_purged":["Sickly"],"score":397,"play_id":"e1d61bd4-a1bc-43f2-85b5-fe9e4676e9c8","local_time":"20210125171656","is_ascension_mode":true,"campfire_choices":[{"data":"Replay:Battleflow","floor":7.0,"key":"SMITH"},{"data":"Sanctity","floor":9.0,"key":"SMITH"},{"data":"Adaptation","floor":16,"key":"SMITH"},{"data":"DeusExMachina","floor":24,"key":"SMITH"},{"floor":28,"key":"REST"}],"circlet_count":0,"master_deck":["Strike_P+1","Strike_P","Strike_P+1","Defend_P+1","Defend_P","Defend_P","Defend_P+1","Eruption+1","Vigilance","Sanctity+1","Replay:Battleflow+1","EmptyFist","Wallop+1","CrushJoints+1","DeusExMachina+1","Adaptation+1","ReplayTheSpireMod:Splinters","Decay","Adaptation+1","SashWhip+1","LessonLearned+1","Study","InnerPeace"],"relics":["PureWater","Replay:Mystery Machine","Molten Egg 2","StoneCalendar","Replay:Ancient Bell","Slimebound:StickyStick","Mummified Hand","TungstenRod","theJungle:WildStrawberry","Pet Ghost","BranchBurnRelic","StrikeDummy"],"acts_visited":["Exordium","theJungle:Jungle"],"potions_floor_usage":[19],"damage_taken":[{"damage":0.0,"enemies":"Cultist","floor":1.0,"turns":2.0},{"damage":1.0,"enemies":"Jaw Worm","floor":2.0,"turns":3.0},{"damage":0.0,"enemies":"infinitespire:Voidling","floor":3.0,"turns":3.0},{"damage":4.0,"enemies":"Gremlin Gang","floor":4.0,"turns":4.0},{"damage":6.0,"enemies":"3 Sentries","floor":8.0,"turns":5.0},{"damage":0.0,"enemies":"Looter","floor":11.0,"turns":2.0},{"damage":0.0,"enemies":"Exordium Wildlife","floor":12.0,"turns":3.0},{"damage":0.0,"enemies":"Replay:BlueRogue","floor":13.0,"turns":3.0},{"damage":0.0,"enemies":"2 Fungi Beasts","floor":14.0,"turns":2.0},{"damage":8.0,"enemies":"Gremlin Nob","floor":15.0,"turns":3.0},{"damage":0,"enemies":"Hexaghost","floor":17,"turns":6},{"damage":6,"enemies":"theJungle:MUSHROOMGANG","floor":19,"turns":3},{"damage":0,"enemies":"theJungle:GiantWrat","floor":20,"turns":3},{"damage":8,"enemies":"theJungle:JungleHuntersEncounter","floor":21,"turns":7},{"damage":11,"enemies":"theJungle:2_Snecko_Cultists","floor":25,"turns":3},{"damage":27,"enemies":"Snake Plant","floor":26,"turns":4},{"damage":26,"enemies":"theJungle:Snecko_Cultist_And_Trap","floor":29,"turns":6},{"damage":0,"enemies":"Nightmare","floor":30,"turns":2}],"seed_played":"8110638972584974457","potions_obtained":[{"floor":2.0,"key":"Adrenaline Potion"},{"floor":4.0,"key":"SkillPotion"},{"floor":11.0,"key":"infinitespire:BlackPotion"},{"floor":17,"key":"LifebloodPotion"},{"floor":25,"key":"Elixir"},{"floor":26,"key":"Block Potion"},{"floor":29,"key":"Languid Potion"}],"is_trial":false,"path_per_floor":["M","M","M","M","?","?","R","E","R","T","M","M","E","M","E","R","B",null,"M","M","M","?","$","R","M","M","T","R","M","NM"],"character_chosen":"WATCHER","items_purchased":["Pet Ghost","LessonLearned+1"],"campfire_rested":1,"item_purchase_floors":[23,23],"current_hp_per_floor":[72,71,71,67,67,53,53,47,47,47,47,47,47,47,39,39,39,72,66,66,58,52,52,52,50,23,23,46,35,35,35],"gold":173,"neow_bonus":"UPGRADE_CARD","is_daily":false,"chose_seed":false,"campfire_upgraded":4,"win_rate":0.0,"timestamp":1611613016,"path_taken":["M","M","M","M","?","?","R","E","R","T","M","?","E","M","E","R","BOSS","M","?","?","?","$","R","M","M","T","R","M","NM"],"items_purchased_type":["Relic","Card"],"build_version":"2020-12-22","purchased_purges":1,"victory":false,"max_hp_per_floor":[72,72,72,72,72,72,72,72,72,72,72,72,72,72,72,72,72,72,72,72,72,79,79,79,79,79,79,79,79,79,79],"relic_stats":{"counters":[18,64],"Mummified Hand":[13],"StoneCalendar":[0],"obtain_stats":[{"Dead Branch":15,"StoneCalendar":13,"Replay:Ancient Bell":18,"Replay:Mystery Machine":8,"Pet Ghost":23,"BranchBurnRelic":24,"Slimebound:StickyStick":18,"Mummified Hand":18,"Molten Egg 2":10,"theJungle:WildStrawberry":22,"PureWater":0,"StrikeDummy":27,"TungstenRod":18},{"Dead Branch":10,"StoneCalendar":8,"Replay:Ancient Bell":11,"Replay:Mystery Machine":5,"Pet Ghost":14,"BranchBurnRelic":14,"Slimebound:StickyStick":11,"Mummified Hand":11,"Molten Egg 2":5,"theJungle:WildStrawberry":14,"PureWater":0,"StrikeDummy":16,"TungstenRod":11},{"Dead Branch":30,"StoneCalendar":25,"Replay:Ancient Bell":36,"Replay:Mystery Machine":17,"Pet Ghost":49,"BranchBurnRelic":49,"Slimebound:StickyStick":36,"Mummified Hand":36,"Molten Egg 2":17,"theJungle:WildStrawberry":49,"PureWater":0,"StrikeDummy":56,"TungstenRod":36}],"TungstenRod":18},"card_choices":[{"not_picked":["Nirvana","Protect"],"picked":"Sanctity","floor":1.0},{"not_picked":["Fasting2","Crescendo"],"picked":"Replay:Battleflow","floor":2.0},{"not_picked":["JustLucky","Halt","Protect"],"picked":"SKIP","floor":3.0},{"not_picked":["Weave","Blasphemy"],"picked":"EmptyFist","floor":4.0},{"not_picked":["Halt","SandsOfTime","ForeignInfluence"],"picked":"SKIP","floor":8.0},{"not_picked":["Prostrate","ReachHeaven+1"],"picked":"CrushJoints+1","floor":11.0},{"not_picked":["Replay:ManipulateFuture","ClearTheMind"],"picked":"DeusExMachina","floor":12.0},{"not_picked":["Wireheading","WaveOfTheHand"],"picked":"Adaptation","floor":13.0},{"not_picked":["SashWhip+1","Consecrate+1","Evaluate"],"picked":"SKIP","floor":14.0},{"not_picked":["Perseverance","Conclude+1","Consecrate+1"],"picked":"SKIP","floor":15},{"not_picked":["Replay:Hysterical Blindness","infinitespire:Pacifist"],"picked":"ReplayTheSpireMod:Splinters","floor":18},{"not_picked":["Spreading Infection","AbeCurse"],"picked":"Sickly","floor":18},{"not_picked":["ReplayTheSpireMod:Faulty Equipment","Looming Evil"],"picked":"Decay","floor":18},{"not_picked":["ReachHeaven+1","Worship+1","LikeWater"],"picked":"SKIP","floor":19},{"not_picked":["ReachHeaven+1","Worship+1","LikeWater"],"picked":"SKIP","floor":19},{"not_picked":["ReachHeaven+1","Worship+1","LikeWater"],"picked":"SKIP","floor":19},{"not_picked":["ConjureBlade","EmptyFist+1"],"picked":"Adaptation+1","floor":20},{"not_picked":["WheelKick+1","CrushJoints+1"],"picked":"SashWhip+1","floor":21},{"not_picked":["Study","CrushJoints+1","CutThroughFate+1"],"picked":"SKIP","floor":25},{"not_picked":["CrushJoints+1","CutThroughFate+1"],"picked":"Study","floor":25},{"not_picked":["Prostrate+1","Halt","BowlingBash+1"],"picked":"SKIP","floor":26},{"not_picked":["FlyingSleeves+1","SpiritShield"],"picked":"InnerPeace","floor":29}],"player_experience":187191,"relics_obtained":[{"floor":8.0,"key":"Replay:Mystery Machine"},{"floor":10.0,"key":"Molten Egg 2"},{"floor":13.0,"key":"StoneCalendar"},{"floor":15,"key":"Dead Branch"},{"floor":27,"key":"StrikeDummy"}],"event_choices":[{"damage_healed":0.0,"max_hp_gain":0.0,"max_hp_loss":0.0,"gold_gain":0.0,"cards_transformed":["Strike_P"],"event_name":"Living Wall","player_choice":"Change","floor":5.0,"gold_loss":0.0,"damage_taken":0.0,"cards_obtained":["Wallop"]},{"damage_healed":0.0,"max_hp_gain":0.0,"max_hp_loss":0.0,"gold_gain":0.0,"event_name":"Shining Light","player_choice":"Entered Light","floor":6.0,"gold_loss":0.0,"damage_taken":14.0,"cards_upgraded":["Strike_P","Wallop"]}],"is_beta":false,"boss_relics":[{"not_picked":["Fusion Hammer","infinitespire:Cupcake"],"picked":"Replay:Ancient Bell"},{"not_picked":["Simple Rune","MawBank"],"picked":"Slimebound:StickyStick"},{"not_picked":["Garlic","infinitespire:ShieldingShard"],"picked":"Mummified Hand"},{"not_picked":["Bird Faced Urn","Prayer Wheel"],"picked":"TungstenRod"}],"items_purged_floors":[23],"is_endless":false,"potions_floor_spawned":[2,4,11,17,25,26,29],"killed_by":"Nightmare","ascension_level":4}}