{"host":"h1qktzcccqnez8tx","time":1611610771,"event":{"mods":["AchievementEnabler","BaseMod","Bestiary","Better Note","Block Reminder","Colored Map","Colored Powertips","Curses Come First","Highlight Path","Minty Spire (QoL Compilation)","Permanent Neow","Quick Restart","Relic Stats","StSLib","UnlockEverythingMod"],"gold_per_floor":[369,319,335,346,21,21,48,48,48,48,113,113,0,0,0,0,0],"floor_reached":16,"language":"ENG","playtime":526,"items_purged":[],"score":144,"play_id":"7e6c907a-72b6-4ec6-94ef-e7de24562f55","local_time":"20210125223931","is_ascension_mode":true,"campfire_choices":[{"data":"True Grit","floor":6,"key":"SMITH"},{"data":"Pommel Strike","floor":8,"key":"SMITH"},{"floor":12,"key":"REST"},{"data":"Rampage","floor":15,"key":"SMITH"}],"circlet_count":0,"master_deck":["AscendersBane","Strike_R","Strike_R","Strike_R","Defend_R","Defend_R","Defend_R","Defend_R","Bash","Pommel Strike+1","True Grit+1","Headbutt","Second Wind","Limit Break","Rampage+1","Burning Pact","Spot Weakness"],"relics":["Burning Blood","Membership Card","Red Skull","Juzu Bracelet","Frozen Egg 2","Meat on the Bone","HornCleat"],"acts_visited":["Exordium"],"potions_floor_usage":[11,16,16,16],"damage_taken":[{"damage":1,"enemies":"Cultist","floor":1,"turns":3},{"damage":2,"enemies":"Small Slimes","floor":3,"turns":4},{"damage":1,"enemies":"2 Louse","floor":4,"turns":5},{"damage":41,"enemies":"3 Sentries","floor":7,"turns":10},{"damage":46,"enemies":"Gremlin Nob","floor":11,"turns":5},{"damage":53,"enemies":"Slime Boss","floor":16,"turns":7}],"seed_played":"-1544854091118681556","potions_obtained":[{"floor":1,"key":"SkillPotion"},{"floor":7,"key":"Fruit Juice"},{"floor":11,"key":"DistilledChaos"}],"is_trial":false,"path_per_floor":["M","?","M","M","$","R","E","R","T","?","?","R","$","?","R","B"],"character_chosen":"IRONCLAD","items_purchased":["Membership Card","Red Skull","Second Wind","Juzu Bracelet","Burning Pact","Spot Weakness","CultistPotion"],"campfire_rested":1,"item_purchase_floors":[5,5,5,5,13,13,13],"current_hp_per_floor":[72,72,72,72,72,72,37,37,37,42,19,43,43,43,43,0,0],"gold":0,"neow_bonus":"TWO_FIFTY_GOLD","is_daily":false,"chose_seed":false,"campfire_upgraded":3,"win_rate":0.0,"timestamp":1611610771,"path_taken":["M","?","M","M","$","R","E","R","T","?","?","R","?","?","R","BOSS"],"items_purchased_type":["Relic","Relic","Card","Relic","Card","Card","Potion"],"build_version":"2020-12-22","purchased_purges":0,"victory":false,"max_hp_per_floor":[72,72,72,72,72,72,72,72,72,77,82,82,82,82,82,82,82],"relic_stats":{"counters":[6,34],"Juzu Bracelet":1,"obtain_stats":[{"HornCleat":11,"Juzu Bracelet":5,"Membership Card":5,"Frozen Egg 2":7,"Burning Blood":0,"Red Skull":5,"Meat on the Bone":9},{"HornCleat":5,"Juzu Bracelet":3,"Membership Card":3,"Frozen Egg 2":4,"Burning Blood":0,"Red Skull":3,"Meat on the Bone":4},{"HornCleat":27,"Juzu Bracelet":12,"Membership Card":12,"Frozen Egg 2":22,"Burning Blood":0,"Red Skull":12,"Meat on the Bone":22}],"Burning Blood":16,"Meat on the Bone":12},"card_choices":[{"not_picked":["Warcry","Flex"],"picked":"Pommel Strike","floor":1},{"not_picked":["Headbutt","Intimidate"],"picked":"True Grit","floor":3},{"not_picked":["Twin Strike","Dual Wield"],"picked":"Headbutt","floor":4},{"not_picked":["Shockwave","Clothesline"],"picked":"Limit Break","floor":7},{"not_picked":["Dropkick","Ghostly Armor"],"picked":"Rampage","floor":11}],"player_experience":157657,"relics_obtained":[{"floor":7,"key":"Frozen Egg 2"},{"floor":9,"key":"Meat on the Bone"},{"floor":11,"key":"HornCleat"}],"event_choices":[{"cards_removed":["Strike_R"],"damage_healed":0,"gold_gain":0,"player_choice":"Card Removal","damage_taken":0,"max_hp_gain":0,"max_hp_loss":0,"event_name":"The Cleric","floor":2,"gold_loss":50},{"damage_healed":0,"gold_gain":0,"player_choice":"Donut","damage_taken":0,"max_hp_gain":5,"max_hp_loss":0,"event_name":"Big Fish","floor":10,"gold_loss":0},{"damage_healed":0,"gold_gain":30,"player_choice":"Searched \u00272\u0027 times","damage_taken":0,"max_hp_gain":0,"max_hp_loss":0,"event_name":"Dead Adventurer","floor":11,"gold_loss":0},{"cards_removed":["Strike_R"],"damage_healed":0,"gold_gain":0,"player_choice":"Card Removal","damage_taken":0,"max_hp_gain":0,"max_hp_loss":0,"event_name":"Wheel of Change","floor":14,"gold_loss":0}],"is_beta":false,"boss_relics":[],"items_purged_floors":[],"is_endless":false,"potions_floor_spawned":[1,7,11],"killed_by":"Slime Boss","ascension_level":10}}