{"host":"ju58ncaxwefs1zmn","time":1611582070,"event":{"mods":["100% Spire Juice","2.2 Compatiblity","Act Like it!","Aspiration","BaseMod","CapriCore","Colored Map","Conspire","Gensokyo","Hermit","Highlight Path","Hubris","Infinite Spire","Koishi","Marisa????????","Minty Spire (QoL Compilation)","Permanent Neow","Quick Restart","Random Character Button","Relic Filter Mod","Reliquary","Robot Space Explorer","StSLib","The Animator","The Cursed","The Hierophant","The Immortal","The Marked","The Servant 0.9.4","The Showman","TheBandit","Wandering Minibosses","Yakumo Yukari mod"],"gold_per_floor":[367,43,81,113,113,165,165,208,208,314,380,448,459,504,504,603,603,616,631,338,338,381,381,450,488,488,488,543,607,651,682,682,812,812,853,953,995,336,381,381,438,450,521,562,649,185,225,238,238,263],"floor_reached":51,"language":"ENG","playtime":5190,"items_purged":["hubris:Gluttony","RobotSpaceExplorer:SlimeMissile","RobotSpaceExplorer:Defend","RobotSpaceExplorer:Defend"],"score":816,"play_id":"c611ad39-3575-43f0-94c3-84e18351a095","local_time":"20210125054110","is_ascension_mode":false,"campfire_choices":[{"data":"HandOfGreed","floor":7,"key":"SMITH"},{"data":"RobotSpaceExplorer:Multitool","floor":15,"key":"SMITH"},{"data":"RobotSpaceExplorer:GlueSpray","floor":23,"key":"SMITH"},{"data":"Dramatic Entrance","floor":27,"key":"SMITH"},{"data":"RobotSpaceExplorer:Reload","floor":32,"key":"SMITH"},{"data":"RobotSpaceExplorer:MiniBoosters","floor":40,"key":"SMITH"},{"data":"RobotSpaceExplorer:PowerCollector","floor":49,"key":"SMITH"}],"circlet_count":0,"master_deck":["RobotSpaceExplorer:Defend","RobotSpaceExplorer:Defend","RobotSpaceExplorer:Scan","RobotSpaceExplorer:MiniLasers","HandOfGreed+1","Dramatic Entrance+1","RobotSpaceExplorer:Reload+1","RobotSpaceExplorer:FrostMissile","RobotSpaceExplorer:Reload","RobotSpaceExplorer:GlueSpray+1","RobotSpaceExplorer:Multitool+1","RobotSpaceExplorer:Counterblock","RobotSpaceExplorer:FranticSearch","RobotSpaceExplorer:ScrapShield","RobotSpaceExplorer:Scanner","RobotSpaceExplorer:SlimeMissile+1","RobotSpaceExplorer:HighVoltage+1","RobotSpaceExplorer:MakeshiftVolley+1","RobotSpaceExplorer:FranticSearch+1","RobotSpaceExplorer:GlueShot","RobotSpaceExplorer:Ammunition","RobotSpaceExplorer:FreezingShield+1","RobotSpaceExplorer:Reload+1","RobotSpaceExplorer:RigExplosive","RobotSpaceExplorer:ScrapMissile","RobotSpaceExplorer:Accelerator","RobotSpaceExplorer:Counterblock+1","RobotSpaceExplorer:MiniBoosters+1","RobotSpaceExplorer:DoubleBlock","RobotSpaceExplorer:Asteroid","RobotSpaceExplorer:MiniBoosters+1","RobotSpaceExplorer:GlueSpray+1","RobotSpaceExplorer:DoubleFind+1","RobotSpaceExplorer:PowerCollector+1","RobotSpaceExplorer:DualCore","RobotSpaceExplorer:MiniBoosters+1","RobotSpaceExplorer:ExhaustFan"],"relics":["RobotSpaceExplorer:RoboCore","aspiration:TomeofQuesting","conspire:Flyswatter","aspiration:FrozenJewel","Astrolabe","wanderingMiniBosses:OtherGremlinHorn","Chemical X","Potion Belt","reliquary:TuningFork","reliquary:SharkskinSheath","conspire:SeveredTorchhead","Thread and Needle","Blood Vial","RobotSpaceExplorer:BottledGravity","DollysMirror"],"acts_visited":["Exordium","TheCity","TheBeyond"],"potions_floor_usage":[10,19,31,31,33,37,39,41,42,42,45,50],"damage_taken":[{"damage":8,"enemies":"Cultist","floor":1,"turns":5},{"damage":3,"enemies":"Jaw Worm","floor":3,"turns":4},{"damage":0,"enemies":"conspire:RoseBush","floor":4,"turns":2},{"damage":9,"enemies":"Lagavulin","floor":6,"turns":5},{"damage":5,"enemies":"2 Fungi Beasts","floor":8,"turns":6},{"damage":19,"enemies":"3 Sentries","floor":10,"turns":9},{"damage":0,"enemies":"Exordium Thugs","floor":11,"turns":5},{"damage":0,"enemies":"3 Louse","floor":12,"turns":6},{"damage":0,"enemies":"Gremlin Gang","floor":13,"turns":1},{"damage":0,"enemies":"Looter","floor":14,"turns":2},{"damage":21,"enemies":"Hexaghost","floor":16,"turns":15},{"damage":2,"enemies":"Spheric Guardian","floor":18,"turns":3},{"damage":4,"enemies":"Shell Parasite","floor":19,"turns":5},{"damage":17,"enemies":"Snake Plant","floor":22,"turns":6},{"damage":0,"enemies":"3 Cultists","floor":24,"turns":6},{"damage":3,"enemies":"Snecko","floor":25,"turns":3},{"damage":0,"enemies":"conspire:Head Lice","floor":28,"turns":8},{"damage":5,"enemies":"Centurion and Healer","floor":29,"turns":7},{"damage":0,"enemies":"Snake Plant","floor":30,"turns":3},{"damage":1,"enemies":"conspire:SneckoGhost","floor":31,"turns":5},{"damage":30,"enemies":"Champ","floor":33,"turns":16},{"damage":13,"enemies":"3 Darklings","floor":35,"turns":4},{"damage":0,"enemies":"3 Shapes","floor":37,"turns":3},{"damage":5,"enemies":"Spire Growth","floor":39,"turns":7},{"damage":0,"enemies":"Reptomancer","floor":41,"turns":6},{"damage":0,"enemies":"Writhing Mass","floor":42,"turns":4},{"damage":0,"enemies":"3 Darklings","floor":44,"turns":3},{"damage":1,"enemies":"4 Shapes","floor":45,"turns":7},{"damage":0,"enemies":"Jaw Worm Horde","floor":47,"turns":2},{"damage":0,"enemies":"3 Darklings","floor":48,"turns":1},{"damage":33,"enemies":"Awakened One","floor":50,"turns":9}],"seed_played":"-6478995130786718368","potions_obtained":[{"floor":4,"key":"Energy Potion"},{"floor":8,"key":"Block Potion"},{"floor":10,"key":"SkillPotion"},{"floor":11,"key":"infinitespire:BlackPotion"},{"floor":18,"key":"Fire Potion"},{"floor":22,"key":"SpeedPotion"},{"floor":29,"key":"SkillPotion"},{"floor":35,"key":"BlessingOfTheForge"},{"floor":39,"key":"RobotSpaceExplorer:LiquidFusion"},{"floor":41,"key":"Regen Potion"}],"is_trial":false,"path_per_floor":["M","$","M","M","?","E","R","M","T","E","M","M","M","M","R","B",null,"M","M","$","?","M","R","M","M","T","R","E","M","M","E","R","B",null,"M","?","M","$","M","R","E","M","T","M","M","$","M","M","R","B",null],"character_chosen":"RobotSpaceExplorer","items_purchased":["HandOfGreed","Dramatic Entrance","Chemical X","RobotSpaceExplorer:GlueShot","Thread and Needle","RobotSpaceExplorer:DoubleBlock","RobotSpaceExplorer:Asteroid","RobotSpaceExplorer:DualCore","DollysMirror","FairyPotion"],"campfire_rested":0,"item_purchase_floors":[2,2,20,20,38,38,38,46,46,46],"current_hp_per_floor":[67,67,64,64,64,55,55,50,50,31,31,31,31,31,31,10,75,73,69,69,69,52,52,52,49,49,49,49,44,44,43,43,13,75,62,62,62,62,57,57,57,59,59,61,62,62,64,66,66,35],"gold":263,"neow_bonus":"TWO_FIFTY_GOLD","is_daily":false,"chose_seed":false,"campfire_upgraded":7,"win_rate":0.0,"timestamp":1611582070,"path_taken":["M","$","?","M","?","E","R","M","T","E","M","M","M","M","R","BOSS","M","M","$","?","M","R","M","M","T","R","E","M","M","E","R","BOSS","M","?","M","$","M","R","E","?","T","M","M","$","M","M","R","BOSS"],"items_purchased_type":["Card","Card","Relic","Card","Relic","Card","Card","Card","Relic","Potion"],"build_version":"2020-12-22","purchased_purges":4,"victory":true,"max_hp_per_floor":[75,75,75,75,75,75,75,75,75,75,75,75,75,75,75,75,75,75,75,75,75,75,75,75,75,75,75,75,75,75,75,75,75,75,75,75,75,75,75,75,75,75,75,75,75,75,75,75,75,75],"card_choices":[{"not_picked":["RobotSpaceExplorer:SurgingStrike","RobotSpaceExplorer:Pulsar"],"picked":"RobotSpaceExplorer:SlimeMissile","floor":1},{"not_picked":["RobotSpaceExplorer:Discharger","RobotSpaceExplorer:ScrapMissile"],"picked":"RobotSpaceExplorer:Reload","floor":3},{"not_picked":["RobotSpaceExplorer:PlasmaMissile","RobotSpaceExplorer:FreezeRay","RobotSpaceExplorer:StarLightning"],"picked":"SKIP","floor":4},{"not_picked":["RobotSpaceExplorer:SurgingShield","RobotSpaceExplorer:FrostMissile"],"picked":"RobotSpaceExplorer:Reload","floor":6},{"not_picked":["RobotSpaceExplorer:SlimeMissile","RobotSpaceExplorer:ImprovisedAttack"],"picked":"RobotSpaceExplorer:GlueSpray","floor":8},{"not_picked":["RobotSpaceExplorer:ImprovisedAttack","RobotSpaceExplorer:SlimeMissile"],"picked":"RobotSpaceExplorer:Multitool","floor":10},{"not_picked":["RobotSpaceExplorer:FranticSearch","RobotSpaceExplorer:GlueShot"],"picked":"RobotSpaceExplorer:Counterblock","floor":11},{"not_picked":["RobotSpaceExplorer:Counterblock","RobotSpaceExplorer:ImprovisedAttack","RobotSpaceExplorer:FranticSearch"],"picked":"SKIP","floor":12},{"not_picked":["RobotSpaceExplorer:LuckyStrike","RobotSpaceExplorer:Pulsar"],"picked":"RobotSpaceExplorer:FranticSearch","floor":13},{"not_picked":["RobotSpaceExplorer:Pulsar","RobotSpaceExplorer:ImprovisedAttack"],"picked":"RobotSpaceExplorer:ScrapShield","floor":14},{"not_picked":["RobotSpaceExplorer:Multitool","RobotSpaceExplorer:Arsenal"],"picked":"RobotSpaceExplorer:Scanner","floor":16},{"not_picked":["RobotSpaceExplorer:MetalStrike","RobotSpaceExplorer:BigMissile","RobotSpaceExplorer:GlueShot"],"picked":"SKIP","floor":18},{"not_picked":["RobotSpaceExplorer:Smokescreen","RobotSpaceExplorer:GearShield"],"picked":"RobotSpaceExplorer:FranticSearch+1","floor":19},{"not_picked":["RobotSpaceExplorer:SelfCleaning","RobotSpaceExplorer:Smokescreen","RobotSpaceExplorer:ScrapToss"],"picked":"SKIP","floor":22},{"not_picked":["RobotSpaceExplorer:ImprovisedAttack+1","RobotSpaceExplorer:MetalStrike"],"picked":"RobotSpaceExplorer:Ammunition","floor":24},{"not_picked":["RobotSpaceExplorer:Ammunition","RobotSpaceExplorer:Pulsar","RobotSpaceExplorer:ToxicBomb"],"picked":"SKIP","floor":25},{"not_picked":["RobotSpaceExplorer:SurgingShield","RobotSpaceExplorer:IronShell"],"picked":"RobotSpaceExplorer:FreezingShield+1","floor":28},{"not_picked":["RobotSpaceExplorer:SurgingShield+1","RobotSpaceExplorer:ImprovisedAttack"],"picked":"RobotSpaceExplorer:Reload+1","floor":29},{"not_picked":["RobotSpaceExplorer:Ammunition","RobotSpaceExplorer:GlueShot"],"picked":"RobotSpaceExplorer:RigExplosive","floor":30},{"not_picked":["RobotSpaceExplorer:ScrapShield+1","RobotSpaceExplorer:Blaster"],"picked":"RobotSpaceExplorer:ScrapMissile","floor":31},{"not_picked":["RobotSpaceExplorer:Asteroid","RobotSpaceExplorer:Autoloader"],"picked":"RobotSpaceExplorer:Accelerator","floor":33},{"not_picked":["RobotSpaceExplorer:SurgingShield","RobotSpaceExplorer:SurgingStrike"],"picked":"RobotSpaceExplorer:Counterblock+1","floor":35},{"not_picked":["RobotSpaceExplorer:ScrapToss","RobotSpaceExplorer:ExhaustFan+1"],"picked":"RobotSpaceExplorer:MiniBoosters+1","floor":37},{"not_picked":["RobotSpaceExplorer:Counterblock","RobotSpaceExplorer:Calculate"],"picked":"RobotSpaceExplorer:MiniBoosters","floor":39},{"not_picked":["RobotSpaceExplorer:SlimeMissile","RobotSpaceExplorer:MiniDrones"],"picked":"RobotSpaceExplorer:GlueSpray+1","floor":41},{"not_picked":["RobotSpaceExplorer:GlueSpray+1","RobotSpaceExplorer:Comet"],"picked":"RobotSpaceExplorer:DoubleFind+1","floor":42},{"not_picked":["RobotSpaceExplorer:MiniDrones","RobotSpaceExplorer:ShovelStrike+1","RobotSpaceExplorer:ImprovisedAttack+1"],"picked":"SKIP","floor":44},{"not_picked":["RobotSpaceExplorer:Fix","RobotSpaceExplorer:Counterblock"],"picked":"RobotSpaceExplorer:PowerCollector","floor":45},{"not_picked":["RobotSpaceExplorer:FrostMissile+1","RobotSpaceExplorer:ImprovisedAttack"],"picked":"RobotSpaceExplorer:ExhaustFan","floor":47},{"not_picked":["RobotSpaceExplorer:SurgingShield","RobotSpaceExplorer:LaserBurst","RobotSpaceExplorer:FranticSearch"],"picked":"SKIP","floor":48}],"player_experience":1138835,"relics_obtained":[{"floor":6,"key":"aspiration:TomeofQuesting"},{"floor":9,"key":"conspire:Flyswatter"},{"floor":10,"key":"aspiration:FrozenJewel"},{"floor":19,"key":"wanderingMiniBosses:OtherGremlinHorn"},{"floor":26,"key":"Potion Belt"},{"floor":28,"key":"reliquary:TuningFork"},{"floor":31,"key":"reliquary:SharkskinSheath"},{"floor":41,"key":"Blood Vial"},{"floor":43,"key":"RobotSpaceExplorer:BottledGravity"}],"event_choices":[{"damage_healed":0,"gold_gain":0,"cards_transformed":["RobotSpaceExplorer:Strike"],"player_choice":"Change","damage_taken":0,"max_hp_gain":0,"max_hp_loss":0,"event_name":"Living Wall","floor":5,"gold_loss":0,"cards_obtained":["RobotSpaceExplorer:FrostMissile"]},{"damage_healed":0,"gold_gain":100,"player_choice":"Pray","damage_taken":0,"max_hp_gain":0,"max_hp_loss":0,"event_name":"Golden Shrine","floor":36,"gold_loss":0}],"is_beta":false,"boss_relics":[{"not_picked":["hubris:TerracottaHorce","conspire:RunicOctahedron"],"picked":"Astrolabe"},{"not_picked":["Runic Pyramid","hubris:GrandSneckoEye"],"picked":"conspire:SeveredTorchhead"}],"items_purged_floors":[2,20,38,46],"is_endless":false,"potions_floor_spawned":[4,8,10,11,13,18,22,24,29,35,39,41,47],"ascension_level":0}}