{"host":"hbel9g7s7ibv8po6","time":1611583485,"event":{"mods":["Act Like it!","BaseMod","Duelist Mod","Minty Spire (QoL Compilation)","StSLib"],"gold_per_floor":[138,138,213,225,236,236,263,283,283,310,310,330,363,60,60,159,159,176,176,176,176,194,227,240,240],"floor_reached":24,"language":"ENG","playtime":1555,"items_purged":[],"score":470,"play_id":"d0ed3838-f957-4565-8991-2aa4869bc540","local_time":"20210125220445","is_ascension_mode":true,"campfire_choices":[{"data":"theDuelist:ShallowGrave","floor":6.0,"key":"SMITH"},{"data":"theDuelist:GhostrickMansion","floor":15.0,"key":"SMITH"}],"circlet_count":0,"master_deck":["theDuelist:ZombieCorpse","theDuelist:ZombieCorpse","theDuelist:ZombieCorpse","theDuelist:ZombieCorpse","theDuelist:Tengu","theDuelist:ZombieCorpse","theDuelist:ClownZombie","theDuelist:ShallowGrave+1","theDuelist:SkullConductor","theDuelist:TutanMask","theDuelist:GhostrickMansion+1","theDuelist:UltraPolymerization","theDuelist:VendreadStriges+1","theDuelist:GhostrickSpecter+1","theDuelist:DesLacooda+1","theDuelist:MonsterReborn","theDuelist:VendreadHoundhorde","theDuelist:FusionGuard","theDuelist:ShiranuiSwordsaga+1"],"relics":["theDuelist:MillenniumPuzzle","theDuelist:CardPoolRelic","theDuelist:CardPoolBasicRelic","theDuelist:BoosterPackPoolRelic","theDuelist:CardPoolAddRelic","theDuelist:CardPoolMinusRelic","theDuelist:CardPoolSaveRelic","theDuelist:CardPoolOptionsRelic","theDuelist:SolderToken","theDuelist:ResummonBranch","TungstenRod","Pen Nib","theDuelist:ResummonerMight","Astrolabe","Prayer Wheel"],"acts_visited":["Exordium","TheCity"],"potions_floor_usage":[],"damage_taken":[{"damage":1.0,"enemies":"Jaw Worm","floor":1.0,"turns":6.0},{"damage":0.0,"enemies":"2 Louse","floor":4.0,"turns":3.0},{"damage":0.0,"enemies":"Small Slimes","floor":5.0,"turns":4.0},{"damage":0.0,"enemies":"Gremlin Nob","floor":7.0,"turns":3.0},{"damage":3.0,"enemies":"2 Fungi Beasts","floor":8.0,"turns":3.0},{"damage":4.0,"enemies":"Lagavulin","floor":10.0,"turns":4.0},{"damage":0.0,"enemies":"Looter","floor":12.0,"turns":1.0},{"damage":0.0,"enemies":"3 Sentries","floor":13.0,"turns":5.0},{"damage":0.0,"enemies":"Hexaghost","floor":16.0,"turns":6.0},{"damage":4.0,"enemies":"Shell Parasite","floor":18.0,"turns":3.0},{"damage":2.0,"enemies":"Chosen","floor":22.0,"turns":2.0},{"damage":24.0,"enemies":"Book of Stabbing","floor":23.0,"turns":5.0},{"damage":15,"enemies":"Snake Plant","floor":24,"turns":4}],"seed_played":"-6403138744436668939","potions_obtained":[{"floor":0.0,"key":"FearPotion"},{"floor":0.0,"key":"theDuelist:TokenPotionB"},{"floor":0.0,"key":"Block Potion"}],"is_trial":false,"path_per_floor":["M","?","?","M","M","R","E","M","T","E","?","M","E","$","R","B",null,"M","?","?","?","M","E","M"],"character_chosen":"THE_DUELIST","items_purchased":["theDuelist:ResummonerMight"],"campfire_rested":0,"item_purchase_floors":[14],"current_hp_per_floor":[71,71,60,60,60,60,60,57,57,53,53,53,53,53,53,53,73,69,69,69,69,67,43,28,28],"gold":240,"neow_bonus":"THREE_SMALL_POTIONS","is_daily":false,"chose_seed":false,"campfire_upgraded":2,"win_rate":0.0,"timestamp":1611583485,"path_taken":["M","?","?","M","M","R","E","M","T","E","?","M","E","?","R","BOSS","M","?","?","?","M","E","M"],"items_purchased_type":["Relic"],"build_version":"2020-12-22","purchased_purges":0,"victory":false,"max_hp_per_floor":[80,80,80,80,80,80,80,80,80,80,80,80,80,80,80,80,80,80,80,80,80,80,80,80,80],"card_choices":[{"not_picked":["theDuelist:VampireBaby","theDuelist:GhostrickJiangshi","theDuelist:PhantomGhost","theDuelist:NightmareHorse"],"picked":"theDuelist:SkullServant","floor":1.0},{"not_picked":["theDuelist:Relinkuriboh","theDuelist:FossilDragon","theDuelist:RebornZombie","theDuelist:ShiranuiSwordmaster"],"picked":"theDuelist:FlameGhost","floor":4.0},{"not_picked":["theDuelist:VendreadCore","theDuelist:FusionTag","theDuelist:DesLacooda","theDuelist:FossilSkullKing"],"picked":"theDuelist:AshBlossom","floor":5.0},{"not_picked":["theDuelist:VendreadCore","theDuelist:AshBlossom","theDuelist:Hajun","theDuelist:GhostBelle","theDuelist:Necroface"],"picked":"SKIP","floor":7.0},{"not_picked":["theDuelist:GoblinZombie","theDuelist:Hajun","theDuelist:Tsukahagi","theDuelist:BattleFusion","theDuelist:DarkDustSpirit"],"picked":"SKIP","floor":8.0},{"not_picked":["theDuelist:SkullServant","theDuelist:AshBlossom","theDuelist:LichLord","theDuelist:GoblinZombie"],"picked":"theDuelist:GhostrickWarwolf","floor":10.0},{"not_picked":["theDuelist:VampireSorcerer","theDuelist:VampireRedBaron","theDuelist:VampireLady","theDuelist:VampireFraulein","theDuelist:CrimsonKnightVampire"],"picked":"SKIP","floor":12.0},{"not_picked":["theDuelist:VampireDomain","theDuelist:OboroGuruma","theDuelist:EndlessDecay"],"picked":"theDuelist:GhostrickMansion","floor":13.0},{"not_picked":["theDuelist:VampireGrace","theDuelist:Scapeghost","theDuelist:InstantFusion","theDuelist:BookLife"],"picked":"theDuelist:UltraPolymerization","floor":16.0},{"not_picked":["theDuelist:ZombieMaster","theDuelist:Scapeghost","theDuelist:OverpoweringEye","theDuelist:BookEclipse"],"picked":"theDuelist:MonsterReborn","floor":18.0},{"not_picked":["theDuelist:VendreadRevolution","theDuelist:VendreadReorigin","theDuelist:VampireTakeover","theDuelist:Mispolymerization"],"picked":"theDuelist:FusionGuard","floor":22.0},{"not_picked":["theDuelist:ShiranuiSpectralsword","theDuelist:GreenGraveOni","theDuelist:Wiseman","theDuelist:TrapHole"],"picked":"theDuelist:ShiranuiSwordsaga+1","floor":23.0}],"player_experience":143591,"relics_obtained":[{"floor":7.0,"key":"theDuelist:SolderToken"},{"floor":9.0,"key":"theDuelist:ResummonBranch"},{"floor":10.0,"key":"TungstenRod"},{"floor":13.0,"key":"Pen Nib"},{"floor":23.0,"key":"Prayer Wheel"}],"event_choices":[{"damage_healed":0.0,"max_hp_gain":0.0,"max_hp_loss":0.0,"gold_gain":0.0,"event_name":"Card Trader","player_choice":"Traded Armored Zombie for Tengu","duelist":true,"floor":2.0,"gold_loss":0.0,"damage_taken":0.0},{"damage_healed":0.0,"max_hp_gain":0.0,"max_hp_loss":0.0,"gold_gain":75.0,"event_name":"World of Goop","player_choice":"Gather Gold","floor":3.0,"gold_loss":0.0,"damage_taken":11.0},{"damage_healed":0.0,"max_hp_gain":0.0,"max_hp_loss":0.0,"gold_gain":0.0,"event_name":"Relic Duplicator","player_choice":"Leave","duelist":true,"floor":11.0,"gold_loss":0.0,"damage_taken":0.0},{"damage_healed":0.0,"max_hp_gain":0.0,"max_hp_loss":0.0,"gold_gain":0.0,"event_name":"Egyptian Village","player_choice":"Leave","duelist":true,"floor":19.0,"gold_loss":0.0,"damage_taken":0.0},{"damage_healed":0.0,"max_hp_gain":0.0,"max_hp_loss":0.0,"gold_gain":0.0,"event_name":"The Library","player_choice":"Read","floor":20.0,"gold_loss":0.0,"damage_taken":0.0,"cards_obtained":["theDuelist:VendreadHoundhorde"]},{"cards_removed":["theDuelist:ArmoredZombie"],"damage_healed":0.0,"max_hp_gain":0.0,"max_hp_loss":0.0,"gold_gain":0.0,"event_name":"Back to Basics","player_choice":"Elegance","floor":21.0,"gold_loss":0.0,"damage_taken":0.0}],"is_beta":false,"boss_relics":[{"not_picked":["Coffee Dripper","theDuelist:HauntedRelic"],"picked":"Astrolabe"}],"items_purged_floors":[],"is_endless":false,"potions_floor_spawned":[4,12,16,18,24],"killed_by":"Snake Plant","ascension_level":8}}