{"host":"9b7hrp48q3pna783","time":1611611420,"event":{"mods":["BaseMod","Colored Map","Colored Powertips","Highlight Path","Minty Spire (QoL Compilation)","Relic Stats"],"gold_per_floor":[114,132,132,307,26,59,59,59,59,59,79,102,133,157,157,288,288,303,328,342,342,362,395,395,433,433,198,219,233,248,373,373,499,499,512,571,592,592,612,645,665,665,665],"floor_reached":42,"language":"ENG","playtime":4046,"items_purged":["Doubt","Strike_B"],"score":583,"play_id":"f0d558f8-dda4-473e-8d15-a180a843a74e","local_time":"20210125165020","is_ascension_mode":true,"campfire_choices":[{"data":"Double Energy","floor":7.0,"key":"SMITH"},{"data":"Echo Form","floor":10.0,"key":"SMITH"},{"data":"Skim","floor":15.0,"key":"SMITH"},{"data":"Zap","floor":24.0,"key":"SMITH"},{"data":"Dualcast","floor":32.0,"key":"SMITH"}],"circlet_count":0,"master_deck":["Strike_B","Strike_B","Strike_B+1","Defend_B","Defend_B","Defend_B","Defend_B","Zap+1","Dualcast+1","Sweeping Beam+1","Double Energy+1","Echo Form+1","Self Repair","Skim+1","Glacier","Electrodynamics","Static Discharge+1","Thunder Strike","Ball Lightning","Tempest","Doom and Gloom","Leap+1","Blizzard","Rainbow"],"relics":["Cracked Core","NeowsBlessing","Golden Idol","Membership Card","HornCleat","Sundial","Lizard Tail","Nuclear Battery","Letter Opener","Ornamental Fan","TungstenRod","Bird Faced Urn","Kunai","Sozu","Ginger","Pen Nib","Torii"],"acts_visited":["Exordium","TheCity","TheBeyond"],"potions_floor_usage":[],"damage_taken":[{"damage":0.0,"enemies":"Jaw Worm","floor":1.0,"turns":1.0},{"damage":0.0,"enemies":"Small Slimes","floor":2.0,"turns":1.0},{"damage":0.0,"enemies":"Lagavulin","floor":6.0,"turns":1.0},{"damage":4.0,"enemies":"2 Louse","floor":11.0,"turns":2.0},{"damage":8.0,"enemies":"Blue Slaver","floor":12.0,"turns":4.0},{"damage":13.0,"enemies":"3 Sentries","floor":13.0,"turns":5.0},{"damage":4.0,"enemies":"Red Slaver","floor":14.0,"turns":3.0},{"damage":4.0,"enemies":"The Guardian","floor":16.0,"turns":17.0},{"damage":1.0,"enemies":"3 Byrds","floor":18.0,"turns":3.0},{"damage":12.0,"enemies":"Chosen","floor":19.0,"turns":4.0},{"damage":20.0,"enemies":"Snake Plant","floor":20.0,"turns":4.0},{"damage":30.0,"enemies":"Centurion and Healer","floor":22.0,"turns":6.0},{"damage":7.0,"enemies":"Gremlin Leader","floor":23.0,"turns":6.0},{"damage":13.0,"enemies":"Slavers","floor":25.0,"turns":3.0},{"damage":3.0,"enemies":"3 Cultists","floor":28.0,"turns":3.0},{"damage":0.0,"enemies":"Snecko","floor":29.0,"turns":4.0},{"damage":5.0,"enemies":"Centurion and Healer","floor":30.0,"turns":4.0},{"damage":15.0,"enemies":"Colosseum Slavers","floor":31.0,"turns":2.0},{"damage":6.0,"enemies":"Colosseum Nobs","floor":31.0,"turns":2.0},{"damage":42.0,"enemies":"Champ","floor":33.0,"turns":9.0},{"damage":5.0,"enemies":"Orb Walker","floor":35.0,"turns":2.0},{"damage":35.0,"enemies":"2 Orb Walkers","floor":36.0,"turns":4.0},{"damage":3,"enemies":"3 Shapes","floor":37,"turns":3},{"damage":13,"enemies":"3 Darklings","floor":39,"turns":4},{"damage":16,"enemies":"Nemesis","floor":40,"turns":8},{"damage":25,"enemies":"Sphere and 2 Shapes","floor":41,"turns":3},{"damage":95,"enemies":"Giant Head","floor":42,"turns":7}],"seed_played":"7063738721070057165","potions_obtained":[{"floor":2.0,"key":"Fruit Juice"},{"floor":11.0,"key":"FocusPotion"},{"floor":13.0,"key":"GamblersBrew"},{"floor":16.0,"key":"SkillPotion"},{"floor":20.0,"key":"DistilledChaos"},{"floor":22.0,"key":"Energy Potion"},{"floor":23.0,"key":"SpeedPotion"},{"floor":29.0,"key":"Ancient Potion"},{"floor":31.0,"key":"Fruit Juice"}],"is_trial":false,"path_per_floor":["M","M","?","?","$","E","R","?","T","R","M","M","E","M","R","B",null,"M","M","M","?","M","E","R","E","T","$","M","M","M","?","R","B",null,"M","?","M","?","M","E","M","E"],"character_chosen":"DEFECT","items_purchased":["Sweeping Beam","Membership Card","Double Energy","Tempest","TungstenRod"],"campfire_rested":0,"item_purchase_floors":[5,5,5,27,27],"current_hp_per_floor":[75,75,69,69,69,69,69,55,55,55,51,55,49,52,52,55,74,73,68,55,55,39,39,39,33,33,33,37,44,53,32,32,8,79,74,52,53,53,55,63,42,0,0],"gold":665,"neow_bonus":"THREE_ENEMY_KILL","is_daily":false,"chose_seed":false,"campfire_upgraded":5,"win_rate":0.0,"timestamp":1611611420,"path_taken":["M","M","?","?","$","E","R","?","T","R","?","M","E","M","R","BOSS","M","M","M","?","?","E","R","E","T","$","M","M","M","?","R","BOSS","M","?","M","?","?","E","M","E"],"items_purchased_type":["Card","Relic","Card","Card","Relic"],"build_version":"2020-12-22","purchased_purges":2,"victory":false,"max_hp_per_floor":[75,75,69,69,69,69,69,69,69,69,69,74,74,74,74,74,74,74,74,74,74,74,74,74,74,74,74,74,74,74,74,74,79,79,79,79,79,79,79,79,79,79,79],"relic_stats":{"Torii":2,"counters":[27,115],"Golden Idol":189,"Pen Nib":[3],"Letter Opener":[154],"Ginger":[2],"Sozu":3,"Lizard Tail":39,"Sundial":[18],"Ornamental Fan":[24],"Bird Faced Urn":[46],"Kunai":[5],"obtain_stats":[{"NeowsBlessing":0,"Torii":40,"Golden Idol":3,"Pen Nib":38,"Letter Opener":23,"Ginger":36,"Nuclear Battery":17,"Sozu":34,"Lizard Tail":13,"HornCleat":6,"Sundial":9,"Ornamental Fan":25,"Bird Faced Urn":31,"Membership Card":5,"Kunai":31,"Cracked Core":0,"TungstenRod":27},{"NeowsBlessing":0,"Torii":25,"Golden Idol":2,"Pen Nib":23,"Letter Opener":13,"Ginger":22,"Nuclear Battery":8,"Sozu":20,"Lizard Tail":6,"HornCleat":3,"Sundial":3,"Ornamental Fan":14,"Bird Faced Urn":19,"Membership Card":2,"Kunai":19,"Cracked Core":0,"TungstenRod":14},{"NeowsBlessing":0,"Torii":105,"Golden Idol":2,"Pen Nib":93,"Letter Opener":57,"Ginger":90,"Nuclear Battery":34,"Sozu":84,"Lizard Tail":14,"HornCleat":3,"Sundial":3,"Ornamental Fan":60,"Bird Faced Urn":75,"Membership Card":2,"Kunai":75,"Cracked Core":0,"TungstenRod":60}],"TungstenRod":33},"card_choices":[{"not_picked":["Leap","Stack","Cold Snap"],"picked":"SKIP","floor":1.0},{"not_picked":["Chill","Reprogram","Rebound"],"picked":"SKIP","floor":2.0},{"not_picked":["Hologram","Double Energy"],"picked":"Echo Form","floor":6.0},{"not_picked":["Hologram","Turbo"],"picked":"Self Repair","floor":11.0},{"not_picked":["Sweeping Beam","Rebound"],"picked":"Skim","floor":12.0},{"not_picked":["Force Field","Steam"],"picked":"Glacier","floor":13.0},{"not_picked":["Steam","Gash","Genetic Algorithm"],"picked":"SKIP","floor":14.0},{"not_picked":["Meteor Strike","Hyperbeam"],"picked":"Electrodynamics","floor":16.0},{"not_picked":["Barrage","Leap","Rebound"],"picked":"SKIP","floor":18.0},{"not_picked":["Barrage","Leap","Rebound"],"picked":"SKIP","floor":18.0},{"not_picked":["Recycle","Coolheaded","Cold Snap"],"picked":"SKIP","floor":19.0},{"not_picked":["Cold Snap","Steam"],"picked":"Static Discharge+1","floor":20.0},{"not_picked":["Self Repair+1","Turbo"],"picked":"Ball Lightning","floor":22.0},{"not_picked":["Coolheaded","Compile Driver","Fission"],"picked":"SKIP","floor":23.0},{"not_picked":["Stack","Sunder","Undo+1"],"picked":"SKIP","floor":25.0},{"not_picked":["Steam+1","Consume","Redo"],"picked":"SKIP","floor":28.0},{"not_picked":["Rebound","Force Field+1","Sweeping Beam+1"],"picked":"SKIP","floor":29.0},{"not_picked":["Streamline+1","Turbo","Rebound"],"picked":"SKIP","floor":30.0},{"not_picked":["Streamline+1","Turbo","Rebound"],"picked":"SKIP","floor":30.0},{"not_picked":["Hologram","Rebound","Stack"],"picked":"SKIP","floor":35.0},{"not_picked":["Cold Snap","Go for the Eyes"],"picked":"Doom and Gloom","floor":37},{"not_picked":["Turbo+1","Compile Driver"],"picked":"Leap+1","floor":39},{"not_picked":["Static Discharge+1","Stack+1"],"picked":"Blizzard","floor":40},{"not_picked":["Chill","Beam Cell"],"picked":"Rainbow","floor":41}],"player_experience":115000,"relics_obtained":[{"floor":6.0,"key":"HornCleat"},{"floor":9.0,"key":"Sundial"},{"floor":13.0,"key":"Lizard Tail"},{"floor":23.0,"key":"Letter Opener"},{"floor":25.0,"key":"Ornamental Fan"},{"floor":31.0,"key":"Bird Faced Urn"},{"floor":31.0,"key":"Kunai"},{"floor":36,"key":"Ginger"},{"floor":40,"key":"Torii"}],"event_choices":[{"damage_healed":0.0,"max_hp_gain":0.0,"max_hp_loss":6.0,"gold_gain":0.0,"event_name":"Golden Idol","player_choice":"Lose Max HP","floor":3.0,"gold_loss":0.0,"damage_taken":0.0,"relics_obtained":["Golden Idol"]},{"damage_healed":0.0,"max_hp_gain":0.0,"max_hp_loss":0.0,"gold_gain":175.0,"event_name":"Liars Game","player_choice":"AGREE","floor":4.0,"gold_loss":0.0,"damage_taken":0.0,"cards_obtained":["Doubt"]},{"damage_healed":0.0,"max_hp_gain":0.0,"max_hp_loss":0.0,"gold_gain":0.0,"event_name":"Shining Light","player_choice":"Entered Light","floor":8.0,"gold_loss":0.0,"damage_taken":14.0,"cards_upgraded":["Sweeping Beam","Strike_B"]},{"damage_healed":0.0,"max_hp_gain":0.0,"max_hp_loss":0.0,"gold_gain":0.0,"event_name":"Match and Keep!","player_choice":"2 cards matched","floor":21.0,"gold_loss":0.0,"damage_taken":0.0,"cards_obtained":["Stack","Thunder Strike"]},{"damage_healed":0.0,"max_hp_gain":0.0,"max_hp_loss":0.0,"gold_gain":0.0,"event_name":"Colosseum","player_choice":"Fight","floor":31.0,"gold_loss":0.0,"damage_taken":0.0},{"damage_healed":0.0,"max_hp_gain":0.0,"max_hp_loss":0.0,"gold_gain":0.0,"event_name":"Colosseum","player_choice":"Fought Nobs","floor":31.0,"gold_loss":0.0,"damage_taken":0.0},{"damage_healed":0.0,"max_hp_gain":0.0,"max_hp_loss":0.0,"gold_gain":0.0,"event_name":"Mysterious Sphere","player_choice":"Fight","floor":36.0,"gold_loss":0.0,"damage_taken":0.0},{"cards_removed":["Stack"],"damage_healed":0,"gold_gain":0,"player_choice":"Gave Card","damage_taken":0,"relics_obtained":["Pen Nib"],"max_hp_gain":0,"max_hp_loss":0,"event_name":"WeMeetAgain","floor":38,"gold_loss":0}],"is_beta":false,"boss_relics":[{"not_picked":["SlaversCollar","Snecko Eye"],"picked":"Nuclear Battery"},{"not_picked":["Black Star","Runic Dome"],"picked":"Sozu"}],"items_purged_floors":[5,27],"is_endless":false,"potions_floor_spawned":[2,11,13,16,20,22,23,29,31,31,35,36,41],"killed_by":"Giant Head","ascension_level":2}}