{"host":"36umirwmj0u9xjg7","time":1611600431,"event":{"mods":["Aspiration","BaseMod","CCEM","Downfall","Minty Spire (QoL Compilation)","Reliquary","Replay The Spire","StS++","StSLib","The Construct","The Gatherer","The Necromancer","The Runesmith"],"gold_per_floor":[115,115,127,127,147,177,197,197,197],"floor_reached":8,"language":"ENG","playtime":323,"items_purged":[],"score":58,"play_id":"13d8cf47-ece0-443e-8c0e-aa5b5742961a","local_time":"20210125194711","is_ascension_mode":false,"campfire_choices":[],"circlet_count":0,"master_deck":["Strike_W","Strike_W","Strike_W","Strike_W","Defend_W","Defend_W","Defend_W","Defend_W","Negative_Energy_Arrows+1","Bone_Wall+1","Toxic_Smoke_Screen","Voices","Necrotic_Claws","Death_Coil","Bone_Spikes"],"relics":["Vampire_Amulet","Replay:Mystery Machine","ReplayTheSpireMod:Ring of Exchange","Boot"],"acts_visited":["Exordium"],"potions_floor_usage":[7],"damage_taken":[{"damage":0,"enemies":"Small Slimes","floor":1,"turns":5},{"damage":11,"enemies":"Jaw Worm","floor":3,"turns":5},{"damage":0,"enemies":"Cultist","floor":5,"turns":4},{"damage":42,"enemies":"Gremlin Nob","floor":6,"turns":6},{"damage":3,"enemies":"Exordium Thugs","floor":7,"turns":4},{"damage":21,"enemies":"3 Sentries","floor":8,"turns":4}],"seed_played":"1393934477463906497","potions_obtained":[{"floor":3,"key":"Fire Potion"},{"floor":6,"key":"FearPotion"}],"is_trial":false,"path_per_floor":["M","?","M","?","M","E","M","E"],"character_chosen":"NECROMANCER","items_purchased":[],"campfire_rested":0,"item_purchase_floors":[],"current_hp_per_floor":[75,75,66,51,53,13,14,0,0],"gold":197,"neow_bonus":"RANDOM_COMMON_RELIC","is_daily":false,"chose_seed":false,"campfire_upgraded":0,"win_rate":0.0,"timestamp":1611600431,"path_taken":["M","?","M","?","M","E","M","E"],"items_purchased_type":[],"build_version":"2020-12-22","purchased_purges":0,"victory":false,"max_hp_per_floor":[75,75,75,75,75,75,75,75,75],"card_choices":[{"not_picked":["Negative_Energy_Mist","Corrupt"],"picked":"Toxic_Smoke_Screen","floor":1},{"not_picked":["Consume_Illness","Uncharnel","Spectral_Armor"],"picked":"SKIP","floor":3},{"not_picked":["Life_Drain","Scare"],"picked":"Necrotic_Claws","floor":5},{"not_picked":["Violent_Necrosis","Uncharnel"],"picked":"Death_Coil","floor":6},{"not_picked":["Spectral_Armor","Shackles_Of_Pain"],"picked":"Bone_Spikes","floor":7}],"player_experience":143719,"relics_obtained":[{"floor":2,"key":"ReplayTheSpireMod:Ring of Exchange"},{"floor":6,"key":"Boot"}],"event_choices":[{"damage_healed":0,"gold_gain":0,"player_choice":"Entered Light","damage_taken":15,"max_hp_gain":0,"max_hp_loss":0,"event_name":"Shining Light","floor":4,"gold_loss":0,"cards_upgraded":["Negative_Energy_Arrows","Bone_Wall"]}],"is_beta":false,"boss_relics":[],"items_purged_floors":[],"is_endless":false,"potions_floor_spawned":[3,6],"killed_by":"3 Sentries","ascension_level":0}}