{"host":"wkuscavjg97fbbrj","time":1611573337,"event":{"mods":["BaseMod","Colored Powertips","Downfall","Minty Spire (QoL Compilation)","Permanent Neow","Quick Restart","Replay The Spire","StSLib"],"gold_per_floor":[99,111,261,274,289,319,399,412,424,452,452,463,538,567,583,687,687,687,702,712,729,729,729,729,729],"floor_reached":23,"language":"ENG","playtime":1202,"items_purged":[],"score":226,"play_id":"a81c4b8e-fdef-4b41-8c66-c9317e0d8905","local_time":"20210125061537","is_ascension_mode":true,"campfire_choices":[{"floor":1.0,"key":"DIG"},{"floor":11.0,"key":"REST"},{"floor":18,"key":"DIG"}],"circlet_count":0,"master_deck":["bronze:Strike","bronze:Strike","bronze:Strike","bronze:Strike","bronze:Defend","bronze:Defend","bronze:Defend","bronze:Defend","bronze:Replicate","bronze:Goto","ReplayTheSpireMod:Restless Dread","bronze:AlphaBuild","bronze:Turbo","downfall:Icky","bronze:ItsAFeature","bronze:WildBeam","bronze:BuggyMess","bronze:HyperBeam","bronze:Safeguard","bronze:Iterate","bronze:HardenedForm","bronze:OilSpill+1","bronze:BronzeOrb+1","bronze:Safeguard"],"relics":["bronze:BronzeCore","Orichalcum","Turnip","Bottled Flame","Happy Flower","Black Star","Bronze Scales","downfall:RedIOU"],"acts_visited":["Exordium","TheCity"],"potions_floor_usage":[16,16,23],"damage_taken":[{"damage":3.0,"enemies":"2 Louse","floor":2.0,"turns":2.0},{"damage":1.0,"enemies":"Cultist","floor":4.0,"turns":4.0},{"damage":0.0,"enemies":"Small Slimes","floor":5.0,"turns":3.0},{"damage":12.0,"enemies":"Lagavulin","floor":6.0,"turns":5.0},{"damage":23.0,"enemies":"Exordium Thugs","floor":8.0,"turns":6.0},{"damage":7.0,"enemies":"3 Louse","floor":9.0,"turns":2.0},{"damage":11.0,"enemies":"3 Sentries","floor":10.0,"turns":10.0},{"damage":0.0,"enemies":"2 Fungi Beasts","floor":12.0,"turns":2.0},{"damage":8.0,"enemies":"Gremlin Nob","floor":14.0,"turns":4.0},{"damage":3.0,"enemies":"Exordium Wildlife","floor":15.0,"turns":2.0},{"damage":7,"enemies":"WA_ARCHETYPE_RETAIN","floor":16,"turns":6},{"damage":7,"enemies":"Chosen","floor":19,"turns":6},{"damage":0,"enemies":"Spheric Guardian","floor":20,"turns":3},{"damage":44,"enemies":"Chosen and Byrds","floor":21,"turns":8},{"damage":28,"enemies":"Book of Stabbing","floor":23,"turns":4}],"seed_played":"7339897495688188512","potions_obtained":[{"floor":2.0,"key":"Elixir"},{"floor":5.0,"key":"Toxic Potion"},{"floor":12.0,"key":"PowerPotion"},{"floor":14.0,"key":"DistilledChaos"},{"floor":19,"key":"CultistPotion"}],"is_trial":false,"path_per_floor":["R","M","?","M","M","E","T","M","M","E","R","M","?","E","M","B",null,"R","M","M","M","?","E"],"character_chosen":"THE_AUTOMATON","items_purchased":[],"campfire_rested":1,"item_purchase_floors":[],"current_hp_per_floor":[70,67,67,66,66,54,54,31,24,13,34,34,34,33,30,23,77,77,70,70,26,26,0,0,0],"gold":729,"neow_bonus":"THREE_RARE_CARDS","is_daily":false,"chose_seed":false,"campfire_upgraded":0,"win_rate":0.0,"timestamp":1611573337,"path_taken":["R","M","?","M","M","E","T","M","M","E","R","M","?","E","M","BOSS","R","M","M","?","?","E"],"items_purchased_type":[],"build_version":"2020-12-22","purchased_purges":0,"victory":false,"max_hp_per_floor":[70,70,70,70,70,70,70,70,70,70,70,70,70,77,77,77,77,77,77,77,77,77,77,77,77],"card_choices":[{"not_picked":["bronze:FindAndReplace","bronze:HardenedForm"],"picked":"bronze:AlphaBuild","floor":0.0},{"not_picked":["bronze:Flail","bronze:Philosophize"],"picked":"bronze:Turbo","floor":2.0},{"not_picked":["bronze:Constructor","bronze:Shield"],"picked":"bronze:ItsAFeature","floor":4.0},{"not_picked":["bronze:Safeguard","bronze:WhirlingStrike"],"picked":"bronze:WildBeam","floor":5.0},{"not_picked":["bronze:BronzeArmor","bronze:Frontload","bronze:Shield"],"picked":"SKIP","floor":6.0},{"not_picked":["bronze:Separator","bronze:DigitalCarnage"],"picked":"bronze:BuggyMess","floor":8.0},{"not_picked":["bronze:Invalidate","bronze:ClassDefault","bronze:DelayedGuard"],"picked":"SKIP","floor":9.0},{"not_picked":["bronze:DelayedSlice","bronze:ChildClass"],"picked":"bronze:HyperBeam","floor":10.0},{"not_picked":["bronze:BugBarrage","bronze:DelayedGuard"],"picked":"bronze:Safeguard","floor":12.0},{"not_picked":["bronze:WhirlingStrike","bronze:Fortify","bronze:ChildClass"],"picked":"SKIP","floor":14.0},{"not_picked":["bronze:Deprecate","bronze:CutThrough"],"picked":"bronze:Iterate","floor":15.0},{"not_picked":["bronze:Format","bronze:Verify"],"picked":"bronze:HardenedForm","floor":16},{"not_picked":["bronze:FineTuning+1","bronze:Frontload+1"],"picked":"bronze:OilSpill+1","floor":19},{"not_picked":["bronze:FineTuning","bronze:BitShift+1"],"picked":"bronze:BronzeOrb+1","floor":20},{"not_picked":["bronze:Constructor","bronze:Iterate"],"picked":"bronze:Safeguard","floor":21}],"player_experience":166578,"relics_obtained":[{"floor":1.0,"key":"Orichalcum"},{"floor":6.0,"key":"Turnip"},{"floor":7.0,"key":"Bottled Flame"},{"floor":10.0,"key":"Happy Flower"},{"floor":14.0,"key":"Strawberry"},{"floor":18,"key":"Bronze Scales"}],"event_choices":[],"is_beta":false,"boss_relics":[{"not_picked":["SlaversCollar","Replay:Grab Bag"],"picked":"Black Star"}],"items_purged_floors":[],"is_endless":false,"potions_floor_spawned":[2,5,12,14,19],"killed_by":"Book of Stabbing","ascension_level":1}}