{"host":"vqs1j3qalc1cciyt","time":1611549171,"event":{"mods":["2.2 Compatiblity","AchievementEnabler","Aspiration","Bard","BaseMod","Beaked The Cultist","Better Altar","Better Match","Better Note","Better Sensory Stone","Better Skull","Better Third Choice","Clockwork Mod","Colored Map","Conspire","Downfall","Friendly Minions","GifTheSpireLib","Glutton Mod","Halation","Highlight Path","Hubris","Infinite Spire","Minty Spire (QoL Compilation)","RRrroohrrRGHHhhh!!","Replay The Spire","Spicy Shops","StSLib","Stuff the Spire","The Construct","The Cursed","The Disciple","The Hierophant"],"gold_per_floor":[99,99,99,99,99,99,99,99,122,122,149,166,178,198,198,232,250,345,345,345,365,384,384,495,511,511,511,511,511,551,551,551],"floor_reached":30,"language":"ENG","playtime":1588,"items_purged":["champ:Defend"],"score":234,"play_id":"0c5197ec-9d5e-48a7-bcd1-d9025adf802f","local_time":"20210124203251","is_ascension_mode":false,"campfire_choices":[{"floor":1,"key":"DIG"},{"data":"champ:Execute","floor":10,"key":"SMITH"},{"data":"champ:CrownThrow","floor":15,"key":"SMITH"},{"data":"champ:SwordThrow","floor":20,"key":"SMITH"}],"circlet_count":0,"master_deck":["champ:Strike","champ:Strike","champ:Defend","champ:Defend","champ:Execute+1","champ:Taunt+1","champ:CrownThrow+1","champ:AdrenalArmor","champ:ShieldSlam","aspiration:Lunge","Bouncing Flask","Slice","champ:StanceDance","champ:BerserkersShout","champ:Devastate","champ:GutPunch","champ:SwordThrow+1","champ:FocusedBerserking","champ:GutPunch"],"relics":["champ:ChampionCrown","downfall:HeartsMalice","Blood Vial","aspiration:HatOfInfinitePower","rorgmod:Ceramic Fish","SlaversCollar","Calipers","halation:AfternoonTea","Replay:Bottled Flurry","downfall:KnowingSkull","CultistMask"],"acts_visited":["Exordium","TheCity"],"potions_floor_usage":[18,25],"damage_taken":[{"damage":0,"enemies":"Jaw Worm","floor":2,"turns":1},{"damage":0,"enemies":"2 Louse","floor":4,"turns":1},{"damage":0,"enemies":"downfall:FleeingMerchant","floor":5,"turns":1},{"damage":43,"enemies":"Replay:BlueRogue","floor":11,"turns":4},{"damage":24,"enemies":"infinitespire:Voidling","floor":12,"turns":2},{"damage":34,"enemies":"conspire:2 RoseBushes","floor":13,"turns":5},{"damage":15,"enemies":"Large Slime","floor":14,"turns":3},{"damage":58,"enemies":"Gremlin Nob","floor":16,"turns":4},{"damage":14,"enemies":"Blue Slaver","floor":17,"turns":3},{"damage":78,"enemies":"IC_STATUS_ARCHETYPE","floor":18,"turns":7},{"damage":30,"enemies":"Chosen","floor":21,"turns":4},{"damage":61,"enemies":"Shell Parasite","floor":22,"turns":4},{"damage":47,"enemies":"Chosen and Byrds","floor":25,"turns":5},{"damage":24,"enemies":"Snake Plant","floor":30,"turns":1}],"seed_played":"-2130120119947911261","potions_obtained":[{"floor":11,"key":"FairyPotion"},{"floor":12,"key":"Fire Potion"},{"floor":13,"key":"ColorlessPotion"},{"floor":18,"key":"DuplicationPotion"},{"floor":25,"key":"Adrenaline Potion"}],"is_trial":false,"path_per_floor":["R_BF","M","?","M","$","PTL","PTL","?","T","R","E","M","M","M","R","E","M","B",null,"R","M","M","AVR","?","M","T","?","?","?","M"],"character_chosen":"THE_CHAMP","items_purchased":[],"campfire_rested":0,"item_purchase_floors":[],"current_hp_per_floor":[90,90,90,90,90,90,90,90,90,90,77,79,72,74,74,48,46,25,90,90,90,64,64,36,16,16,27,18,18,0,0,0],"gold":551,"neow_bonus":"THREE_ENEMY_KILL","is_daily":false,"chose_seed":false,"campfire_upgraded":3,"win_rate":0.0,"timestamp":1611549171,"path_taken":["R_BF","M","?","M","$","PTL","PTL","?","T","R","E","M","M","M","R","E","M","BOSS","R","M","?","AVR","?","M","T","?","?","?","M"],"items_purchased_type":[],"build_version":"2020-12-22","purchased_purges":1,"victory":false,"max_hp_per_floor":[90,90,90,90,90,90,90,90,90,90,90,90,90,90,90,90,90,90,90,90,90,90,90,90,90,90,90,90,90,90,90,90],"card_choices":[{"not_picked":["champ:Backstep","champ:HeartStrike"],"picked":"champ:CrownThrow","floor":2},{"not_picked":["champ:BringItOn","champ:Endure"],"picked":"champ:AdrenalArmor","floor":4},{"not_picked":["champ:TripleStrike","champ:TornadoPunch"],"picked":"champ:ShieldSlam","floor":5},{"not_picked":["champ:Circumvent","champ:FanOfKnives"],"picked":"champ:StanceDance","floor":11},{"not_picked":["champ:CalledShot","champ:FancyFootwork","champ:Backstep"],"picked":"SKIP","floor":12},{"not_picked":["champ:EnGarde","champ:TornadoPunch","champ:PerfectedStrike"],"picked":"SKIP","floor":13},{"not_picked":["champ:TornadoPunch","champ:AdrenalArmor"],"picked":"champ:BerserkersShout","floor":14},{"not_picked":["champ:PreciseThrust","champ:CrownThrow"],"picked":"champ:Devastate","floor":16},{"not_picked":["champ:CrownThrow","champ:AdrenalArmor"],"picked":"champ:GutPunch","floor":17},{"not_picked":["champ:HoldFirm","champ:MurderStrike"],"picked":"champ:SwordThrow","floor":18},{"not_picked":["champ:RisingSlash","champ:CalledShot+1"],"picked":"champ:FocusedBerserking","floor":21},{"not_picked":["champ:PerfectedStrike+1","champ:IronFortress","champ:TornadoPunch"],"picked":"SKIP","floor":22},{"not_picked":["champ:BladeFlurry","champ:Haymaker"],"picked":"champ:GutPunch","floor":25}],"player_experience":913383,"relics_obtained":[{"floor":1,"key":"Blood Vial"},{"floor":11,"key":"aspiration:HatOfInfinitePower"},{"floor":16,"key":"rorgmod:Ceramic Fish"},{"floor":26,"key":"Replay:Bottled Flurry"}],"event_choices":[{"damage_healed":0,"gold_gain":111,"player_choice":"RE GO ","damage_taken":31,"relics_obtained":["halation:AfternoonTea"],"max_hp_gain":0,"max_hp_loss":0,"event_name":"betterSkull:BetterSkull","floor":24,"gold_loss":0,"cards_upgraded":[]},{"damage_healed":0,"gold_gain":0,"player_choice":"Trade","damage_taken":0,"relics_obtained":["CultistMask"],"max_hp_gain":0,"max_hp_loss":0,"event_name":"FaceTrader","floor":29,"gold_loss":0}],"is_beta":false,"boss_relics":[{"not_picked":["hubris:GrandSneckoEye","Replay:Wanted Poster"],"picked":"SlaversCollar"}],"items_purged_floors":[23],"is_endless":false,"potions_floor_spawned":[11,12,13,14,17,18,21,25],"killed_by":"Snake Plant","ascension_level":0}}