{"host":"36umirwmj0u9xjg7","time":1611617834,"event":{"mods":["Aspiration","BaseMod","CCEM","Downfall","Minty Spire (QoL Compilation)","Reliquary","Replay The Spire","StS++","StSLib","The Construct","The Gatherer","The Necromancer","The Runesmith"],"gold_per_floor":[119,194,194,212,231,231,37,37,37,56,56,91,16,32,32,127,127,147,147,147,147,167,197,197,227,279,279,299,299,299,299,299,401,401,420,430,430,443,255,284,302,316,343,343,343,343,343,357,357,361],"floor_reached":51,"language":"ENG","playtime":3011,"items_purged":["construct:AttackMode"],"score":843,"play_id":"4e5b83b9-28aa-4bb1-8acb-7b8679104e34","local_time":"20210126003714","is_ascension_mode":false,"campfire_choices":[{"data":"construct:DefenseMode+1","floor":6,"key":"SMITH"},{"data":"construct:Autoturret","floor":11,"key":"SMITH"},{"floor":15,"key":"DIG"},{"data":"construct:FlameCore","floor":24,"key":"SMITH"},{"data":"construct:Autoturret+1","floor":27,"key":"SMITH"},{"floor":32,"key":"DIG"},{"data":"construct:Enhance","floor":44,"key":"SMITH"},{"data":"construct:Enhance+1","floor":46,"key":"SMITH"},{"data":"construct:GuardCore","floor":49,"key":"SMITH"}],"circlet_count":0,"master_deck":["construct:Strike_Gold","construct:Strike_Gold","construct:Strike_Gold","construct:Strike_Gold","construct:Strike_Gold","construct:Defend_Gold","construct:Defend_Gold","construct:Defend_Gold","construct:Defend_Gold","construct:DefenseMode+2","construct:Autoturret+2","construct:FlameCore+1","construct:Synchronize","CurseOfTheBell","construct:GuardCore","construct:GuardCore+1","construct:MetalShell","construct:Enhance+2","Parasite","Delirium"],"relics":["construct:ClockworkPhoenix","CCEMRelics:PorcelainBowl","Blue Doll","White Beast Statue","Centennial Puzzle","Bag of Preparation","construct:WeddingRing","Nilry\u0027s Codex","Tiny Chest","Red Mask","Oddly Smooth Stone","Replay:Bandana","Gremlin Horn","Calling Bell","Art of War","Chameleon Ring","StSpp:WoodenStick","construct:MasterCore","CCEMRelics:JestersCrown","ReplayTheSpireMod:Lightbulb","Mercury Hourglass","ReplayTheSpireMod:Ring of Exchange"],"acts_visited":["TheCity","TheBeyond"],"potions_floor_usage":[16,23,28,33,36,41,42,42,50,50],"damage_taken":[{"damage":4,"enemies":"Jaw Worm","floor":1,"turns":6},{"damage":0,"enemies":"Small Slimes","floor":4,"turns":3},{"damage":1,"enemies":"Cultist","floor":5,"turns":4},{"damage":2,"enemies":"3 Louse","floor":10,"turns":16},{"damage":0,"enemies":"3 Sentries","floor":12,"turns":20},{"damage":12,"enemies":"Lots of Slimes","floor":14,"turns":10},{"damage":10,"enemies":"The Guardian","floor":16,"turns":42},{"damage":0,"enemies":"Spheric Guardian","floor":18,"turns":94},{"damage":0,"enemies":"2 Thieves","floor":22,"turns":4},{"damage":0,"enemies":"Gremlin Leader","floor":23,"turns":6},{"damage":22,"enemies":"Masked Bandits","floor":25,"turns":3},{"damage":0,"enemies":"3 Cultists","floor":28,"turns":4},{"damage":0,"enemies":"Champ","floor":33,"turns":7},{"damage":3,"enemies":"3 Darklings","floor":35,"turns":4},{"damage":10,"enemies":"3 Shapes","floor":36,"turns":4},{"damage":0,"enemies":"Jaw Worm Horde","floor":38,"turns":3},{"damage":13,"enemies":"Giant Head","floor":40,"turns":8},{"damage":9,"enemies":"Maw","floor":41,"turns":7},{"damage":0,"enemies":"Writhing Mass","floor":42,"turns":5},{"damage":12,"enemies":"Jaw Worm Horde","floor":48,"turns":4},{"damage":29,"enemies":"Awakened One","floor":50,"turns":8}],"seed_played":"4547498151467260378","potions_obtained":[{"floor":5,"key":"Elixir"},{"floor":10,"key":"Venom Potion"},{"floor":12,"key":"SteroidPotion"},{"floor":14,"key":"AttackPotion"},{"floor":16,"key":"Dexterity Potion"},{"floor":22,"key":"Block Potion"},{"floor":23,"key":"Elixir"},{"floor":25,"key":"PowerPotion"},{"floor":28,"key":"ColorlessPotion"},{"floor":33,"key":"Death Potion"},{"floor":35,"key":"PowerPotion"},{"floor":38,"key":"Dexterity Potion"},{"floor":40,"key":"ColorlessPotion"},{"floor":41,"key":"Energy Potion"},{"floor":42,"key":"Fruit Juice"},{"floor":48,"key":"Guardian:BlockOnCardUsePotion"}],"is_trial":false,"path_per_floor":["M","?","?","M","M","R","$","?","T","M","R","E","$","M","R","B",null,"M","?","?","?","M","E","R","?","T","R","M","$","?","T","R","B",null,"M","M","?","M","$","E","M","M","T","R","T","R","?","M","R","B",null],"character_chosen":"THE_CONSTRUCT_MOD","items_purchased":["construct:Autoturret","Blue Doll","construct:GuardCore","construct:MasterCore"],"campfire_rested":0,"item_purchase_floors":[7,7,39,39],"current_hp_per_floor":[81,70,70,70,69,69,69,69,69,67,67,67,67,55,55,45,85,85,85,85,69,69,69,69,47,47,47,47,47,52,52,52,52,85,82,72,72,72,72,59,50,57,57,57,57,57,57,45,45,16],"gold":361,"neow_bonus":"RANDOM_COMMON_RELIC","is_daily":false,"chose_seed":false,"campfire_upgraded":7,"win_rate":0.0,"timestamp":1611617834,"path_taken":["M","?","?","M","?","R","$","?","T","?","R","E","$","M","R","BOSS","M","?","?","?","M","E","R","?","T","R","?","$","?","?","R","BOSS","M","?","?","M","$","E","M","?","T","R","?","R","?","M","R","BOSS"],"items_purchased_type":["Card","Relic","Card","Relic"],"build_version":"2020-12-22","purchased_purges":1,"victory":true,"max_hp_per_floor":[85,85,85,85,85,85,85,85,85,85,85,85,85,85,85,85,85,85,85,85,85,85,85,85,85,85,85,85,85,85,85,85,85,85,85,85,85,85,85,85,85,92,92,92,92,92,92,92,92,92],"card_choices":[{"not_picked":["construct:HeavyBolt","construct:Accumulate","construct:ScrapCannon"],"picked":"SKIP","floor":1},{"not_picked":["construct:CriticalHit","construct:BatteryAcid","construct:Missile"],"picked":"SKIP","floor":4},{"not_picked":["construct:SaveState","construct:ModeShift","construct:Isolate"],"picked":"SKIP","floor":5},{"not_picked":["construct:Reinforce","construct:Hazardproof","construct:Failsafe"],"picked":"SKIP","floor":10},{"not_picked":["construct:OneWayMirror","construct:Boost","construct:PointDefense"],"picked":"SKIP","floor":12},{"not_picked":["construct:Backfire","construct:Missile","construct:Anticipate"],"picked":"SKIP","floor":14},{"not_picked":["construct:Forcefield+1","construct:Stasis"],"picked":"construct:FlameCore","floor":18},{"not_picked":["construct:FierceBash","construct:ScopeCore","construct:Construct_Overclock+1"],"picked":"SKIP","floor":22},{"not_picked":["construct:Enhance","construct:ReactiveShield+1"],"picked":"construct:Synchronize","floor":23},{"not_picked":["construct:ShiftStrike","construct:Boost"],"picked":"construct:Autoturret","floor":25},{"not_picked":["construct:Forcefield","construct:ClusterMines","construct:ModeShift"],"picked":"SKIP","floor":28},{"not_picked":["construct:Missile+1","construct:Reinforce"],"picked":"construct:Enhance","floor":35},{"not_picked":["construct:Zapper+1","construct:QuickAttack+1","construct:FierceBash+1"],"picked":"SKIP","floor":36},{"not_picked":["construct:Autoturret","construct:Backfire+1","construct:FierceBash+1"],"picked":"SKIP","floor":38},{"not_picked":["construct:HeavyBolt","construct:FierceBash"],"picked":"construct:MetalShell","floor":40},{"not_picked":["construct:Failsafe+1","construct:Tumble"],"picked":"construct:Enhance","floor":41},{"not_picked":["construct:Overcharge+1","construct:Boost","construct:Antimatter"],"picked":"SKIP","floor":42},{"not_picked":["construct:VentSteam+1","construct:SweepLaser","construct:Impenetrable"],"picked":"SKIP","floor":48}],"player_experience":157684,"relics_obtained":[{"floor":9,"key":"White Beast Statue"},{"floor":12,"key":"Centennial Puzzle"},{"floor":15,"key":"Bag of Preparation"},{"floor":21,"key":"Nilry\u0027s Codex"},{"floor":23,"key":"Tiny Chest"},{"floor":25,"key":"Red Mask"},{"floor":26,"key":"Oddly Smooth Stone"},{"floor":31,"key":"Replay:Bandana"},{"floor":32,"key":"Gremlin Horn"},{"floor":34,"key":"Art of War"},{"floor":34,"key":"Chameleon Ring"},{"floor":34,"key":"StSpp:WoodenStick"},{"floor":40,"key":"CCEMRelics:JestersCrown"},{"floor":43,"key":"ReplayTheSpireMod:Lightbulb"},{"floor":45,"key":"Mercury Hourglass"},{"floor":47,"key":"ReplayTheSpireMod:Ring of Exchange"}],"event_choices":[{"damage_healed":0,"gold_gain":75,"player_choice":"Gather Gold","damage_taken":11,"max_hp_gain":0,"max_hp_loss":0,"event_name":"World of Goop","floor":2,"gold_loss":0},{"damage_healed":0,"gold_gain":0,"player_choice":"Upgraded","damage_taken":0,"max_hp_gain":0,"max_hp_loss":0,"event_name":"Upgrade Shrine","floor":3,"gold_loss":0,"cards_upgraded":["construct:DefenseMode"]},{"cards_removed":["construct:Defend_Gold"],"damage_healed":0,"gold_gain":0,"player_choice":"Card Removal","damage_taken":0,"max_hp_gain":0,"max_hp_loss":0,"event_name":"Wheel of Change","floor":8,"gold_loss":0},{"damage_healed":0,"gold_gain":0,"player_choice":"Obtained Book","damage_taken":16,"max_hp_gain":0,"max_hp_loss":0,"event_name":"Cursed Tome","floor":21,"gold_loss":0},{"damage_healed":0,"gold_gain":0,"player_choice":"Fought Bandits","damage_taken":0,"max_hp_gain":0,"max_hp_loss":0,"event_name":"Masked Bandits","floor":25,"gold_loss":0},{"cards_removed":["construct:Autoturret"],"damage_healed":5,"gold_gain":0,"player_choice":"Offered Common","damage_taken":0,"max_hp_gain":0,"max_hp_loss":0,"event_name":"Bonfire Elementals","floor":30,"gold_loss":0},{"cards_removed":["construct:Autoturret"],"damage_healed":5,"gold_gain":0,"player_choice":"Offered Special","damage_taken":0,"max_hp_gain":0,"max_hp_loss":0,"event_name":"Bonfire Elementals","floor":30,"gold_loss":0},{"cards_removed":["construct:Enhance"],"damage_healed":0,"gold_gain":0,"player_choice":"Card Removal","damage_taken":0,"max_hp_gain":0,"max_hp_loss":0,"event_name":"Wheel of Change","floor":37,"gold_loss":0}],"is_beta":false,"boss_relics":[{"not_picked":["Philosopher\u0027s Stone","Busted Crown"],"picked":"construct:WeddingRing"},{"not_picked":["Pandora\u0027s Box","Sozu"],"picked":"Calling Bell"}],"items_purged_floors":[13],"is_endless":false,"potions_floor_spawned":[5,10,12,14,16,18,22,23,25,28,33,35,36,38,40,41,42,48],"ascension_level":0}}