{"host":"fuszjwm6fqgjjp4d","time":1611550072,"event":{"mods":["BaseMod","Bestiary","Colored Map","DeckTracker","Minty Spire (QoL Compilation)","Permanent Neow","Relic Sorter","Relic Stats","StSLib"],"gold_per_floor":[18,18,18,30,2,2,29,47,74,104,104,135,146,158,158,232,232,251,318,338,11,61,61,128,139,162,197,247,247,322,355,355,355,355],"floor_reached":33,"language":"ENG","playtime":2042,"items_purged":[],"score":660,"play_id":"503be696-d177-4f90-a332-a084d1002a78","local_time":"20210124224752","is_ascension_mode":true,"campfire_choices":[{"data":"Armaments","floor":6.0,"key":"SMITH"},{"data":"Limit Break","floor":11.0,"key":"SMITH"},{"data":"Inflame","floor":15.0,"key":"SMITH"},{"data":"Limit Break","floor":23.0,"key":"SMITH"},{"data":"Offering","floor":29,"key":"SMITH"},{"data":"Spot Weakness","floor":32,"key":"SMITH"}],"circlet_count":0,"master_deck":["AscendersBane","Strike_R+1","Strike_R+1","Strike_R+1","Strike_R+1","Defend_R+1","Defend_R+1","Defend_R+1","Defend_R+1","Bash","Limit Break+1","Headbutt","Battle Trance","Inflame+1","Armaments+1","Spot Weakness+1","Twin Strike","Twin Strike+1","Twin Strike+1","Flame Barrier","Uppercut+1","Limit Break+1","CurseOfTheBell","Sword Boomerang+1","Sword Boomerang+1","Offering+1"],"relics":["Burning Blood","SsserpentHead","Pen Nib","Centennial Puzzle","Molten Egg 2","Orichalcum","Calling Bell","MealTicket","Kunai","Torii","Sundial","Regal Pillow","Toy Ornithopter","Red Mask","Lantern"],"acts_visited":["Exordium","TheCity"],"potions_floor_usage":[25],"damage_taken":[{"damage":6.0,"enemies":"Jaw Worm","floor":1.0,"turns":5.0},{"damage":7.0,"enemies":"Small Slimes","floor":4.0,"turns":3.0},{"damage":26.0,"enemies":"Gremlin Nob","floor":7.0,"turns":4.0},{"damage":1.0,"enemies":"Cultist","floor":8.0,"turns":4.0},{"damage":15.0,"enemies":"Lagavulin","floor":10.0,"turns":5.0},{"damage":8.0,"enemies":"Gremlin Nob","floor":12.0,"turns":3.0},{"damage":0.0,"enemies":"Large Slime","floor":13.0,"turns":2.0},{"damage":8.0,"enemies":"Lots of Slimes","floor":14.0,"turns":4.0},{"damage":12.0,"enemies":"Slime Boss","floor":16.0,"turns":7.0},{"damage":10.0,"enemies":"Chosen","floor":18.0,"turns":5.0},{"damage":1.0,"enemies":"Spheric Guardian","floor":19.0,"turns":3.0},{"damage":18.0,"enemies":"Cultist and Chosen","floor":20.0,"turns":6.0},{"damage":6.0,"enemies":"Sentry and Sphere","floor":24.0,"turns":3.0},{"damage":6,"enemies":"Snecko","floor":25,"turns":2},{"damage":6,"enemies":"Gremlin Leader","floor":27,"turns":3},{"damage":6,"enemies":"Masked Bandits","floor":30,"turns":2},{"damage":20,"enemies":"Book of Stabbing","floor":31,"turns":3},{"damage":101,"enemies":"Automaton","floor":33,"turns":6}],"seed_played":"-4552970273478051554","potions_obtained":[{"floor":4.0,"key":"PowerPotion"},{"floor":7.0,"key":"EntropicBrew"},{"floor":10.0,"key":"SteroidPotion"},{"floor":13.0,"key":"PowerPotion"},{"floor":19.0,"key":"GamblersBrew"},{"floor":24.0,"key":"DuplicationPotion"},{"floor":30,"key":"BlessingOfTheForge"},{"floor":31,"key":"BlessingOfTheForge"}],"is_trial":false,"path_per_floor":["M","?","?","M","$","R","E","M","T","E","R","E","M","M","R","B",null,"M","M","M","$","?","R","M","M","T","E","?","R","?","E","R","B"],"character_chosen":"IRONCLAD","items_purchased":["Armaments","Sundial","SkillPotion"],"campfire_rested":0,"item_purchase_floors":[5,21,21],"current_hp_per_floor":[68,68,68,67,67,67,47,52,52,43,43,41,47,45,45,39,66,62,67,55,70,70,70,70,70,70,70,70,70,70,56,56,0,0],"gold":355,"neow_bonus":"THREE_RARE_CARDS","is_daily":false,"chose_seed":false,"campfire_upgraded":6,"win_rate":0.0,"timestamp":1611550072,"path_taken":["M","?","?","M","$","R","E","M","T","E","R","E","M","M","R","BOSS","M","?","M","$","?","R","?","M","T","E","?","R","?","E","R","BOSS"],"items_purchased_type":["Card","Relic","Potion"],"build_version":"2020-12-22","purchased_purges":0,"victory":false,"max_hp_per_floor":[75,75,75,75,75,75,75,75,75,75,75,75,75,75,75,75,75,75,75,75,75,75,75,75,75,75,75,75,75,75,75,75,75,75],"relic_stats":{"Regal Pillow":0,"Torii":8,"counters":[18,70],"Pen Nib":[10],"Orichalcum":[156],"Burning Blood":102,"SsserpentHead":250,"Centennial Puzzle":[39],"Sundial":[0],"MealTicket":15,"Kunai":[6],"obtain_stats":[{"Regal Pillow":26,"Lantern":31,"Torii":17,"Pen Nib":7,"Orichalcum":12,"Burning Blood":0,"Calling Bell":17,"SsserpentHead":3,"Centennial Puzzle":9,"Sundial":21,"Molten Egg 2":10,"MealTicket":17,"Red Mask":30,"Kunai":17,"Toy Ornithopter":27},{"Regal Pillow":14,"Lantern":17,"Torii":9,"Pen Nib":3,"Orichalcum":6,"Burning Blood":0,"Calling Bell":9,"SsserpentHead":1,"Centennial Puzzle":4,"Sundial":12,"Molten Egg 2":5,"MealTicket":9,"Red Mask":16,"Kunai":9,"Toy Ornithopter":15},{"Regal Pillow":56,"Lantern":64,"Torii":37,"Pen Nib":12,"Orichalcum":24,"Burning Blood":0,"Calling Bell":37,"SsserpentHead":5,"Centennial Puzzle":16,"Sundial":51,"Molten Egg 2":21,"MealTicket":37,"Red Mask":61,"Kunai":37,"Toy Ornithopter":59}],"Toy Ornithopter":0},"card_choices":[{"not_picked":["Brutality","Demon Form"],"picked":"Limit Break","floor":0.0},{"not_picked":["Feel No Pain","Sever Soul"],"picked":"Headbutt","floor":1.0},{"not_picked":["True Grit","Entrench"],"picked":"Inflame","floor":4.0},{"not_picked":["Cleave","Thunderclap"],"picked":"Spot Weakness","floor":7.0},{"not_picked":["Fire Breathing","Dual Wield"],"picked":"Twin Strike","floor":8.0},{"not_picked":["Clothesline+1","Body Slam+1"],"picked":"Twin Strike+1","floor":10.0},{"not_picked":["Anger+1","Dark Embrace"],"picked":"Twin Strike+1","floor":12.0},{"not_picked":["Havoc","Metallicize"],"picked":"Flame Barrier","floor":13.0},{"not_picked":["Shrug It Off","Battle Trance"],"picked":"Uppercut+1","floor":14.0},{"not_picked":["Offering","Exhume"],"picked":"Limit Break","floor":16.0},{"not_picked":["Heavy Blade+1","Iron Wave+1"],"picked":"Sword Boomerang+1","floor":18.0},{"not_picked":["Intimidate","Cleave+1","Rage"],"picked":"SKIP","floor":19.0},{"not_picked":["Warcry","Burning Pact"],"picked":"Sword Boomerang+1","floor":20.0},{"not_picked":["Perfected Strike+1","Body Slam+1","Power Through"],"picked":"SKIP","floor":24.0},{"not_picked":["Perfected Strike+1","Headbutt+1","Second Wind"],"picked":"SKIP","floor":25},{"not_picked":["Havoc","Barricade","Combust+1"],"picked":"SKIP","floor":27},{"not_picked":["Wild Strike+1","Rupture","Clash+1"],"picked":"SKIP","floor":31}],"player_experience":1343655,"relics_obtained":[{"floor":7.0,"key":"Pen Nib"},{"floor":9.0,"key":"Centennial Puzzle"},{"floor":10.0,"key":"Molten Egg 2"},{"floor":12.0,"key":"Orichalcum"},{"floor":17.0,"key":"MealTicket"},{"floor":17.0,"key":"Kunai"},{"floor":17.0,"key":"Torii"},{"floor":26,"key":"Regal Pillow"},{"floor":27,"key":"Toy Ornithopter"},{"floor":30,"key":"Red Mask"},{"floor":31,"key":"Lantern"}],"event_choices":[{"damage_healed":0.0,"max_hp_gain":0.0,"max_hp_loss":0.0,"gold_gain":0.0,"cards_transformed":["Strike_R"],"event_name":"Living Wall","player_choice":"Change","floor":2.0,"gold_loss":0.0,"damage_taken":0.0,"cards_obtained":["Battle Trance"]},{"damage_healed":0.0,"max_hp_gain":0.0,"max_hp_loss":0.0,"gold_gain":0.0,"event_name":"FaceTrader","player_choice":"Trade","floor":3.0,"gold_loss":0.0,"damage_taken":0.0,"relics_obtained":["SsserpentHead"]},{"damage_healed":0.0,"max_hp_gain":0.0,"max_hp_loss":0.0,"gold_gain":0.0,"event_name":"Match and Keep!","player_choice":"1 cards matched","floor":22.0,"gold_loss":0.0,"damage_taken":0.0,"cards_obtained":["Offering"]},{"damage_healed":0,"gold_gain":0,"player_choice":"Simplicity","damage_taken":0,"max_hp_gain":0,"max_hp_loss":0,"event_name":"Back to Basics","floor":28,"gold_loss":0,"cards_upgraded":["Strike_R","Strike_R","Strike_R","Strike_R","Defend_R","Defend_R","Defend_R","Defend_R"]},{"damage_healed":0,"gold_gain":0,"player_choice":"Fought Bandits","damage_taken":0,"max_hp_gain":0,"max_hp_loss":0,"event_name":"Masked Bandits","floor":30,"gold_loss":0}],"is_beta":false,"boss_relics":[{"not_picked":["Sozu","Pandora\u0027s Box"],"picked":"Calling Bell"}],"items_purged_floors":[],"is_endless":false,"potions_floor_spawned":[4,7,10,13,19,24,30,31],"killed_by":"Automaton","ascension_level":20}}