{"host":"4eao2pkwlmv012cz","time":1611544355,"event":{"mods":["BaseMod","Colored Powertips","Minty Spire (QoL Compilation)","Permanent Neow","Quick Restart","Random Character Button","StSLib"],"gold_per_floor":[219,369,13,27,41,41,75,75,75,32,47,47,47,63,63,137,137,153,153,153,153,153,153,153,153],"floor_reached":24,"language":"ENG","playtime":2442,"items_purged":[],"score":384,"play_id":"07b6a8c1-41b4-4699-a183-f31181c367bf","local_time":"20210124221235","is_ascension_mode":true,"campfire_choices":[{"data":"Zap","floor":6,"key":"SMITH"},{"data":"Coolheaded","floor":8,"key":"SMITH"},{"data":"Defragment","floor":13,"key":"SMITH"},{"data":"Creative AI","floor":15,"key":"SMITH"},{"data":"Barrage","floor":23,"key":"SMITH"}],"circlet_count":0,"master_deck":["AscendersBane","Strike_B","Strike_B","Strike_B","Strike_B","Defend_B","Defend_B","Defend_B","Defend_B","Zap+1","Dualcast","Compile Driver","Cold Snap","Coolheaded+1","Reinforced Body","Self Repair","Recycle","Defragment+1","Melter","Creative AI+1","Seek","Barrage+1","Writhe","Necronomicurse"],"relics":["Cracked Core","Eternal Feather","HornCleat","Ornamental Fan","GremlinMask","Inserter","Pantograph","Necronomicon"],"acts_visited":["Exordium","TheCity"],"potions_floor_usage":[7,7],"damage_taken":[{"damage":4,"enemies":"Small Slimes","floor":1,"turns":3},{"damage":2,"enemies":"Cultist","floor":4,"turns":4},{"damage":0,"enemies":"2 Louse","floor":5,"turns":3},{"damage":18,"enemies":"3 Sentries","floor":7,"turns":11},{"damage":4,"enemies":"Exordium Wildlife","floor":11,"turns":4},{"damage":9,"enemies":"Large Slime","floor":14,"turns":5},{"damage":35,"enemies":"Hexaghost","floor":16,"turns":12},{"damage":19,"enemies":"3 Byrds","floor":18,"turns":4},{"damage":45,"enemies":"Slavers","floor":24,"turns":3}],"seed_played":"-610369522638272885","potions_obtained":[{"floor":4,"key":"ColorlessPotion"},{"floor":5,"key":"SpeedPotion"}],"is_trial":false,"path_per_floor":["M","?","$","M","M","R","E","R","T","$","M","?","R","M","R","B",null,"M","?","?","?","?","R","E"],"character_chosen":"DEFECT","items_purchased":["Eternal Feather","Cold Snap","Coolheaded","Defragment"],"campfire_rested":0,"item_purchase_floors":[3,3,3,10],"current_hp_per_floor":[60,60,60,58,58,67,56,65,65,65,68,68,71,62,71,43,64,45,45,24,24,24,36,0,0],"gold":153,"neow_bonus":"HUNDRED_GOLD","is_daily":false,"chose_seed":false,"campfire_upgraded":5,"win_rate":0.0,"timestamp":1611544355,"path_taken":["M","?","$","M","M","R","E","R","T","$","M","?","R","M","R","BOSS","M","?","?","?","?","R","E"],"items_purchased_type":["Relic","Card","Card","Card"],"build_version":"2020-12-22","purchased_purges":0,"victory":false,"max_hp_per_floor":[71,71,71,71,71,71,71,71,71,71,71,71,71,71,71,71,71,71,71,71,71,71,71,71,71],"card_choices":[{"not_picked":["Gash","Steam"],"picked":"Compile Driver","floor":1},{"not_picked":["Beam Cell","White Noise"],"picked":"Reinforced Body","floor":4},{"not_picked":["Hologram","Leap"],"picked":"Self Repair","floor":5},{"not_picked":["Reprogram","Coolheaded"],"picked":"Recycle","floor":7},{"not_picked":["Gash","Cold Snap"],"picked":"Melter","floor":11},{"not_picked":["Streamline","Hologram"],"picked":"Creative AI","floor":14},{"not_picked":["All For One","Reboot"],"picked":"Seek","floor":16},{"not_picked":["Beam Cell+1","Force Field"],"picked":"Barrage","floor":18}],"player_experience":2855931,"relics_obtained":[{"floor":7,"key":"HornCleat"},{"floor":9,"key":"Ornamental Fan"},{"floor":20,"key":"Necronomicon"}],"event_choices":[{"damage_healed":0,"gold_gain":150,"player_choice":"AGREE","damage_taken":0,"max_hp_gain":0,"max_hp_loss":0,"event_name":"Liars Game","floor":2,"gold_loss":0,"cards_obtained":["Doubt"]},{"damage_healed":0,"gold_gain":0,"player_choice":"Trade","damage_taken":0,"relics_obtained":["GremlinMask"],"max_hp_gain":0,"max_hp_loss":0,"event_name":"FaceTrader","floor":12,"gold_loss":0},{"damage_healed":0,"gold_gain":0,"player_choice":"Opened","damage_taken":0,"relics_obtained":["Pantograph"],"max_hp_gain":0,"max_hp_loss":0,"event_name":"The Mausoleum","floor":19,"gold_loss":0,"cards_obtained":["Writhe"]},{"damage_healed":0,"gold_gain":0,"player_choice":"Obtained Book","damage_taken":21,"max_hp_gain":0,"max_hp_loss":0,"event_name":"Cursed Tome","floor":20,"gold_loss":0},{"cards_removed":["Doubt"],"damage_healed":0,"gold_gain":0,"player_choice":"Elegance","damage_taken":0,"max_hp_gain":0,"max_hp_loss":0,"event_name":"Back to Basics","floor":21,"gold_loss":0},{"damage_healed":0,"gold_gain":0,"player_choice":"Ignored","damage_taken":0,"max_hp_gain":0,"max_hp_loss":0,"event_name":"Ghosts","floor":22,"gold_loss":0}],"is_beta":false,"boss_relics":[{"not_picked":["Coffee Dripper","Pandora\u0027s Box"],"picked":"Inserter"}],"items_purged_floors":[],"is_endless":false,"potions_floor_spawned":[4,5],"killed_by":"Slavers","ascension_level":20}}