{"host":"wkuscavjg97fbbrj","time":1611562084,"event":{"mods":["BaseMod","Colored Powertips","Downfall","Minty Spire (QoL Compilation)","Permanent Neow","Quick Restart","Replay The Spire","StSLib"],"gold_per_floor":[99,109,127,138,149,149,222,242,21,30,78,143,225,26,96,96,96,96],"floor_reached":16,"language":"ENG","playtime":1111,"items_purged":["Sickly"],"score":104,"play_id":"397c37cf-13d5-4428-a9d4-8e657296864d","local_time":"20210125030804","is_ascension_mode":false,"campfire_choices":[{"data":"hexamod:Strike","floor":1.0,"key":"PURGE"},{"floor":6.0,"key":"RECALL"}],"circlet_count":0,"master_deck":["hexamod:Strike","hexamod:Strike","hexamod:Strike","hexamod:Defend","hexamod:Defend","hexamod:Defend","hexamod:Defend","hexamod:Sear","hexamod:Float","hexamod:NightmareStrike","hexamod:NightmareGuise","hexamod:Firestarter","hexamod:SecondSeal","hexamod:BurningTouch+1","hexamod:ThirdSeal","hexamod:Firestarter","hexamod:FastForward","hexamod:Rewind","ReplayTheSpireMod:Splinters","hexamod:ExtraCrispy","hexamod:NightmareStrike","hexamod:ParanormalForm","hexamod:Incineration","hexamod:PhantomFireball","hexamod:HeatCrush"],"relics":["hexamod:SpiritBrand","Bird Faced Urn","Darkstone Periapt","CeramicFish","ReplayTheSpireMod:Ring of Challenge","ReplayTheSpireMod:Lightbulb","Replay:Bottled Eggs"],"acts_visited":["Exordium"],"potions_floor_usage":[16,16],"damage_taken":[{"damage":0.0,"enemies":"Small Slimes","floor":2.0,"turns":3.0},{"damage":0.0,"enemies":"Cultist","floor":3.0,"turns":3.0},{"damage":0.0,"enemies":"Jaw Worm","floor":4.0,"turns":4.0},{"damage":2.0,"enemies":"Blue Slaver","floor":5.0,"turns":3.0},{"damage":0.0,"enemies":"Exordium Thugs","floor":8.0,"turns":3.0},{"damage":0.0,"enemies":"downfall:FleeingMerchant","floor":9.0,"turns":4.0},{"damage":0.0,"enemies":"Red Slaver","floor":11.0,"turns":5.0},{"damage":24.0,"enemies":"Replay:BlueRogue","floor":12.0,"turns":6.0},{"damage":12.0,"enemies":"downfall:FleeingMerchant","floor":14.0,"turns":4.0},{"damage":30.0,"enemies":"Lots of Slimes","floor":15.0,"turns":7.0},{"damage":16,"enemies":"SI_SHIV_ARCHETYPE","floor":16,"turns":7}],"seed_played":"2790880251431673415","potions_obtained":[{"floor":2.0,"key":"SpeedPotion"},{"floor":5.0,"key":"Fire Potion"},{"floor":11.0,"key":"SteroidPotion"},{"floor":15.0,"key":"champ:CounterPotion"}],"is_trial":false,"path_per_floor":["R","M","M","M","M","R","T","M","$","?","M","E","?","$","M","B"],"character_chosen":"THE_SPIRIT","items_purchased":["CeramicFish","hexamod:ThirdSeal","hexamod:Incineration","hexamod:PhantomFireball"],"campfire_rested":0,"item_purchase_floors":[9,9,14,14],"current_hp_per_floor":[49,49,49,49,47,47,47,47,49,55,57,35,41,35,7,0,0,0],"gold":96,"neow_bonus":"ONE_RARE_RELIC","is_daily":false,"chose_seed":false,"campfire_upgraded":0,"win_rate":0.0,"timestamp":1611562084,"path_taken":["R","M","M","M","M","R","T","M","$","?","M","E","?","$","M","BOSS"],"items_purchased_type":["Relic","Card","Card","Card"],"build_version":"2020-12-22","purchased_purges":1,"victory":false,"max_hp_per_floor":[70,70,70,70,70,70,70,70,70,76,76,76,82,82,82,82,82,82],"card_choices":[{"not_picked":["hexamod:SkipABeat","hexamod:ShieldOfDarkness"],"picked":"hexamod:NightmareStrike","floor":2.0},{"not_picked":["hexamod:SoulSteal","hexamod:GhostLash"],"picked":"hexamod:NightmareGuise","floor":3.0},{"not_picked":["hexamod:HeatCrush","hexamod:BurningTouch","hexamod:HeatShield"],"picked":"SKIP","floor":4.0},{"not_picked":["hexamod:AdvancingGuard","hexamod:FastForward"],"picked":"hexamod:Firestarter","floor":5.0},{"not_picked":["hexamod:FastForward","hexamod:ShieldOfDarkness"],"picked":"hexamod:SecondSeal","floor":8.0},{"not_picked":["hexamod:Firestarter","hexamod:Again"],"picked":"hexamod:BurningTouch","floor":9.0},{"not_picked":["hexamod:BacktrackSmack","hexamod:NightmareStrike"],"picked":"hexamod:Firestarter","floor":11.0},{"not_picked":["hexamod:AdvancingGuard","hexamod:TimeWarp"],"picked":"hexamod:FastForward","floor":12.0},{"not_picked":["hexamod:SwordOfDarkness","hexamod:SpectersWail"],"picked":"hexamod:Rewind","floor":12.0},{"not_picked":["hexamod:ThirdSeal","hexamod:AdvancingGuard"],"picked":"hexamod:ExtraCrispy","floor":13.0},{"not_picked":["hexamod:ThirdSeal","hexamod:TurnItUp"],"picked":"hexamod:NightmareStrike","floor":14.0},{"not_picked":["hexamod:NecessarySacrifice","hexamod:PhantomCloak"],"picked":"hexamod:ParanormalForm","floor":14.0},{"not_picked":["hexamod:NightmareGuise","hexamod:PhantomFireball"],"picked":"hexamod:HeatCrush","floor":15.0}],"player_experience":156616,"relics_obtained":[{"floor":7.0,"key":"Darkstone Periapt"},{"floor":10.0,"key":"ReplayTheSpireMod:Ring of Challenge"},{"floor":12.0,"key":"ReplayTheSpireMod:Lightbulb"},{"floor":13.0,"key":"Replay:Bottled Eggs"}],"event_choices":[],"is_beta":false,"boss_relics":[],"items_purged_floors":[14],"is_endless":false,"potions_floor_spawned":[2,5,11,15],"killed_by":"SI_SHIV_ARCHETYPE","ascension_level":0}}