{"host":"yd6hhqps9de4qmof","time":1611585810,"event":{"mods":["BaseMod","Downfall","Hermit","Highlight Path","Jorbs\u0027s Wanderer Trilogy","Minty Spire (QoL Compilation)","Relic Stats","Robot Space Explorer","Shade Mod","StSLib","The Cursed","The Disciple","The Marked","The Servant 0.9.4"],"gold_per_floor":[116,132,147,147,162,189,202,202,202,228,228,228,228,228,228,359,359,377,401,401,92,108,108,146,167,167,167,179,210,226,253,253,253,253],"floor_reached":33,"language":"ENG","playtime":1452,"items_purged":[],"score":393,"play_id":"4d939366-a7c4-4ba8-b71c-411d150196d8","local_time":"20210125154330","is_ascension_mode":true,"campfire_choices":[{"data":"RobotSpaceExplorer:PowerCollector","floor":8,"key":"SMITH"},{"floor":12,"key":"REST"},{"data":"RobotSpaceExplorer:Pulsar","floor":15,"key":"SMITH"},{"floor":23,"key":"REST"},{"floor":32,"key":"REST"}],"circlet_count":0,"master_deck":["RobotSpaceExplorer:Scan","RobotSpaceExplorer:MiniLasers","RobotSpaceExplorer:ChargingLaser","RobotSpaceExplorer:Fix","RobotSpaceExplorer:Electropulse","RobotSpaceExplorer:StarLightning+1","RobotSpaceExplorer:Scanner","RobotSpaceExplorer:PowerCollector+1","RobotSpaceExplorer:Pulsar+1","RobotSpaceExplorer:HighVoltage","RobotSpaceExplorer:Electropulse","RobotSpaceExplorer:Pulsar","RobotSpaceExplorer:Smokescreen","RobotSpaceExplorer:DroneSwarm","RobotSpaceExplorer:Calculate","RobotSpaceExplorer:SurgingStrike","RobotSpaceExplorer:Explosion","RobotSpaceExplorer:MiniDrones","RobotSpaceExplorer:ToxicBomb","RobotSpaceExplorer:MiniDrones+1","RobotSpaceExplorer:ScrapMissile+1","RobotSpaceExplorer:FrostMissile+1","RobotSpaceExplorer:Smokescreen+1"],"relics":["RobotSpaceExplorer:RoboCore","Dead Branch","Sundial","PreservedInsect","Bloody Idol","Pandora\u0027s Box","Gambling Chip","Mummified Hand","Meat on the Bone","Molten Egg 2","Art of War","InkBottle"],"acts_visited":["Exordium","TheCity"],"potions_floor_usage":[10,18,19,24,24,33,33],"damage_taken":[{"damage":0,"enemies":"Jaw Worm","floor":1,"turns":4},{"damage":0,"enemies":"Cultist","floor":2,"turns":3},{"damage":0,"enemies":"2 Louse","floor":3,"turns":1},{"damage":0,"enemies":"2 Fungi Beasts","floor":5,"turns":2},{"damage":35,"enemies":"Gremlin Nob","floor":6,"turns":5},{"damage":4,"enemies":"Blue Slaver","floor":7,"turns":3},{"damage":12,"enemies":"Lagavulin","floor":10,"turns":6},{"damage":19,"enemies":"Slime Boss","floor":16,"turns":8},{"damage":4,"enemies":"Spheric Guardian","floor":18,"turns":3},{"damage":11,"enemies":"2 Thieves","floor":19,"turns":2},{"damage":16,"enemies":"Snake Plant","floor":22,"turns":5},{"damage":30,"enemies":"Slavers","floor":24,"turns":6},{"damage":29,"enemies":"Snecko","floor":25,"turns":5},{"damage":3,"enemies":"3 Cultists","floor":28,"turns":3},{"damage":0,"enemies":"Gremlin Leader","floor":29,"turns":4},{"damage":20,"enemies":"Snake Plant","floor":30,"turns":4},{"damage":8,"enemies":"Slavers","floor":31,"turns":2},{"damage":68,"enemies":"Champ","floor":33,"turns":9}],"seed_played":"-559577185584336036","potions_obtained":[{"floor":3,"key":"sneckomod:MuddlingPotion"},{"floor":6,"key":"SneckoOil"},{"floor":7,"key":"Dexterity Potion"},{"floor":16,"key":"GamblersBrew"},{"floor":18,"key":"Fire Potion"},{"floor":25,"key":"RobotSpaceExplorer:PlasmaFlask"},{"floor":28,"key":"SmokeBomb"}],"is_trial":false,"path_per_floor":["M","M","M","?","M","E","M","R","T","E","?","R","?","?","R","B",null,"M","M","?","$","M","R","E","M","T","?","M","E","M","E","R","B"],"character_chosen":"RobotSpaceExplorer","items_purchased":["Mummified Hand","SkillPotion"],"campfire_rested":3,"item_purchase_floors":[21,21],"current_hp_per_floor":[75,75,75,75,75,44,44,44,44,36,29,51,51,51,51,36,69,65,58,58,58,46,66,40,27,27,27,41,46,47,44,64,0,0],"gold":253,"neow_bonus":"ONE_RANDOM_RARE_CARD","is_daily":false,"chose_seed":false,"campfire_upgraded":2,"win_rate":0.0,"timestamp":1611585810,"path_taken":["M","M","M","?","?","E","M","R","T","E","?","R","?","?","R","BOSS","M","M","?","$","M","R","E","M","T","?","M","E","M","E","R","BOSS"],"items_purchased_type":["Relic","Potion"],"build_version":"2020-12-22","purchased_purges":0,"victory":false,"max_hp_per_floor":[75,75,75,75,75,75,75,75,75,75,75,75,75,69,69,69,69,69,69,69,69,69,69,69,69,69,69,69,69,69,69,69,69,69],"relic_stats":{"counters":[18,75],"Sundial":[8],"Mummified Hand":[25],"Dead Branch":[20],"Bloody Idol":20,"Gambling Chip":[39],"Pandora\u0027s Box":["RobotSpaceExplorer:Electropulse","RobotSpaceExplorer:Pulsar","RobotSpaceExplorer:Smokescreen","RobotSpaceExplorer:DroneSwarm","RobotSpaceExplorer:Calculate","RobotSpaceExplorer:SurgingStrike","RobotSpaceExplorer:Explosion"],"PreservedInsect":124,"Art of War":[0],"obtain_stats":[{"Golden Idol":14,"Dead Branch":6,"RobotSpaceExplorer:RoboCore":0,"PreservedInsect":10,"Sundial":9,"Mummified Hand":21,"Gambling Chip":20,"Bloody Idol":27,"Pandora\u0027s Box":17,"Molten Egg 2":26,"Art of War":29,"InkBottle":31,"Meat on the Bone":24},{"Golden Idol":7,"Dead Branch":5,"RobotSpaceExplorer:RoboCore":0,"PreservedInsect":7,"Sundial":6,"Mummified Hand":10,"Gambling Chip":10,"Bloody Idol":13,"Pandora\u0027s Box":8,"Molten Egg 2":13,"Art of War":15,"InkBottle":17,"Meat on the Bone":12},{"Golden Idol":24,"Dead Branch":15,"RobotSpaceExplorer:RoboCore":0,"PreservedInsect":24,"Sundial":18,"Mummified Hand":37,"Gambling Chip":37,"Bloody Idol":53,"Pandora\u0027s Box":32,"Molten Egg 2":53,"Art of War":60,"InkBottle":66,"Meat on the Bone":48}],"InkBottle":[4],"Meat on the Bone":36},"card_choices":[{"not_picked":["RobotSpaceExplorer:Counterblock","RobotSpaceExplorer:MiniDrones"],"picked":"RobotSpaceExplorer:Fix","floor":1},{"not_picked":["RobotSpaceExplorer:TurboDodge","RobotSpaceExplorer:SlimeMissile"],"picked":"RobotSpaceExplorer:Electropulse","floor":2},{"not_picked":["RobotSpaceExplorer:Jetpack","RobotSpaceExplorer:Counterblock"],"picked":"RobotSpaceExplorer:StarLightning","floor":3},{"not_picked":["RobotSpaceExplorer:ShockKick","RobotSpaceExplorer:MiniDrones","RobotSpaceExplorer:SlimeMissile"],"picked":"SKIP","floor":5},{"not_picked":["RobotSpaceExplorer:MakeshiftVolley","RobotSpaceExplorer:SelfCleaning","RobotSpaceExplorer:ImprovisedAttack"],"picked":"SKIP","floor":6},{"not_picked":["RobotSpaceExplorer:Calculate","RobotSpaceExplorer:PowerGlove"],"picked":"RobotSpaceExplorer:PowerCollector","floor":7},{"not_picked":["RobotSpaceExplorer:Calculate","RobotSpaceExplorer:SlimeMissile"],"picked":"RobotSpaceExplorer:Pulsar","floor":10},{"not_picked":["RobotSpaceExplorer:Scanner","RobotSpaceExplorer:Wormhole"],"picked":"RobotSpaceExplorer:HighVoltage","floor":16},{"not_picked":["RobotSpaceExplorer:SlimeMissile","RobotSpaceExplorer:FrostMissile"],"picked":"RobotSpaceExplorer:MiniDrones","floor":18},{"not_picked":["RobotSpaceExplorer:GlueShot","RobotSpaceExplorer:BigMissile+1","RobotSpaceExplorer:Reload"],"picked":"SKIP","floor":19},{"not_picked":["RobotSpaceExplorer:SurgingStrike","RobotSpaceExplorer:GlueShot","RobotSpaceExplorer:Electropulse"],"picked":"SKIP","floor":22},{"not_picked":["RobotSpaceExplorer:SwiftStep","RobotSpaceExplorer:ScrapToss"],"picked":"RobotSpaceExplorer:ToxicBomb","floor":24},{"not_picked":["RobotSpaceExplorer:MetalStrike","RobotSpaceExplorer:SelfCleaning","RobotSpaceExplorer:ShockKick"],"picked":"SKIP","floor":25},{"not_picked":["RobotSpaceExplorer:MetalStrike+1","RobotSpaceExplorer:JunkDive"],"picked":"RobotSpaceExplorer:MiniDrones+1","floor":28},{"not_picked":["RobotSpaceExplorer:BlastShield","RobotSpaceExplorer:SwiftStep"],"picked":"RobotSpaceExplorer:ScrapMissile+1","floor":29},{"not_picked":["RobotSpaceExplorer:ImprovisedAttack+1","RobotSpaceExplorer:ScrapMissile+1"],"picked":"RobotSpaceExplorer:FrostMissile+1","floor":30},{"not_picked":["RobotSpaceExplorer:ScrapToss+1","RobotSpaceExplorer:LuckyStrike+1"],"picked":"RobotSpaceExplorer:Smokescreen+1","floor":31}],"player_experience":1174243,"relics_obtained":[{"floor":6,"key":"Dead Branch"},{"floor":9,"key":"Sundial"},{"floor":10,"key":"PreservedInsect"},{"floor":24,"key":"Meat on the Bone"},{"floor":26,"key":"Molten Egg 2"},{"floor":29,"key":"Art of War"},{"floor":31,"key":"InkBottle"}],"event_choices":[{"damage_healed":0,"gold_gain":0,"player_choice":"1 cards matched","damage_taken":0,"max_hp_gain":0,"max_hp_loss":0,"event_name":"Match and Keep!","floor":4,"gold_loss":0,"cards_obtained":["RobotSpaceExplorer:Scanner"]},{"cards_removed":["RobotSpaceExplorer:Strike"],"damage_healed":0,"gold_gain":0,"player_choice":"Card Removal","damage_taken":7,"max_hp_gain":0,"max_hp_loss":0,"event_name":"Golden Wing","floor":11,"gold_loss":0},{"damage_healed":0,"gold_gain":0,"player_choice":"Grow","damage_taken":0,"max_hp_gain":0,"max_hp_loss":0,"event_name":"Living Wall","floor":13,"gold_loss":0,"cards_upgraded":["RobotSpaceExplorer:StarLightning"]},{"damage_healed":0,"gold_gain":0,"player_choice":"Lose Max HP","damage_taken":0,"relics_obtained":["Golden Idol"],"max_hp_gain":0,"max_hp_loss":6,"event_name":"Golden Idol","floor":14,"gold_loss":0},{"damage_healed":0,"gold_gain":0,"player_choice":"Opened","damage_taken":0,"relics_obtained":["Gambling Chip"],"max_hp_gain":0,"max_hp_loss":0,"event_name":"The Mausoleum","floor":20,"gold_loss":0},{"damage_healed":0,"gold_gain":0,"player_choice":"Gave Idol","damage_taken":0,"relics_obtained":["Bloody Idol"],"max_hp_gain":0,"max_hp_loss":0,"event_name":"Forgotten Altar","floor":27,"relics_lost":["Golden Idol"],"gold_loss":0}],"is_beta":false,"boss_relics":[{"not_picked":["Empty Cage","Astrolabe"],"picked":"Pandora\u0027s Box"}],"items_purged_floors":[],"is_endless":false,"potions_floor_spawned":[3,6,7,16,18,25,28,31],"killed_by":"Champ","ascension_level":3}}