{"host":"Jade","time":1611545979,"event":{"mods":["2.2 Compatiblity","A Penny For Your Troubles","Aspiration","BaseMod","Better Altar","Better Match","Better Note","Better Skull","Better Third Choice","Better Vampires","BetterRewards","Colored Powertips","Conspire","Curses Come First","DeckTracker","GifTheSpireLib","Hero for Fun","Hubris","Infinite Spire","Minty Spire (QoL Compilation)","Quick Restart","Rare Cards Sparkle","Relic Stats","Replay The Spire","RumiaBox-????????","StSLib","Stuff the Spire","Wandering Minibosses"],"gold_per_floor":[99,99,114,114,93,93,93,106,106,136,61,81,95,130,130,234,234,249,249,262,278,291,51,51,80,127,127,138,163,180,180,180,180,180],"floor_reached":33,"language":"ENG","playtime":1687,"items_purged":["Defend_G"],"score":322,"play_id":"1dce273b-2429-415c-b35d-2cd1c031cc58","local_time":"20210125113939","is_ascension_mode":false,"campfire_choices":[{"floor":6,"key":"REST"},{"floor":15,"key":"REST"},{"floor":27,"key":"REST"},{"data":"Blade Dance","floor":32,"key":"SMITH"}],"circlet_count":0,"master_deck":["Strike_G","Strike_G","Strike_G","Strike_G","Defend_G","Defend_G","Defend_G","Defend_G","Survivor","Neutralize","Poisoned Strike","Slice","Slice","Blade Dance+1","Poison Darts","conspire:DoublingDagger","Burst"],"relics":["Ring of the Snake","Basket Of Snakes","Vajra","Letter Opener","infinitespire:BottledMercury","Bag of Marbles","StuffTheSpire:Experiment12","hubris:PeanutButter","MutagenicStrength","Lantern","SSSystem","Replay:Baseball"],"acts_visited":["Exordium","TheCity"],"potions_floor_usage":[10,10,14,16,25,33],"damage_taken":[{"damage":0.0,"enemies":"Small Slimes","floor":1.0,"turns":3.0},{"damage":1,"enemies":"2 Louse","floor":3,"turns":2},{"damage":0,"enemies":"Cultist","floor":8,"turns":3},{"damage":13,"enemies":"3 Sentries","floor":10,"turns":9},{"damage":2,"enemies":"Looter","floor":12,"turns":2},{"damage":1,"enemies":"Exordium Thugs","floor":13,"turns":3},{"damage":8,"enemies":"Gremlin Nob","floor":14,"turns":3},{"damage":24,"enemies":"The Guardian","floor":16,"turns":7},{"damage":1,"enemies":"Chosen","floor":18,"turns":3},{"damage":7,"enemies":"conspire:FuzzyDice","floor":20,"turns":5},{"damage":35,"enemies":"Chosen and Byrds","floor":21,"turns":6},{"damage":12,"enemies":"Snake Plant","floor":22,"turns":3},{"damage":6,"enemies":"Slavers","floor":25,"turns":4},{"damage":11,"enemies":"Centurion and Healer","floor":28,"turns":4},{"damage":0,"enemies":"conspire:Head Lice","floor":29,"turns":2},{"damage":0,"enemies":"Chosen and Byrds","floor":30,"turns":3},{"damage":43,"enemies":"conspire:MysteriousRune","floor":33,"turns":7}],"seed_played":"-6566870044752112664","potions_obtained":[{"floor":1,"key":"Weak Potion"},{"floor":3,"key":"GamblersBrew"},{"floor":13,"key":"Explosive Potion"},{"floor":14,"key":"ColorlessPotion"},{"floor":16,"key":"FairyPotion"},{"floor":18,"key":"BlessingOfTheForge"},{"floor":28,"key":"Weak Potion"}],"is_trial":false,"path_per_floor":["M","?","M","?","?","R","T","M","T","E","$","M","M","E","R","B",null,"M","?","M","M","M","$","?","E","T","R","M","E","M","?","R","B"],"character_chosen":"THE_SILENT","items_purchased":["Poisoned Strike","Vajra","Slice","SpeedPotion","hubris:PeanutButter"],"campfire_rested":3,"item_purchase_floors":[0,0,0,0,23],"current_hp_per_floor":[38,38,37,20,20,41,41,41,41,28,28,26,25,17,38,14,70,69,69,62,27,15,15,15,9,9,30,19,19,19,19,19,0,0],"gold":180,"neow_bonus":"","is_daily":false,"chose_seed":false,"campfire_upgraded":1,"win_rate":0.0,"timestamp":1611545979,"path_taken":["M","?","M","?","?","R","?","M","T","E","?","M","?","E","R","BOSS","M","?","M","?","M","$","?","E","T","R","M","E","M","?","R","BOSS"],"items_purchased_type":["Card","Relic","Card","Potion","Relic"],"build_version":"2020-11-17","purchased_purges":1,"victory":false,"max_hp_per_floor":[70,70,70,70,70,70,70,70,70,70,70,70,70,70,70,70,70,70,70,70,70,70,70,70,70,70,70,70,70,70,70,70,70,70],"relic_stats":{"counters":[17,69],"Letter Opener":[50],"obtain_stats":[{"Ice Cream":0,"TwistedFunnel":0,"infinitespire:BottledMercury":9,"Lantern":25,"Torii":0,"StuffTheSpire:Rhapsscallions":0,"Vajra":0,"SSSystem":26,"StoneCalendar":0,"Snake Skull":0,"Incense Burner":0,"Ginger":0,"Sling":0,"StuffTheSpire:Experiment12":14,"aspiration:AnachronicSnailShell":0,"hubris:CuriousFeather":0,"hubris:FunFungus":0,"Replay:Wax Seal":0,"Toxic Egg 2":0,"Ring of the Snake":0,"MoreBug":0,"The Specimen":0,"hubris:64BitClover":0,"Basket Of Snakes":0,"Oddly Smooth Stone":0,"Tingsha":0,"Replay:Kaleidoscope":0,"Letter Opener":7,"ChaoDraw":0,"Peace Pipe":0,"Pondfish Scales":0,"Replay:Baseball":29,"StuffTheSpire:Mouthbags":0,"infinitespire:WardingShard":0,"PlanX":0,"MutagenicStrength":24,"hubris:PeanutButter":0,"infinitespire:EmpoweringShard":0,"Bag of Marbles":10,"Unceasing Top":0,"FossilizedHelix":0},{"Ice Cream":0,"TwistedFunnel":0,"infinitespire:BottledMercury":3,"Lantern":13,"Torii":0,"StuffTheSpire:Rhapsscallions":0,"Vajra":0,"SSSystem":13,"StoneCalendar":0,"Snake Skull":0,"Incense Burner":0,"Ginger":0,"Sling":0,"StuffTheSpire:Experiment12":7,"aspiration:AnachronicSnailShell":0,"hubris:CuriousFeather":0,"hubris:FunFungus":0,"Replay:Wax Seal":0,"Toxic Egg 2":0,"Ring of the Snake":0,"MoreBug":0,"The Specimen":0,"hubris:64BitClover":0,"Basket Of Snakes":0,"Oddly Smooth Stone":0,"Tingsha":0,"Replay:Kaleidoscope":0,"Letter Opener":2,"ChaoDraw":0,"Peace Pipe":0,"Pondfish Scales":0,"Replay:Baseball":15,"StuffTheSpire:Mouthbags":0,"infinitespire:WardingShard":0,"PlanX":0,"MutagenicStrength":12,"hubris:PeanutButter":0,"infinitespire:EmpoweringShard":0,"Bag of Marbles":4,"Unceasing Top":0,"FossilizedHelix":0},{"Ice Cream":0,"TwistedFunnel":0,"infinitespire:BottledMercury":8,"Lantern":53,"Torii":0,"StuffTheSpire:Rhapsscallions":0,"Vajra":0,"SSSystem":53,"StoneCalendar":0,"Snake Skull":0,"Incense Burner":0,"Ginger":0,"Sling":0,"StuffTheSpire:Experiment12":25,"aspiration:AnachronicSnailShell":0,"hubris:CuriousFeather":0,"hubris:FunFungus":0,"Replay:Wax Seal":0,"Toxic Egg 2":0,"Ring of the Snake":0,"MoreBug":0,"The Specimen":0,"hubris:64BitClover":0,"Basket Of Snakes":0,"Oddly Smooth Stone":0,"Tingsha":0,"Replay:Kaleidoscope":0,"Letter Opener":5,"ChaoDraw":0,"Peace Pipe":0,"Pondfish Scales":0,"Replay:Baseball":59,"StuffTheSpire:Mouthbags":0,"infinitespire:WardingShard":0,"PlanX":0,"MutagenicStrength":49,"hubris:PeanutButter":0,"infinitespire:EmpoweringShard":0,"Bag of Marbles":17,"Unceasing Top":0,"FossilizedHelix":0}],"Ring of the Snake":[34]},"card_choices":[{"not_picked":["Deadly Poison","Toxin Wave"],"picked":"Slice","floor":1},{"not_picked":["hubris:SlightOfHand","StuffTheSpire:ClusterCrunch","Underhanded Strike"],"picked":"SKIP","floor":3},{"not_picked":["Blur","StuffTheSpire:BumpUp","Flying Knee"],"picked":"SKIP","floor":8},{"not_picked":["Calculated Gamble","conspire:DoublingDagger"],"picked":"Blade Dance","floor":10},{"not_picked":["StuffTheSpire:Fury","Dagger Throw","A Thousand Cuts"],"picked":"SKIP","floor":12},{"not_picked":["PiercingWail","hubris:SlightOfHand","StuffTheSpire:ClusterCrunch"],"picked":"SKIP","floor":13},{"not_picked":["Bane","Die Die Die","Prepared"],"picked":"SKIP","floor":14},{"not_picked":["Venomology","Unload"],"picked":"Poison Darts","floor":16},{"not_picked":["Quick Slash","Outmaneuver+1","StuffTheSpire:Repulse"],"picked":"SKIP","floor":18},{"not_picked":["All Out Attack","Deflect+1","Flechettes"],"picked":"SKIP","floor":20},{"not_picked":["Outmaneuver","Sucker Punch","Noxious Fumes"],"picked":"SKIP","floor":21},{"not_picked":["Crippling Poison","Tactician","StuffTheSpire:MirrorStance+1"],"picked":"SKIP","floor":22},{"not_picked":["Underhanded Strike","Glass Knife","Dodge and Roll+1"],"picked":"SKIP","floor":25},{"not_picked":["Dagger Spray+1","Sucker Punch"],"picked":"conspire:DoublingDagger","floor":28},{"not_picked":["Deadly Poison+1","StuffTheSpire:Shiver"],"picked":"Burst","floor":29},{"not_picked":["Sneak Up","Backflip","Prepared+1"],"picked":"SKIP","floor":30}],"player_experience":35345,"relics_obtained":[{"floor":7,"key":"Letter Opener"},{"floor":9,"key":"infinitespire:BottledMercury"},{"floor":10,"key":"Bag of Marbles"},{"floor":14,"key":"StuffTheSpire:Experiment12"},{"floor":25,"key":"Lantern"},{"floor":26,"key":"SSSystem"},{"floor":29,"key":"Replay:Baseball"}],"event_choices":[{"damage_healed":0,"gold_gain":0,"player_choice":"Left","damage_taken":0,"max_hp_gain":0,"max_hp_loss":0,"event_name":"betterThird:BetterGoop","floor":5,"gold_loss":21},{"damage_healed":0,"gold_gain":0,"player_choice":"Ignored","damage_taken":0,"max_hp_gain":0,"max_hp_loss":0,"event_name":"betterNote:BetterNote","floor":19,"gold_loss":0,"cards_obtained":["ReplayTheSpireMod:Brewmster"]},{"damage_healed":0,"gold_gain":0,"player_choice":"Inject Mutagens","damage_taken":0,"relics_obtained":["MutagenicStrength"],"max_hp_gain":0,"max_hp_loss":0,"event_name":"Drug Dealer","floor":24,"gold_loss":0},{"cards_removed":["Strike_G"],"damage_healed":0,"gold_gain":0,"player_choice":"Purged","damage_taken":0,"max_hp_gain":0,"max_hp_loss":0,"event_name":"Purifier","floor":31,"gold_loss":0}],"is_beta":true,"boss_relics":[{"not_picked":["Replay:Drink Me","Replay:Bronze Core","hubris:RunicObelisk"]}],"items_purged_floors":[11],"is_endless":false,"potions_floor_spawned":[1,3,13,14,16,18,20,28],"killed_by":"conspire:MysteriousRune","ascension_level":0}}