{"host":"6hyess0ebv7cxwmj","time":1611584893,"event":{"mods":["Act Like it!","BaseMod","Gensokyo","HololiveMod","Koishi","Marisa£®ÏF”Í°°ƒß¿Ì…≥£©","Minty Spire (QoL Compilation)","Quick Restart","Reimu£®≤©¿ˆ¡È√Œ£©","Shop Mod","StSLib","The Animator","The Servant 0.9.4","ÛÙª÷∏ƒœ"],"gold_per_floor":[11500,11511,10153,10171,10191,9439,9467,9467,9491,8555,8571,8571,8581,8595,8595,8672,8672,8692,8712,8762,7845,7864,7892,7892,7857,7857,7868,7894,7894,6762,6812,5966,6045,6045,6060,6110,6160,6210,6260,5527,4482,4512,4537,4639,4639,4649,4649,4681,3714,3714],"floor_reached":51,"language":"ZHS","playtime":2579,"items_purged":["Defend_B","Strike_B","Strike_B","Strike_B","Defend_B","Writhe","Turbo","Dualcast","Leap"],"score":1717,"play_id":"8e039ef1-9e7e-4116-b183-4611d10749c4","local_time":"20210125222813","is_ascension_mode":true,"campfire_choices":[{"data":"Beam Cell","floor":12.0,"key":"SMITH"},{"data":"Blind","floor":15.0,"key":"SMITH"},{"data":"Zap","floor":24,"key":"SMITH"},{"data":"Good Instincts","floor":29,"key":"SMITH"},{"data":"Coolheaded","floor":45,"key":"SMITH"},{"data":"Skim","floor":47,"key":"SMITH"}],"circlet_count":0,"master_deck":["AscendersBane","Zap+1","Blind+1","Sadistic Nature+1","Beam Cell+1","Go for the Eyes","Gash","CurseOfTheBell","Gash","Good Instincts+1","Good Instincts","Conserve Battery","All For One","Skim+1","Madness","Madness","Coolheaded+1","Impatience","Streamline","Scrape","Impatience"],"relics":["Cracked Core","MerchantsRug","Frozen Egg 2","Tea:ReiMu","Toolbox","Mercury Hourglass","RuthlessExorcism:ReiMu","TentaclePot:ReiMu","Juzu Bracelet","SsserpentHead","Mastiff:ReiMu","Unceasing Top","Ornamental Fan","OrangePellets","Calling Bell","Anchor","Singing Bowl","Bird Faced Urn","Turnip","Orichalcum","TheAbacus","Bronze Scales","Du-Vu Doll","Pantograph","White Beast Statue","Frozen Eye","Pear","Bottled Lightning","Thread and Needle","Darkstone Periapt","Prayer Wheel","Pandora\u0027s Box","CrazyTorch:ReiMu","Toy Ornithopter","Omamori","Orrery","Eternal Feather","Lee\u0027s Waffle","Bottled Flame","Meat on the Bone","DataDisk","CatCart","CaptainsWheel","Pen Nib","Blue Candle","HandDrill"],"acts_visited":["Exordium","TheCity","TheBeyond"],"potions_floor_usage":[22,22,27,48,50],"damage_taken":[{"damage":1.0,"enemies":"Cultist","floor":1.0,"turns":3.0},{"damage":2.0,"enemies":"Jaw Worm","floor":2.0,"turns":3.0},{"damage":0.0,"enemies":"2 Louse","floor":4.0,"turns":2.0},{"damage":1.0,"enemies":"Blue Slaver","floor":5.0,"turns":3.0},{"damage":6.0,"enemies":"Lagavulin","floor":7.0,"turns":3.0},{"damage":0.0,"enemies":"Red Slaver","floor":11.0,"turns":3.0},{"damage":0.0,"enemies":"2 Fungi Beasts","floor":13.0,"turns":1.0},{"damage":0.0,"enemies":"Exordium Wildlife","floor":14.0,"turns":3.0},{"damage":19.0,"enemies":"The Guardian","floor":16.0,"turns":8.0},{"damage":0.0,"enemies":"3 Byrds","floor":18.0,"turns":2.0},{"damage":3.0,"enemies":"Chosen","floor":19.0,"turns":4.0},{"damage":28,"enemies":"Snecko","floor":22,"turns":5},{"damage":6,"enemies":"Gremlin Leader","floor":23,"turns":6},{"damage":9,"enemies":"Chosen and Byrds","floor":27,"turns":4},{"damage":13,"enemies":"Book of Stabbing","floor":28,"turns":4},{"damage":38,"enemies":"Collector","floor":33,"turns":8},{"damage":0,"enemies":"3 Darklings","floor":35,"turns":3},{"damage":0,"enemies":"Nemesis","floor":42,"turns":5},{"damage":0,"enemies":"Orin","floor":44,"turns":4},{"damage":1,"enemies":"3 Shapes","floor":46,"turns":2},{"damage":17,"enemies":"Reptomancer","floor":48,"turns":4},{"damage":0,"enemies":"Donu and Deca","floor":50,"turns":3}],"seed_played":"7222016375535636641","potions_obtained":[{"floor":7.0,"key":"Fire Potion"},{"floor":22,"key":"GamblersBrew"},{"floor":23,"key":"ZuzhouPotion:ReiMu"},{"floor":36,"key":"Fire Potion"},{"floor":46,"key":"EntropicBrew"},{"floor":48,"key":"Weak Potion"}],"is_trial":false,"path_per_floor":["M","M","$","M","M","R","E","?","T","R","M","R","M","M","R","B",null,"M","M","?","$","M","E","R","?","T","M","E","R","$","?","R","B",null,"M","?","?","?","T","R","$","E","T","?","R","M","R","E","R","B",null],"character_chosen":"DEFECT","items_purchased":["MerchantsRug","Frozen Egg 2","Tea:ReiMu","Toolbox","Dexterity Potion","ColorlessPotion","Blind","Sadistic Nature+1","Mercury Hourglass","RuthlessExorcism:ReiMu","TentaclePot:ReiMu","Go for the Eyes","Unceasing Top","Ornamental Fan","OrangePellets","Fire Potion","Turnip","Orichalcum","TheAbacus","Good Instincts","Frozen Eye","Pear","Bottled Lightning","EssenceOfDarkness","Good Instincts","Darkstone Periapt","Prayer Wheel","Conserve Battery","Toy Ornithopter","Omamori","Orrery","Eternal Feather","Lee\u0027s Waffle","Impatience","Bottled Flame","Pen Nib","Blue Candle","HandDrill","Impatience"],"campfire_rested":0,"item_purchase_floors":[3,3,3,3,3,3,3,3,6,6,6,6,10,10,10,10,21,21,21,21,30,30,30,30,30,32,32,32,40,40,40,41,41,41,41,49,49,49,49],"current_hp_per_floor":[63,61,61,61,60,60,54,54,54,54,54,54,54,54,54,35,62,66,67,67,67,43,41,41,41,41,38,29,29,39,39,39,28,75,81,81,81,64,64,70,108,110,110,112,112,113,114,97,109,114],"gold":3714,"neow_bonus":"REMOVE_CARD","is_daily":false,"chose_seed":false,"campfire_upgraded":6,"win_rate":0.0,"timestamp":1611584893,"path_taken":["M","M","$","M","M","R","E","?","T","R","M","R","M","M","R","BOSS","M","M","?","$","M","E","R","?","T","M","E","R","$","?","R","BOSS","M","?","?","?","?","R","$","E","T","?","R","M","R","E","R","BOSS"],"items_purchased_type":["Relic","Relic","Relic","Relic","Potion","Potion","Card","Card","Relic","Relic","Relic","Card","Relic","Relic","Relic","Potion","Relic","Relic","Relic","Card","Relic","Relic","Relic","Potion","Card","Relic","Relic","Card","Relic","Relic","Relic","Relic","Relic","Card","Relic","Relic","Relic","Relic","Card"],"build_version":"2020-12-22","purchased_purges":9,"victory":true,"max_hp_per_floor":[71,71,71,71,71,71,71,71,71,71,71,71,71,71,71,71,71,71,73,73,73,75,77,77,77,77,79,81,81,91,91,91,91,91,95,95,95,95,95,101,108,110,110,112,112,114,114,114,114,114],"card_choices":[{"not_picked":["Redo","Chaos"],"picked":"Leap","floor":1.0},{"not_picked":["Barrage","Rebound","Rip and Tear"],"picked":"SKIP","floor":2.0},{"not_picked":["Self Repair+1","Barrage"],"picked":"Beam Cell","floor":4.0},{"not_picked":["Rainbow","Reprogram","Rebound"],"picked":"SKIP","floor":5.0},{"not_picked":["Sunder","Cold Snap"],"picked":"Gash","floor":7.0},{"not_picked":["BootSequence","Streamline","Self Repair+1"],"picked":"SKIP","floor":11.0},{"not_picked":["Barrage","Undo","Storm+1"],"picked":"SKIP","floor":13.0},{"not_picked":["Sweeping Beam","Hologram","Rebound"],"picked":"SKIP","floor":14.0},{"not_picked":["Rebound","Reprogram"],"picked":"Gash","floor":18.0},{"not_picked":["Rip and Tear","Lockon","Chill"],"picked":"Singing Bowl","floor":19.0},{"not_picked":["Stack","Cold Snap","Beam Cell"],"picked":"Singing Bowl","floor":22},{"not_picked":["Streamline","Cold Snap","Barrage"],"picked":"Singing Bowl","floor":23},{"not_picked":["Sweeping Beam+1","Stack","Force Field"],"picked":"Singing Bowl","floor":27},{"not_picked":["Turbo","Cold Snap","Darkness"],"picked":"Singing Bowl","floor":28},{"not_picked":["Creative AI+1","Reboot"],"picked":"All For One","floor":33},{"not_picked":["Barrage","Beam Cell","Leap+1"],"picked":"Singing Bowl","floor":35},{"not_picked":["Redo","White Noise","Aggregate"],"picked":"Singing Bowl","floor":35},{"not_picked":["Go for the Eyes","Redo","Hologram"],"picked":"Singing Bowl","floor":40},{"not_picked":["Ball Lightning","Streamline"],"picked":"Coolheaded","floor":40},{"not_picked":["Melter","Capacitor+1","Ball Lightning"],"picked":"Singing Bowl","floor":40},{"not_picked":["Go for the Eyes+1","Turbo+1","Rebound"],"picked":"Singing Bowl","floor":40},{"not_picked":["Conserve Battery","Machine Learning+1","Static Discharge+1"],"picked":"Singing Bowl","floor":42},{"not_picked":["Steam","Steam Power","Hello World+1"],"picked":"Singing Bowl","floor":44},{"not_picked":["Coolheaded","Heatsinks+1","Rebound"],"picked":"Singing Bowl","floor":46},{"not_picked":["Go for the Eyes+1","Redo+1"],"picked":"Streamline","floor":46},{"not_picked":["Undo+1","Rebound+1"],"picked":"Scrape","floor":48}],"player_experience":504127,"relics_obtained":[{"floor":7.0,"key":"Juzu Bracelet"},{"floor":9.0,"key":"Mastiff:ReiMu"},{"floor":17.0,"key":"Anchor"},{"floor":17.0,"key":"Singing Bowl"},{"floor":17.0,"key":"Bird Faced Urn"},{"floor":23,"key":"Bronze Scales"},{"floor":26,"key":"Pantograph"},{"floor":28,"key":"White Beast Statue"},{"floor":39,"key":"CrazyTorch:ReiMu"},{"floor":42,"key":"Meat on the Bone"},{"floor":43,"key":"DataDisk"},{"floor":44,"key":"CatCart"},{"floor":48,"key":"CaptainsWheel"}],"event_choices":[{"damage_healed":0.0,"max_hp_gain":0.0,"max_hp_loss":0.0,"gold_gain":0.0,"event_name":"FaceTrader","player_choice":"Trade","floor":8.0,"gold_loss":0.0,"damage_taken":0.0,"relics_obtained":["SsserpentHead"]},{"damage_healed":0,"gold_gain":0,"player_choice":"Ignored","damage_taken":0,"max_hp_gain":0,"max_hp_loss":0,"event_name":"Cursed Tome","floor":20,"gold_loss":0},{"damage_healed":0,"gold_gain":0,"player_choice":"Obtained Relic","damage_taken":0,"relics_obtained":["Du-Vu Doll"],"max_hp_gain":0,"max_hp_loss":0,"event_name":"Addict","floor":25,"gold_loss":85},{"damage_healed":0,"gold_gain":0,"player_choice":"Opened","damage_taken":0,"relics_obtained":["Thread and Needle"],"max_hp_gain":0,"max_hp_loss":0,"event_name":"The Mausoleum","floor":31,"gold_loss":0,"cards_obtained":["Writhe"]},{"damage_healed":0,"gold_gain":0,"player_choice":"Got Potions","damage_taken":0,"max_hp_gain":0,"max_hp_loss":0,"event_name":"Lab","floor":36,"gold_loss":0},{"damage_healed":0,"gold_gain":0,"player_choice":"Ignored","damage_taken":0,"max_hp_gain":0,"max_hp_loss":0,"event_name":"Tomb of Lord Red Mask","floor":37,"gold_loss":0},{"damage_healed":0,"gold_gain":0,"player_choice":"Embrace Madness","damage_taken":17,"max_hp_gain":0,"max_hp_loss":0,"event_name":"Winding Halls","floor":38,"gold_loss":0,"cards_obtained":["Madness","Madness"]},{"damage_healed":0,"gold_gain":0,"player_choice":"Fight","damage_taken":0,"max_hp_gain":0,"max_hp_loss":0,"event_name":"OrinTheCat","floor":44,"gold_loss":0}],"is_beta":false,"boss_relics":[{"not_picked":["Velvet Choker","Astrolabe"],"picked":"Calling Bell"},{"not_picked":["Sozu","Runic Dome"],"picked":"Pandora\u0027s Box"}],"items_purged_floors":[3,6,10,21,30,32,40,41,49],"is_endless":false,"potions_floor_spawned":[5,7,11,14,19,22,23,33,35,42,44,46,48],"ascension_level":19}}