{"host":"wmz27iczv4t8azac","time":1611613288,"event":{"mods":["AchievementEnabler","BaseMod","Colored Powertips","Minty Spire (QoL Compilation)","Quick Restart","Relic Stats","StSLib"],"gold_per_floor":[119,129,25,25,38,73,33,49,76,76,89,107,139,167,167,240,240,251,251,251,251],"floor_reached":20,"language":"ENG","playtime":1259,"items_purged":[],"score":372,"play_id":"ee551940-f54c-4efc-bad7-380223248138","local_time":"20210125142128","is_ascension_mode":true,"campfire_choices":[{"floor":10,"key":"REST"},{"floor":15,"key":"REST"}],"circlet_count":0,"master_deck":["AscendersBane","Strike_G","Strike_G","Strike_G+1","Defend_G","Defend_G","Defend_G","Defend_G","Defend_G","Survivor","Neutralize+1","Underhanded Strike","Calculated Gamble","Noxious Fumes","Dagger Spray+1","Poisoned Stab","Reflex","Terror","Wraith Form v2","Cloak And Dagger","Sucker Punch","Burst","Dagger Throw","Blade Dance","Cloak And Dagger","Unload"],"relics":["Ring of the Snake","NeowsBlessing","Dream Catcher","Whetstone","Anchor","Empty Cage","Nilry\u0027s Codex"],"acts_visited":["Exordium","TheCity"],"potions_floor_usage":[6,8,13,14,16,16],"damage_taken":[{"damage":0,"enemies":"Cultist","floor":1,"turns":1},{"damage":0,"enemies":"Jaw Worm","floor":2,"turns":1},{"damage":0,"enemies":"2 Louse","floor":5,"turns":1},{"damage":18,"enemies":"Lagavulin","floor":6,"turns":6},{"damage":21,"enemies":"Exordium Thugs","floor":8,"turns":5},{"damage":6,"enemies":"Exordium Wildlife","floor":11,"turns":5},{"damage":2,"enemies":"2 Fungi Beasts","floor":12,"turns":3},{"damage":2,"enemies":"3 Louse","floor":13,"turns":2},{"damage":11,"enemies":"3 Sentries","floor":14,"turns":5},{"damage":25,"enemies":"The Guardian","floor":16,"turns":10},{"damage":23,"enemies":"Shell Parasite","floor":18,"turns":6},{"damage":9,"enemies":"Spheric Guardian","floor":20,"turns":5}],"seed_played":"4460756468368192109","potions_obtained":[{"floor":5,"key":"ColorlessPotion"},{"floor":6,"key":"Ancient Potion"},{"floor":8,"key":"Weak Potion"},{"floor":12,"key":"ColorlessPotion"},{"floor":13,"key":"ColorlessPotion"},{"floor":14,"key":"Strength Potion"}],"is_trial":false,"path_per_floor":["M","M","$","?","M","E","$","M","T","R","M","M","M","E","R","B",null,"M","?","M"],"character_chosen":"THE_SILENT","items_purchased":["Noxious Fumes","Dagger Spray","Terror"],"campfire_rested":2,"item_purchase_floors":[3,3,7],"current_hp_per_floor":[59,59,59,59,59,41,41,20,20,39,33,31,29,18,37,12,53,30,9,0,0],"gold":251,"neow_bonus":"THREE_ENEMY_KILL","is_daily":false,"chose_seed":false,"campfire_upgraded":0,"win_rate":0.0,"timestamp":1611613288,"path_taken":["M","M","?","?","M","E","$","M","T","R","M","M","M","E","R","BOSS","M","?","M"],"items_purchased_type":["Card","Card","Card"],"build_version":"2020-12-22","purchased_purges":0,"victory":false,"max_hp_per_floor":[66,66,66,66,66,66,66,66,66,66,66,66,66,66,66,66,66,66,66,66,66],"relic_stats":{"Dream Catcher":2,"counters":[12,50],"Whetstone":["Strike_G","Dagger Spray"],"obtain_stats":[{"Dream Catcher":6,"Anchor":14,"NeowsBlessing":0,"Nilry\u0027s Codex":19,"Whetstone":9,"Empty Cage":17,"Ring of the Snake":0},{"Dream Catcher":4,"Anchor":9,"NeowsBlessing":0,"Nilry\u0027s Codex":11,"Whetstone":5,"Empty Cage":10,"Ring of the Snake":0},{"Dream Catcher":9,"Anchor":29,"NeowsBlessing":0,"Nilry\u0027s Codex":45,"Whetstone":14,"Empty Cage":39,"Ring of the Snake":0}],"Ring of the Snake":[24]},"card_choices":[{"not_picked":["Deflect","Calculated Gamble"],"picked":"Underhanded Strike","floor":1},{"not_picked":["Escape Plan","Bouncing Flask"],"picked":"Calculated Gamble","floor":2},{"not_picked":["PiercingWail","Footwork"],"picked":"Poisoned Stab","floor":5},{"not_picked":["Setup","Poisoned Stab"],"picked":"Reflex","floor":6},{"not_picked":["PiercingWail","Expertise"],"picked":"Wraith Form v2","floor":8},{"not_picked":["Distraction","Flying Knee"],"picked":"Cloak And Dagger","floor":10},{"not_picked":["Dodge and Roll","Slice"],"picked":"Sucker Punch","floor":11},{"not_picked":["Reflex","Bane"],"picked":"Burst","floor":12},{"not_picked":["Backflip","Infinite Blades"],"picked":"Dagger Throw","floor":13},{"not_picked":["Dagger Throw","Outmaneuver"],"picked":"Blade Dance","floor":14},{"not_picked":["Slice","Quick Slash"],"picked":"Cloak And Dagger","floor":15},{"not_picked":["A Thousand Cuts","Burst"],"picked":"Unload","floor":16},{"not_picked":["Terror","Riddle With Holes","Quick Slash"],"picked":"SKIP","floor":18}],"player_experience":932980,"relics_obtained":[{"floor":6,"key":"Dream Catcher"},{"floor":9,"key":"Whetstone"},{"floor":14,"key":"Anchor"},{"floor":19,"key":"Nilry\u0027s Codex"}],"event_choices":[{"damage_healed":0,"gold_gain":0,"player_choice":"Grow","damage_taken":0,"max_hp_gain":0,"max_hp_loss":0,"event_name":"Living Wall","floor":4,"gold_loss":0,"cards_upgraded":["Neutralize"]},{"damage_healed":0,"gold_gain":0,"player_choice":"Obtained Book","damage_taken":21,"max_hp_gain":0,"max_hp_loss":0,"event_name":"Cursed Tome","floor":19,"gold_loss":0}],"is_beta":false,"boss_relics":[{"not_picked":["Ectoplasm","SlaversCollar"],"picked":"Empty Cage"}],"items_purged_floors":[],"is_endless":false,"potions_floor_spawned":[5,6,8,12,13,14],"killed_by":"Spheric Guardian","ascension_level":20}}