{"host":"y24pqu7jih1n8m3t","time":1611555558,"event":{"mods":["AchievementEnabler","BaseMod","Bestiary","Block Reminder","Colored Map","Colored Powertips","DeckTracker","Highlight Path","Minty Spire (QoL Compilation)","Permanent Neow","Quick Restart","Rare Cards Sparkle","Relic Stats"],"gold_per_floor":[110,121,121,121,134,160,160,188,188,202,202,217,235,247,247,348,348,363,413,234,234,246,246,581,592,671,671,690,690,690],"floor_reached":29,"language":"ENG","playtime":2326,"items_purged":[],"score":283,"play_id":"cdd5f3b2-ccde-48e9-ad75-7267137e4088","local_time":"20210125011918","is_ascension_mode":true,"campfire_choices":[{"data":"Darkness","floor":7,"key":"SMITH"},{"floor":15,"key":"REST"},{"floor":23,"key":"RECALL"},{"floor":27,"key":"REST"}],"circlet_count":0,"master_deck":["Strike_B","Strike_B","Strike_B","Defend_B","Defend_B+1","Defend_B","Defend_B","Zap","Dualcast","Machine Learning+1","Undo","Cold Snap","Coolheaded","Darkness+1","Self Repair","Fusion","Go for the Eyes","Blizzard","Capacitor","Rainbow","Rip and Tear+1","Defragment","Conserve Battery","Buffer","Streamline+1","Conserve Battery+1"],"relics":["Cracked Core","Strawberry","Cables","Orichalcum","Question Card","Nuclear Battery","Old Coin"],"acts_visited":["Exordium","TheCity"],"potions_floor_usage":[16,18,25],"damage_taken":[{"damage":5,"enemies":"Cultist","floor":1,"turns":4},{"damage":1,"enemies":"2 Louse","floor":2,"turns":3},{"damage":2,"enemies":"Jaw Worm","floor":5,"turns":3},{"damage":1,"enemies":"3 Sentries","floor":6,"turns":10},{"damage":4,"enemies":"Lagavulin","floor":8,"turns":6},{"damage":20,"enemies":"Exordium Thugs","floor":10,"turns":5},{"damage":0,"enemies":"2 Fungi Beasts","floor":12,"turns":4},{"damage":3,"enemies":"Blue Slaver","floor":13,"turns":5},{"damage":12,"enemies":"Lots of Slimes","floor":14,"turns":4},{"damage":27,"enemies":"Slime Boss","floor":16,"turns":11},{"damage":30,"enemies":"2 Thieves","floor":18,"turns":4},{"damage":4,"enemies":"3 Byrds","floor":22,"turns":6},{"damage":71,"enemies":"Book of Stabbing","floor":24,"turns":7},{"damage":30,"enemies":"Snake Plant","floor":25,"turns":5},{"damage":24,"enemies":"Snecko","floor":28,"turns":7},{"damage":0,"enemies":"Centurion and Healer","floor":29,"turns":1}],"seed_played":"-2981439391132952719","potions_obtained":[{"floor":6,"key":"FearPotion"},{"floor":8,"key":"FairyPotion"},{"floor":12,"key":"PotionOfCapacity"},{"floor":14,"key":"Swift Potion"},{"floor":16,"key":"AttackPotion"},{"floor":24,"key":"ColorlessPotion"},{"floor":28,"key":"Ancient Potion"}],"is_trial":false,"path_per_floor":["M","M","?","?","M","E","R","E","T","M","T","M","M","M","R","B",null,"M","?","$","?","M","R","E","M","T","R","M","M"],"character_chosen":"DEFECT","items_purchased":["FairyPotion","Defragment"],"campfire_rested":2,"item_purchase_floors":[20,20],"current_hp_per_floor":[63,62,48,41,39,45,45,41,41,28,28,35,39,34,56,36,75,52,52,52,52,55,55,15,14,14,36,19,19,19],"gold":690,"neow_bonus":"THREE_RARE_CARDS","is_daily":false,"chose_seed":false,"campfire_upgraded":1,"win_rate":0.0,"timestamp":1611555558,"path_taken":["M","M","?","?","M","E","R","E","T","M","?","?","M","M","R","BOSS","M","?","?","?","M","R","E","M","T","R","?","M"],"items_purchased_type":["Potion","Card"],"build_version":"2020-12-22","purchased_purges":0,"victory":false,"max_hp_per_floor":[68,68,68,68,68,75,75,75,75,75,75,75,75,75,75,75,75,75,75,75,75,75,75,75,75,75,75,75,75,75],"relic_stats":{"counters":[16,85],"Orichalcum":[90],"Question Card":9,"obtain_stats":[{"Strawberry":6,"Orichalcum":9,"Cracked Core":0,"Question Card":11,"Cables":8,"Nuclear Battery":17,"Old Coin":24},{"Strawberry":4,"Orichalcum":5,"Cracked Core":0,"Question Card":6,"Cables":5,"Nuclear Battery":10,"Old Coin":13},{"Strawberry":20,"Orichalcum":26,"Cracked Core":0,"Question Card":31,"Cables":26,"Nuclear Battery":55,"Old Coin":72}],"Cables":[51,18,18,11,4]},"card_choices":[{"not_picked":["Thunder Strike","Hyperbeam"],"picked":"Machine Learning","floor":0},{"not_picked":["Redo","Stack"],"picked":"Undo","floor":1},{"not_picked":["Stack","Coolheaded"],"picked":"Cold Snap","floor":2},{"not_picked":["Compile Driver","Double Energy"],"picked":"Coolheaded","floor":5},{"not_picked":["Redo","Core Surge"],"picked":"Darkness","floor":6},{"not_picked":["Conserve Battery","Streamline"],"picked":"Self Repair","floor":8},{"not_picked":["Sweeping Beam","Steam"],"picked":"Fusion","floor":10},{"not_picked":["Gash","Consume","Turbo"],"picked":"Go for the Eyes","floor":12},{"not_picked":["Streamline","Force Field","Gash"],"picked":"Blizzard","floor":13},{"not_picked":["Blizzard","Coolheaded","Rip and Tear"],"picked":"Capacitor","floor":14},{"not_picked":["Creative AI","Fission","Amplify"],"picked":"Rainbow","floor":16},{"not_picked":["Sweeping Beam+1","Stack","Beam Cell"],"picked":"Rip and Tear+1","floor":18},{"not_picked":["Steam Power","Rebound","Steam"],"picked":"Conserve Battery","floor":22},{"not_picked":["Streamline","Barrage","Defragment"],"picked":"Buffer","floor":24},{"not_picked":["Compile Driver","Go for the Eyes","Aggregate"],"picked":"Streamline+1","floor":25},{"not_picked":["Cold Snap","Chaos","Hologram"],"picked":"Conserve Battery+1","floor":28}],"player_experience":202047,"relics_obtained":[{"floor":6,"key":"Strawberry"},{"floor":8,"key":"Cables"},{"floor":9,"key":"Orichalcum"},{"floor":11,"key":"Question Card"},{"floor":24,"key":"Old Coin"}],"event_choices":[{"damage_healed":0,"gold_gain":0,"player_choice":"Entered Light","damage_taken":14,"max_hp_gain":0,"max_hp_loss":0,"event_name":"Shining Light","floor":3,"gold_loss":0,"cards_upgraded":["Defend_B","Machine Learning"]},{"cards_removed":["Strike_B"],"damage_healed":0,"gold_gain":0,"player_choice":"Card Removal","damage_taken":7,"max_hp_gain":0,"max_hp_loss":0,"event_name":"Golden Wing","floor":4,"gold_loss":0},{"damage_healed":0,"gold_gain":100,"player_choice":"Bet on Murderer","damage_taken":0,"max_hp_gain":0,"max_hp_loss":0,"event_name":"The Joust","floor":19,"gold_loss":50},{"damage_healed":0,"gold_gain":0,"player_choice":"Got Potions","damage_taken":0,"max_hp_gain":0,"max_hp_loss":0,"event_name":"Lab","floor":21,"gold_loss":0}],"is_beta":false,"boss_relics":[{"not_picked":["Ectoplasm","Sozu"],"picked":"Nuclear Battery"}],"items_purged_floors":[],"is_endless":false,"potions_floor_spawned":[6,8,12,14,16,24,28],"killed_by":"Centurion and Healer","ascension_level":2}}