{"host":"zqowyf7xxb4s9ib0","time":1611547566,"event":{"mods":["BaseMod","Better Note","Colored Map","Colored Powertips","Downfall","Highlight Path","Minty Spire (QoL Compilation)","Permanent Neow","Quick Restart","StSLib"],"gold_per_floor":[99,118,134,151,151,151,177,77,77,39,139,154,154,183,197,293,293,293,305,221,232,247,147,147,147,179,197,197,215,215,215,234,334,334,334,354,363,411,411,443,524,524,524,524],"floor_reached":42,"language":"ENG","playtime":2045,"items_purged":["bronze:Strike"],"score":469,"play_id":"7dd9f5cd-f76b-4325-85e7-af8d3a79e81f","local_time":"20210124200606","is_ascension_mode":false,"campfire_choices":[{"data":"bronze:BugBarrage","floor":1.0,"key":"SMITH"},{"data":"bronze:BugBarrage","floor":8.0,"key":"SMITH"},{"data":"bronze:ItsAFeature","floor":13.0,"key":"SMITH"},{"floor":18.0,"key":"RECALL"},{"floor":23.0,"key":"REST"},{"data":"bronze:BronzeArmor","floor":28,"key":"SMITH"},{"floor":30,"key":"REST"},{"data":"bronze:FindAndReplace","floor":35,"key":"SMITH"}],"circlet_count":0,"master_deck":["bronze:Strike","bronze:Strike","bronze:Strike","bronze:Defend","bronze:Defend+1","bronze:Defend","bronze:Defend+1","bronze:Replicate","bronze:BugBarrage+1","bronze:Repulsor+1","bronze:BugBarrage+1","bronze:ItsAFeature+1","bronze:Shield","bronze:BurnOut","bronze:OilSpill","bronze:ItsAFeature","bronze:Shield+1","bronze:Branch","bronze:BronzeArmor+1","bronze:Terminator","bronze:FindAndReplace+1","bronze:WildBeam+1","bronze:MaxOutput+1","bronze:ItsAFeature+1","bronze:Allocate"],"relics":["bronze:BronzeCore","Sundial","downfall:HeartBlessingBlue","downfall:ShatteredFragment","War Paint","Sozu","downfall:HeartBlessingRed","Nunchaku","Happy Flower","Black Star","Membership Card","HornCleat","Thread and Needle","Letter Opener","PreservedInsect","Singing Bowl"],"acts_visited":["Exordium","TheCity","TheBeyond"],"potions_floor_usage":[26,37],"damage_taken":[{"damage":2.0,"enemies":"Small Slimes","floor":2.0,"turns":3.0},{"damage":6.0,"enemies":"Jaw Worm","floor":3.0,"turns":3.0},{"damage":0.0,"enemies":"2 Louse","floor":4.0,"turns":3.0},{"damage":0.0,"enemies":"downfall:FleeingMerchant","floor":10.0,"turns":4.0},{"damage":9.0,"enemies":"Exordium Wildlife","floor":12.0,"turns":3.0},{"damage":7.0,"enemies":"Gremlin Nob","floor":14.0,"turns":4.0},{"damage":1.0,"enemies":"2 Fungi Beasts","floor":15.0,"turns":3.0},{"damage":24.0,"enemies":"IC_STATUS_ARCHETYPE","floor":16.0,"turns":5.0},{"damage":7.0,"enemies":"Shell Parasite","floor":19.0,"turns":4.0},{"damage":0.0,"enemies":"downfall:FleeingMerchant","floor":20.0,"turns":4.0},{"damage":12.0,"enemies":"Spheric Guardian","floor":21.0,"turns":4.0},{"damage":36.0,"enemies":"Snake Plant","floor":22.0,"turns":6.0},{"damage":16,"enemies":"Slavers","floor":26,"turns":4},{"damage":0,"enemies":"Sentry and Sphere","floor":27,"turns":4},{"damage":22,"enemies":"Cultist and Chosen","floor":29,"turns":4},{"damage":0,"enemies":"Centurion and Healer","floor":32,"turns":3},{"damage":6,"enemies":"WA_ARCHETYPE_CALM","floor":33,"turns":7},{"damage":11,"enemies":"3 Shapes","floor":36,"turns":4},{"damage":0,"enemies":"downfall:FleeingMerchant","floor":37,"turns":4},{"damage":27,"enemies":"2 Orb Walkers","floor":38,"turns":3},{"damage":38,"enemies":"Reptomancer","floor":40,"turns":5},{"damage":6,"enemies":"3 Darklings","floor":42,"turns":1}],"seed_played":"2657000106717281771","potions_obtained":[{"floor":4.0,"key":"SkillPotion"},{"floor":12.0,"key":"SteroidPotion"},{"floor":15.0,"key":"SpeedPotion"},{"floor":16.0,"key":"SpeedPotion"}],"is_trial":false,"path_per_floor":["R","M","M","M","?","T","T","R","?","$","?","M","R","E","M","B",null,"R","M","$","M","M","R","T","?","E","M","R","M","R","?","M","B",null,"R","M","?","?","?","E","T","M"],"character_chosen":"THE_AUTOMATON","items_purchased":["bronze:Shield","bronze:ItsAFeature","Membership Card","HornCleat"],"campfire_rested":2,"item_purchase_floors":[10,20,37,37],"current_hp_per_floor":[70,68,62,62,62,62,62,72,51,51,51,42,42,35,34,10,80,80,73,73,61,25,49,49,49,33,33,33,11,35,35,35,29,80,80,69,69,42,42,4,4,0,0,0],"gold":524,"neow_bonus":"THREE_CARDS","is_daily":false,"chose_seed":false,"campfire_upgraded":5,"win_rate":0.0,"timestamp":1611547566,"path_taken":["R","M","M","M","?","?","T","R","?","$","?","M","R","E","M","BOSS","R","M","$","M","M","R","T","?","E","M","R","M","R","?","M","BOSS","R","M","?","?","?","E","T","M"],"items_purchased_type":["Card","Card","Relic","Relic"],"build_version":"2020-12-22","purchased_purges":1,"victory":false,"max_hp_per_floor":[70,70,70,70,70,70,70,80,80,80,80,80,80,80,80,80,80,80,80,80,80,80,80,80,80,80,80,80,80,80,80,80,80,80,80,80,80,80,80,80,80,80,80,80],"card_choices":[{"not_picked":["bronze:Invalidate","bronze:Deprecate"],"picked":"bronze:BugBarrage","floor":0.0},{"not_picked":["bronze:Separator","bronze:WhirlingStrike"],"picked":"bronze:Repulsor","floor":2.0},{"not_picked":["bronze:Flail","bronze:CutThrough"],"picked":"bronze:BugBarrage","floor":3.0},{"not_picked":["bronze:Deprecate","bronze:Turbo","bronze:Separator"],"picked":"SKIP","floor":4.0},{"not_picked":["bronze:CloningBeam","bronze:FollowUp"],"picked":"bronze:ItsAFeature","floor":10.0},{"not_picked":["bronze:Deprecate","bronze:Fortify","bronze:Overheat"],"picked":"SKIP","floor":12.0},{"not_picked":["bronze:Invalidate","bronze:CloningBeam","bronze:Shield"],"picked":"SKIP","floor":14.0},{"not_picked":["bronze:DelayedGuard","bronze:Turbo","bronze:FineTuning"],"picked":"SKIP","floor":15.0},{"not_picked":["bronze:ShipIt","bronze:Assembly"],"picked":"bronze:BurnOut","floor":16.0},{"not_picked":["bronze:DelayedGuard","bronze:Shell+1","bronze:ChosenStrike"],"picked":"SKIP","floor":19.0},{"not_picked":["bronze:ClassDefault","bronze:CutThrough"],"picked":"bronze:OilSpill","floor":20.0},{"not_picked":["bronze:Flail","bronze:Separator","bronze:Overheat"],"picked":"SKIP","floor":21.0},{"not_picked":["bronze:Constructor","bronze:WhirlingStrike"],"picked":"bronze:Shield+1","floor":22.0},{"not_picked":["bronze:DarkDash","bronze:Overheat"],"picked":"bronze:Branch","floor":26},{"not_picked":["bronze:Constructor","bronze:CutThrough"],"picked":"bronze:BronzeArmor","floor":27},{"not_picked":["bronze:BitShift","bronze:Overheat+1","bronze:RecursiveStrike"],"picked":"SKIP","floor":29},{"not_picked":["bronze:DelayedGuard","bronze:Turbo","bronze:DigitalCarnage"],"picked":"SKIP","floor":32},{"not_picked":["bronze:SpaghettiCode","bronze:CleanCode"],"picked":"bronze:FindAndReplace","floor":33},{"not_picked":["bronze:BitShift+1","bronze:WhirlingStrike+1"],"picked":"bronze:WildBeam+1","floor":36},{"not_picked":["bronze:BitShift","bronze:BuggyMess"],"picked":"bronze:MaxOutput+1","floor":37},{"not_picked":["bronze:ChildClass","bronze:Constructor"],"picked":"bronze:ItsAFeature+1","floor":38},{"not_picked":["bronze:ForceShield","bronze:SpaghettiCode"],"picked":"bronze:Allocate","floor":40}],"player_experience":507427,"relics_obtained":[{"floor":6.0,"key":"Sundial"},{"floor":14.0,"key":"War Paint"},{"floor":24.0,"key":"Nunchaku"},{"floor":26,"key":"Happy Flower"},{"floor":38,"key":"Thread and Needle"},{"floor":40,"key":"Letter Opener"},{"floor":40,"key":"PreservedInsect"},{"floor":41,"key":"Singing Bowl"}],"event_choices":[{"damage_healed":0.0,"max_hp_gain":0.0,"max_hp_loss":0.0,"gold_gain":0.0,"event_name":"Living Wall","player_choice":"Grow","floor":5.0,"gold_loss":0.0,"damage_taken":0.0,"cards_upgraded":["bronze:Repulsor"]},{"damage_healed":0,"gold_gain":0,"player_choice":"Fight","damage_taken":0,"max_hp_gain":0,"max_hp_loss":0,"event_name":"Mysterious Sphere","floor":38,"gold_loss":0}],"is_beta":false,"boss_relics":[{"not_picked":["Empty Cage","SlaversCollar"],"picked":"Sozu"},{"not_picked":["Cursed Key","Tiny House"],"picked":"Black Star"}],"items_purged_floors":[37],"is_endless":false,"potions_floor_spawned":[4,12,15,16,21,26,27,32,33,40],"killed_by":"3 Darklings","ascension_level":0}}