{"host":"zqowyf7xxb4s9ib0","time":1611538635,"event":{"mods":["BaseMod","Better Note","Colored Map","Colored Powertips","Downfall","Highlight Path","Minty Spire (QoL Compilation)","Permanent Neow","Quick Restart","StSLib"],"gold_per_floor":[99,112,123,84,84,84,84,103,88,104,115,15,31,61,76,172,172,172,186,203,220,220,220,243,78,90,115,133,150,50,75,94,94,94,94],"floor_reached":33,"language":"ENG","playtime":1782,"items_purged":[],"score":308,"play_id":"7286f816-3017-46d0-a601-7b9fc814f56b","local_time":"20210124173715","is_ascension_mode":false,"campfire_choices":[{"floor":1.0,"key":"RECALL"},{"data":"bronze:CloningBeam","floor":12,"key":"SMITH"},{"data":"bronze:Format","floor":18,"key":"SMITH"},{"data":"bronze:SpaghettiCode","floor":30,"key":"SMITH"}],"circlet_count":0,"master_deck":["bronze:Strike","bronze:Strike","bronze:Strike","bronze:Strike","bronze:Defend","bronze:Defend","bronze:Defend","bronze:Defend","bronze:Replicate+1","bronze:Goto+1","bronze:Iterate","bronze:CloningBeam+1","bronze:Flail","bronze:WhirlingStrike+1","bronze:CutThrough","bronze:WhirlingStrike","bronze:Virus","bronze:FineTuning","bronze:Invalidate","bronze:Format+1","bronze:Optimize","bronze:FollowUp","bronze:BronzeOrb","bronze:DelayedSlice","bronze:SpaghettiCode+1","bronze:DelayedSlice","bronze:Repulsor+1","bronze:GetLatest"],"relics":["bronze:BronzeCore","Matryoshka","downfall:HeartBlessingRed","Bag of Marbles","Sozu","Bottled Lightning","Bag of Preparation","downfall:HeartBlessingGreen","Pantograph"],"acts_visited":["Exordium","TheCity"],"potions_floor_usage":[16,16],"damage_taken":[{"damage":0.0,"enemies":"2 Louse","floor":2.0,"turns":2.0},{"damage":0.0,"enemies":"Small Slimes","floor":3.0,"turns":2.0},{"damage":10.0,"enemies":"downfall:FleeingMerchant","floor":4.0,"turns":4.0},{"damage":0,"enemies":"Cultist","floor":8,"turns":2},{"damage":15,"enemies":"downfall:FleeingMerchant","floor":9,"turns":4},{"damage":0,"enemies":"Large Slime","floor":10,"turns":4},{"damage":7,"enemies":"Blue Slaver","floor":11,"turns":2},{"damage":0,"enemies":"2 Fungi Beasts","floor":13,"turns":2},{"damage":10,"enemies":"3 Louse","floor":15,"turns":2},{"damage":32,"enemies":"IC_STATUS_ARCHETYPE","floor":16,"turns":6},{"damage":0,"enemies":"3 Byrds","floor":19,"turns":4},{"damage":0,"enemies":"Chosen","floor":20,"turns":2},{"damage":37,"enemies":"Snake Plant","floor":21,"turns":3},{"damage":0,"enemies":"downfall:FleeingMerchant","floor":25,"turns":4},{"damage":0,"enemies":"3 Cultists","floor":26,"turns":2},{"damage":49,"enemies":"Book of Stabbing","floor":27,"turns":5},{"damage":0,"enemies":"Centurion and Healer","floor":28,"turns":3},{"damage":0,"enemies":"Snake Plant","floor":29,"turns":3},{"damage":0,"enemies":"Gremlin Leader","floor":31,"turns":3},{"damage":9,"enemies":"3 Cultists","floor":32,"turns":4},{"damage":46,"enemies":"WA_ARCHETYPE_CALM","floor":33,"turns":10}],"seed_played":"6878991985282478980","potions_obtained":[{"floor":8,"key":"hexamod:SoulburnPotion"},{"floor":11,"key":"SkillPotion"},{"floor":13,"key":"Ancient Potion"},{"floor":15,"key":"Block Potion"},{"floor":16,"key":"SpeedPotion"}],"is_trial":false,"path_per_floor":["R","M","M","$","?","?","T","M","$","M","M","R","M","?","M","B",null,"R","M","M","M","?","?","T","$","M","E","M","M","R","E","M","B"],"character_chosen":"THE_AUTOMATON","items_purchased":["bronze:WhirlingStrike","bronze:SpaghettiCode"],"campfire_rested":0,"item_purchase_floors":[4,25],"current_hp_per_floor":[70,70,70,60,65,65,65,65,50,50,43,43,43,43,33,1,75,75,75,75,38,75,75,75,75,75,26,26,26,26,26,17,0,0,0],"gold":94,"neow_bonus":"THREE_CARDS","is_daily":false,"chose_seed":false,"campfire_upgraded":3,"win_rate":0.0,"timestamp":1611538635,"path_taken":["R","M","M","$","?","?","T","?","$","M","M","R","M","?","M","BOSS","R","M","M","M","?","?","T","$","M","E","M","M","R","E","M","BOSS"],"items_purchased_type":["Card","Card"],"build_version":"2020-12-22","purchased_purges":0,"victory":false,"max_hp_per_floor":[70,70,70,70,75,75,75,75,75,75,75,75,75,75,75,75,75,75,75,75,75,75,75,75,75,75,75,75,75,75,75,75,75,75,75],"card_choices":[{"not_picked":["bronze:BuggyMess","bronze:WildBeam"],"picked":"bronze:Iterate","floor":0.0},{"not_picked":["bronze:Turbo","bronze:GetLatest"],"picked":"bronze:CloningBeam","floor":2.0},{"not_picked":["bronze:WildBeam","bronze:ForceShield"],"picked":"bronze:Flail","floor":3.0},{"not_picked":["bronze:DarkDash","bronze:Shield","bronze:BuggyMess"],"picked":"SKIP","floor":4},{"not_picked":["bronze:Return","bronze:BronzeArmor"],"picked":"bronze:CutThrough","floor":8},{"not_picked":["bronze:Overload","bronze:Branch"],"picked":"bronze:WhirlingStrike","floor":9},{"not_picked":["bronze:GetLatest","bronze:BuggyMess"],"picked":"bronze:Virus","floor":10},{"not_picked":["bronze:Shield","bronze:DelayedGuard"],"picked":"bronze:FineTuning","floor":11},{"not_picked":["bronze:Deprecate","bronze:NullPointer"],"picked":"bronze:Invalidate","floor":13},{"not_picked":["bronze:WhirlingStrike","bronze:DelayedGuard","bronze:Deprecate"],"picked":"SKIP","floor":15},{"not_picked":["bronze:ThunderWave","bronze:ShipIt"],"picked":"bronze:Format","floor":16},{"not_picked":["bronze:Return","bronze:BuggyMess"],"picked":"bronze:Optimize","floor":19},{"not_picked":["bronze:DelayedSlice","bronze:Frontload"],"picked":"bronze:FollowUp","floor":20},{"not_picked":["bronze:Boost","bronze:ChildClass+1"],"picked":"bronze:BronzeOrb","floor":21},{"not_picked":["bronze:Invalidate+1","bronze:Shield"],"picked":"bronze:DelayedSlice","floor":25},{"not_picked":["bronze:Allocate","bronze:Fortify+1"],"picked":"bronze:DelayedSlice","floor":26},{"not_picked":["bronze:BitShift","bronze:Allocate","bronze:Overload"],"picked":"SKIP","floor":27},{"not_picked":["bronze:Fortify","bronze:WhirlingStrike"],"picked":"bronze:Repulsor+1","floor":28},{"not_picked":["bronze:WildBeam+1","bronze:Frontload","bronze:OilSpill"],"picked":"SKIP","floor":29},{"not_picked":["bronze:WhirlingStrike","bronze:BuggyMess+1","bronze:ItsAFeature+1"],"picked":"SKIP","floor":31},{"not_picked":["bronze:Invalidate","bronze:Deprecate+1"],"picked":"bronze:GetLatest","floor":32}],"player_experience":503802,"relics_obtained":[{"floor":7,"key":"Matryoshka"},{"floor":24,"key":"Bottled Lightning"},{"floor":27,"key":"Bag of Preparation"},{"floor":31,"key":"Pantograph"}],"event_choices":[{"damage_healed":0,"gold_gain":0,"player_choice":"Donut","damage_taken":0,"max_hp_gain":5,"max_hp_loss":0,"event_name":"Big Fish","floor":5,"gold_loss":0},{"damage_healed":37,"gold_gain":0,"player_choice":"Full Heal","damage_taken":0,"max_hp_gain":0,"max_hp_loss":0,"event_name":"Wheel of Change","floor":22,"gold_loss":0},{"damage_healed":0,"gold_gain":0,"player_choice":"Ignored","damage_taken":0,"max_hp_gain":0,"max_hp_loss":0,"event_name":"betterNote:BetterNote","floor":23,"gold_loss":0,"cards_obtained":["champ:StrikeOfGenius"]}],"is_beta":false,"boss_relics":[{"not_picked":["Philosopher\u0027s Stone","Pandora\u0027s Box"],"picked":"Sozu"}],"items_purged_floors":[],"is_endless":false,"potions_floor_spawned":[8,11,13,15,16,19,21,26,28,32],"killed_by":"WA_ARCHETYPE_CALM","ascension_level":0}}