{"host":"n43wxkei7kulhi8o","time":1611617019,"event":{"mods":["BaseMod","Bestiary","Block Reminder","Colored Map","Curses Come First","Custom Start","Highlight Path","Minty Spire (QoL Compilation)","Quick Restart","Relic Stats","StSLib"],"gold_per_floor":[113,127,202,218,218,232,232,242,290,255,100,111,131,149,149,250,250,267,286,286,301,301,301,318,318,342,187,221,221,238,238,238],"floor_reached":31,"language":"ENG","playtime":1037,"items_purged":["Shame"],"score":276,"play_id":"9ab6683a-50e7-4e8b-85f7-f345266b0cf6","local_time":"20210125182339","is_ascension_mode":false,"campfire_choices":[{"data":"Zap","floor":7,"key":"SMITH"},{"floor":15,"key":"REST"},{"floor":23,"key":"REST"}],"circlet_count":0,"master_deck":["Strike_B+1","Strike_B+1","Strike_B+1","Strike_B+1","Defend_B+1","Defend_B+1","Defend_B+1","Defend_B+1","Zap+1","Dualcast","Ball Lightning","Leap","Doom and Gloom","Coolheaded","Electrodynamics","Ball Lightning","Thunder Strike","Glacier","Conserve Battery","Machine Learning","Blizzard","Echo Form","Auto Shields+1","Capacitor"],"relics":["Cracked Core","Boot","Question Card","Strawberry","Orrery","Black Star","Nunchaku","Blood Vial","Letter Opener","Pear"],"acts_visited":["Exordium","TheCity"],"potions_floor_usage":[16,30],"damage_taken":[{"damage":0,"enemies":"2 Louse","floor":1,"turns":3},{"damage":3,"enemies":"Jaw Worm","floor":2,"turns":3},{"damage":5,"enemies":"Small Slimes","floor":4,"turns":3},{"damage":10,"enemies":"Looter","floor":6,"turns":3},{"damage":12,"enemies":"Exordium Thugs","floor":8,"turns":4},{"damage":19,"enemies":"Large Slime","floor":12,"turns":4},{"damage":5,"enemies":"Blue Slaver","floor":13,"turns":3},{"damage":0,"enemies":"3 Louse","floor":14,"turns":2},{"damage":27,"enemies":"Hexaghost","floor":16,"turns":8},{"damage":4,"enemies":"Chosen","floor":18,"turns":5},{"damage":12,"enemies":"Spheric Guardian","floor":19,"turns":5},{"damage":17,"enemies":"Cultist and Chosen","floor":21,"turns":6},{"damage":22,"enemies":"Centurion and Healer","floor":24,"turns":4},{"damage":32,"enemies":"Gremlin Leader","floor":28,"turns":8},{"damage":4,"enemies":"3 Cultists","floor":30,"turns":3},{"damage":18,"enemies":"Snake Plant","floor":31,"turns":2}],"seed_played":"-6440062409879611386","potions_obtained":[{"floor":1,"key":"Strength Potion"},{"floor":6,"key":"DuplicationPotion"},{"floor":13,"key":"Ancient Potion"},{"floor":18,"key":"PotionOfCapacity"},{"floor":30,"key":"PotionOfCapacity"}],"is_trial":false,"path_per_floor":["M","M","?","M","?","M","R","M","T","?","$","M","M","M","R","B",null,"M","M","?","M","?","R","M","?","T","$","E","$","M","M"],"character_chosen":"DEFECT","items_purchased":["Orrery","Capacitor"],"campfire_rested":2,"item_purchase_floors":[11,27],"current_hp_per_floor":[75,72,61,56,44,34,34,22,29,49,49,30,25,25,49,22,82,78,66,50,33,33,59,37,37,37,37,17,17,15,0,0],"gold":238,"neow_bonus":"RANDOM_COMMON_RELIC","is_daily":false,"chose_seed":false,"campfire_upgraded":1,"win_rate":0.0,"timestamp":1611617019,"path_taken":["M","M","?","M","?","M","R","M","T","?","?","M","M","?","R","BOSS","M","M","?","M","?","R","?","?","T","$","E","$","M","M"],"items_purchased_type":["Relic","Card"],"build_version":"2020-12-22","purchased_purges":1,"victory":false,"max_hp_per_floor":[75,75,75,75,75,75,75,75,82,82,82,82,82,82,82,82,82,82,82,87,87,87,87,87,87,87,87,97,97,97,97,97],"relic_stats":{"Blood Vial":6,"Nunchaku":[1],"counters":[16,66],"Black Star":1,"Letter Opener":[15],"Boot":[6],"Question Card":17,"obtain_stats":[{"Blood Vial":26,"Nunchaku":25,"Pear":28,"Strawberry":9,"Orrery":11,"Black Star":17,"Letter Opener":28,"Cracked Core":0,"Boot":0,"Question Card":5},{"Blood Vial":13,"Nunchaku":13,"Pear":14,"Strawberry":5,"Orrery":5,"Black Star":9,"Letter Opener":14,"Cracked Core":0,"Boot":0,"Question Card":3},{"Blood Vial":53,"Nunchaku":53,"Pear":61,"Strawberry":16,"Orrery":16,"Black Star":33,"Letter Opener":61,"Cracked Core":0,"Boot":0,"Question Card":9}]},"card_choices":[{"not_picked":["White Noise","Beam Cell"],"picked":"Ball Lightning","floor":1},{"not_picked":["Beam Cell","Hologram","Steam Power"],"picked":"SKIP","floor":2},{"not_picked":["Streamline","Genetic Algorithm"],"picked":"Leap","floor":4},{"not_picked":["Chill","Gash","Cold Snap"],"picked":"Doom and Gloom","floor":6},{"not_picked":["Scrape","Redo","Beam Cell"],"picked":"Coolheaded","floor":8},{"not_picked":["White Noise","Stack","Static Discharge"],"picked":"Electrodynamics","floor":11},{"not_picked":["Chaos","Storm","Double Energy"],"picked":"Ball Lightning","floor":11},{"not_picked":["Self Repair","Ball Lightning","Reboot"],"picked":"Thunder Strike","floor":11},{"not_picked":["Go for the Eyes","Redo","Rip and Tear","Gash"],"picked":"SKIP","floor":12},{"not_picked":["Consume","Sweeping Beam","Rebound"],"picked":"Glacier","floor":13},{"not_picked":["Rebound","Leap","Sweeping Beam"],"picked":"Conserve Battery","floor":14},{"not_picked":["Fission","Reboot","Seek"],"picked":"Machine Learning","floor":16},{"not_picked":["Rebound","Chaos","Double Energy","Streamline"],"picked":"SKIP","floor":18},{"not_picked":["Hologram","Darkness+1","Compile Driver"],"picked":"Blizzard","floor":19},{"not_picked":["Steam","Ball Lightning","Lockon"],"picked":"Echo Form","floor":21},{"not_picked":["Beam Cell","Gash","Barrage"],"picked":"Auto Shields+1","floor":24},{"not_picked":["Heatsinks","Rip and Tear","Ball Lightning","Reprogram"],"picked":"SKIP","floor":28},{"not_picked":["Gash","Chill+1","Hello World+1","Turbo"],"picked":"SKIP","floor":30}],"player_experience":657539,"relics_obtained":[{"floor":9,"key":"Strawberry"},{"floor":26,"key":"Blood Vial"},{"floor":28,"key":"Letter Opener"},{"floor":28,"key":"Pear"}],"event_choices":[{"damage_healed":0,"gold_gain":75,"player_choice":"Gather Gold","damage_taken":11,"max_hp_gain":0,"max_hp_loss":0,"event_name":"World of Goop","floor":3,"gold_loss":0},{"damage_healed":0,"gold_gain":0,"player_choice":"Success","damage_taken":12,"relics_obtained":["Question Card"],"max_hp_gain":0,"max_hp_loss":0,"event_name":"Scrap Ooze","floor":5,"gold_loss":0},{"damage_healed":20,"gold_gain":0,"player_choice":"Healed","damage_taken":0,"max_hp_gain":0,"max_hp_loss":0,"event_name":"The Cleric","floor":10,"gold_loss":35},{"damage_healed":0,"gold_gain":0,"player_choice":"Shed Blood","damage_taken":21,"max_hp_gain":5,"max_hp_loss":0,"event_name":"Forgotten Altar","floor":20,"gold_loss":0},{"damage_healed":0,"gold_gain":0,"player_choice":"Simplicity","damage_taken":0,"max_hp_gain":0,"max_hp_loss":0,"event_name":"Back to Basics","floor":22,"gold_loss":0,"cards_upgraded":["Strike_B","Strike_B","Strike_B","Strike_B","Defend_B","Defend_B","Defend_B","Defend_B"]},{"damage_healed":0,"gold_gain":0,"player_choice":"Stole Relic","damage_taken":0,"relics_obtained":["Nunchaku"],"max_hp_gain":0,"max_hp_loss":0,"event_name":"Addict","floor":25,"gold_loss":0,"cards_obtained":["Shame"]}],"is_beta":false,"boss_relics":[{"not_picked":["Runic Pyramid","Fusion Hammer"],"picked":"Black Star"}],"items_purged_floors":[27],"is_endless":false,"potions_floor_spawned":[1,6,13,18,21,24,30],"killed_by":"Snake Plant","ascension_level":0}}