{"host":"soyfmymeou4emntr","time":1611571476,"event":{"mods":["BaseMod","BetterRewards","Minty Spire (QoL Compilation)","Relic Sorter","Relic Stats","StSLib"],"gold_per_floor":[117,117,131,131,156,200,200,239,239,274,239,254,293,5,5,95,95,119,119,132,146,46,81,96,132,132,150,174,174,174,199,199,295,295,308,109,123,186,73,73,86,86,86,119,144,144,144,157,157,157,157,157],"floor_reached":51,"language":"ENG","playtime":7468,"items_purged":["Strike_G","Strike_G","Strike_G"],"score":1519,"play_id":"194f4b38-51d7-431b-9097-66fcb555e72d","local_time":"20210125034436","is_ascension_mode":true,"campfire_choices":[{"floor":7.0,"key":"REST"},{"data":"Glass Knife","floor":15.0,"key":"SMITH"},{"floor":29.0,"key":"REST"},{"data":"Cloak And Dagger","floor":32.0,"key":"SMITH"},{"floor":40.0,"key":"REST"},{"floor":42.0,"key":"RECALL"},{"floor":49.0,"key":"REST"}],"circlet_count":0,"master_deck":["AscendersBane","Strike_G","Strike_G","Defend_G","Defend_G","Defend_G","Defend_G","Defend_G","Survivor","Neutralize","Well Laid Plans","Blade Dance","Skewer","Glass Knife+1","Deflect","Backflip","Concentrate","After Image","Adrenaline","Cloak And Dagger+1","Terror","Prepared+1","Night Terror","Footwork+1","Cloak And Dagger","Noxious Fumes","Acrobatics","Tactician","Phantasmal Killer","PiercingWail+1","Concentrate","Deflect+1","Footwork","Dodge and Roll","Choke+1","Eviscerate","Backflip","Dagger Throw+1","Blur","Underhanded Strike+1"],"relics":["Ring of the Snake","NeowsBlessing","Golden Idol","The Specimen","Mummified Hand","Gremlin Horn","PreservedInsect","Tough Bandages","WristBlade","Dream Catcher","White Beast Statue","Shuriken","SlaversCollar","Ice Cream","Question Card"],"acts_visited":["Exordium","TheCity","TheBeyond"],"potions_floor_usage":[51,51],"damage_taken":[{"damage":0.0,"enemies":"Small Slimes","floor":1.0,"turns":1.0},{"damage":0.0,"enemies":"Jaw Worm","floor":3.0,"turns":1.0},{"damage":0.0,"enemies":"Cultist","floor":5.0,"turns":1.0},{"damage":28.0,"enemies":"3 Sentries","floor":6.0,"turns":13.0},{"damage":28.0,"enemies":"Gremlin Nob","floor":8.0,"turns":4.0},{"damage":2.0,"enemies":"3 Sentries","floor":10.0,"turns":5.0},{"damage":4.0,"enemies":"Blue Slaver","floor":12.0,"turns":4.0},{"damage":18.0,"enemies":"Lagavulin","floor":13.0,"turns":7.0},{"damage":3.0,"enemies":"The Guardian","floor":16.0,"turns":14.0},{"damage":17.0,"enemies":"3 Byrds","floor":18.0,"turns":5.0},{"damage":0.0,"enemies":"Spheric Guardian","floor":20.0,"turns":3.0},{"damage":0.0,"enemies":"Centurion and Healer","floor":21.0,"turns":9.0},{"damage":4.0,"enemies":"Book of Stabbing","floor":23.0,"turns":3.0},{"damage":0.0,"enemies":"3 Cultists","floor":24.0,"turns":5.0},{"damage":0.0,"enemies":"Gremlin Leader","floor":25.0,"turns":3.0},{"damage":0.0,"enemies":"Snecko","floor":27.0,"turns":4.0},{"damage":0.0,"enemies":"Shelled Parasite and Fungi","floor":28.0,"turns":4.0},{"damage":7.0,"enemies":"Cultist and Chosen","floor":31.0,"turns":5.0},{"damage":13.0,"enemies":"Champ","floor":33.0,"turns":13.0},{"damage":7.0,"enemies":"3 Shapes","floor":35.0,"turns":4.0},{"damage":0.0,"enemies":"Orb Walker","floor":37.0,"turns":2.0},{"damage":13.0,"enemies":"2 Orb Walkers","floor":38.0,"turns":5.0},{"damage":14.0,"enemies":"Transient","floor":41.0,"turns":6.0},{"damage":0.0,"enemies":"Reptomancer","floor":44.0,"turns":4.0},{"damage":13.0,"enemies":"Maw","floor":45.0,"turns":6.0},{"damage":8.0,"enemies":"Jaw Worm Horde","floor":48.0,"turns":4.0},{"damage":28.0,"enemies":"Time Eater","floor":50.0,"turns":8.0},{"damage":19,"enemies":"Awakened One","floor":51,"turns":8}],"seed_played":"-1066522664942701888","potions_obtained":[{"floor":1.0,"key":"Weak Potion"},{"floor":8.0,"key":"EntropicBrew"},{"floor":10.0,"key":"Regen Potion"},{"floor":12.0,"key":"Fire Potion"},{"floor":18.0,"key":"SpeedPotion"},{"floor":24.0,"key":"Block Potion"},{"floor":27.0,"key":"Swift Potion"},{"floor":28.0,"key":"BlessingOfTheForge"},{"floor":31.0,"key":"AttackPotion"},{"floor":33.0,"key":"Weak Potion"},{"floor":35.0,"key":"AttackPotion"},{"floor":37.0,"key":"Swift Potion"},{"floor":38.0,"key":"SteroidPotion"},{"floor":41.0,"key":"Fruit Juice"},{"floor":44.0,"key":"PowerPotion"},{"floor":45.0,"key":"Swift Potion"},{"floor":48.0,"key":"Poison Potion"}],"is_trial":false,"path_per_floor":["M","?","M","?","M","E","R","E","T","E","?","M","E","$","R","B",null,"M","?","M","M","$","E","M","E","T","M","M","R","?","M","R","B",null,"M","$","M","?","$","R","M","R","T","E","M","?","?","M","R","B","B"],"character_chosen":"THE_SILENT","items_purchased":["After Image","Strength Potion","Concentrate","Footwork","Dodge and Roll"],"campfire_rested":4,"item_purchase_floors":[14,14,36,39,39],"current_hp_per_floor":[59,59,59,59,59,31,49,21,21,19,34,30,27,27,27,24,51,34,34,34,34,34,30,30,30,30,30,30,48,60,53,53,40,55,48,48,48,35,35,53,39,39,39,44,31,31,31,23,41,13,0,0],"gold":157,"neow_bonus":"THREE_ENEMY_KILL","is_daily":false,"chose_seed":false,"campfire_upgraded":2,"win_rate":0.0,"timestamp":1611571476,"path_taken":["M","?","M","?","?","E","R","E","T","E","?","M","E","$","R","BOSS","M","?","M","M","$","E","M","E","T","M","M","R","?","M","R","BOSS","M","$","M","?","$","R","M","R","T","E","M","?","?","M","R","BOSS","BOSS"],"items_purchased_type":["Card","Potion","Card","Card","Card"],"build_version":"2020-12-22","purchased_purges":3,"victory":false,"max_hp_per_floor":[66,66,66,60,60,60,60,60,60,60,60,60,60,60,60,60,60,60,60,60,60,60,60,60,60,60,60,60,60,60,60,60,60,60,60,60,60,60,60,60,60,60,60,65,65,62,62,62,62,62,62,62],"relic_stats":{"Tough Bandages":[387],"Dream Catcher":3,"Gremlin Horn":[25,25],"counters":[36,191],"Golden Idol":174,"Mummified Hand":[63],"Shuriken":[38],"PreservedInsect":182,"Question Card":3,"obtain_stats":[{"Ice Cream":38,"Singing Bowl":9,"NeowsBlessing":0,"The Specimen":6,"Gremlin Horn":9,"Golden Idol":4,"PreservedInsect":10,"Odd Mushroom":10,"Question Card":44,"White Beast Statue":25,"SlaversCollar":34,"Tough Bandages":13,"Dream Catcher":23,"WristBlade":17,"Mummified Hand":8,"Shuriken":26,"Toxic Egg 2":7,"Ring of the Snake":0},{"Ice Cream":30,"Singing Bowl":5,"NeowsBlessing":8,"The Specimen":12,"Gremlin Horn":13,"Golden Idol":10,"PreservedInsect":14,"Odd Mushroom":6,"Question Card":32,"White Beast Statue":23,"SlaversCollar":27,"Tough Bandages":16,"Dream Catcher":21,"WristBlade":17,"Mummified Hand":13,"Shuriken":23,"Toxic Egg 2":4,"Ring of the Snake":0},{"Ice Cream":155,"Singing Bowl":25,"NeowsBlessing":40,"The Specimen":56,"Gremlin Horn":60,"Golden Idol":42,"PreservedInsect":65,"Odd Mushroom":28,"Question Card":165,"White Beast Statue":118,"SlaversCollar":144,"Tough Bandages":76,"Dream Catcher":110,"WristBlade":90,"Mummified Hand":60,"Shuriken":118,"Toxic Egg 2":23,"Ring of the Snake":0}],"Ring of the Snake":[72]},"card_choices":[{"not_picked":["PiercingWail","Outmaneuver"],"picked":"Well Laid Plans","floor":1.0},{"not_picked":["Endless Agony","Bouncing Flask"],"picked":"Blade Dance","floor":3.0},{"not_picked":["Deadly Poison","Quick Slash"],"picked":"Skewer","floor":5.0},{"not_picked":["Sucker Punch","Cloak And Dagger"],"picked":"Glass Knife","floor":6.0},{"not_picked":["Endless Agony","Burst"],"picked":"Deflect","floor":8.0},{"not_picked":["Tactician","Underhanded Strike","Dagger Throw"],"picked":"SKIP","floor":10.0},{"not_picked":["Flechettes","Underhanded Strike"],"picked":"Backflip","floor":12.0},{"not_picked":["Deflect","Bane"],"picked":"Concentrate","floor":13.0},{"not_picked":["Unload","Storm of Steel"],"picked":"Adrenaline","floor":16.0},{"not_picked":["Outmaneuver","Underhanded Strike"],"picked":"Cloak And Dagger","floor":18.0},{"not_picked":["Underhanded Strike","Deadly Poison"],"picked":"Terror","floor":20.0},{"not_picked":["Backstab+1","Bouncing Flask"],"picked":"Prepared+1","floor":21.0},{"not_picked":["Backflip","Flying Knee+1"],"picked":"Night Terror","floor":23.0},{"not_picked":["Masterful Stab","Flying Knee"],"picked":"Footwork+1","floor":24.0},{"not_picked":["Finisher","Catalyst"],"picked":"Infinite Blades","floor":25.0},{"not_picked":["Riddle With Holes","Dagger Spray"],"picked":"Cloak And Dagger","floor":27.0},{"not_picked":["Deadly Poison","Backflip"],"picked":"Noxious Fumes","floor":28.0},{"not_picked":["Skewer","Flying Knee"],"picked":"Acrobatics","floor":29.0},{"not_picked":["Infinite Blades","Cloak And Dagger"],"picked":"Tactician","floor":31.0},{"not_picked":["Envenom","Grand Finale"],"picked":"Phantasmal Killer","floor":33.0},{"not_picked":["Tactician","Distraction+1"],"picked":"PiercingWail+1","floor":35.0},{"not_picked":["Footwork","Outmaneuver+1"],"picked":"Deflect+1","floor":37.0},{"not_picked":["Prepared+1","Backstab+1"],"picked":"Choke+1","floor":40.0},{"not_picked":["Dodge and Roll","Deadly Poison"],"picked":"Eviscerate","floor":41.0},{"not_picked":["Masterful Stab+1","Slice"],"picked":"Backflip","floor":44.0},{"not_picked":["Sucker Punch","Flying Knee+1","Venomology"],"picked":"Dagger Throw+1","floor":45.0},{"not_picked":["Choke","Flying Knee","Deadly Poison"],"picked":"Blur","floor":48.0},{"not_picked":["Poisoned Stab","Die Die Die","Backflip"],"picked":"Underhanded Strike+1","floor":49.0}],"player_experience":2891052,"relics_obtained":[{"floor":6.0,"key":"The Specimen"},{"floor":8.0,"key":"Mummified Hand"},{"floor":9.0,"key":"Gremlin Horn"},{"floor":10.0,"key":"PreservedInsect"},{"floor":13.0,"key":"Tough Bandages"},{"floor":23.0,"key":"Dream Catcher"},{"floor":25.0,"key":"White Beast Statue"},{"floor":26.0,"key":"Shuriken"},{"floor":38.0,"key":"Ice Cream"},{"floor":44.0,"key":"Question Card"}],"event_choices":[{"damage_healed":0.0,"max_hp_gain":0.0,"max_hp_loss":0.0,"gold_gain":0.0,"event_name":"Liars Game","player_choice":"Ignored","floor":2.0,"gold_loss":0.0,"damage_taken":0.0},{"damage_healed":0.0,"max_hp_gain":0.0,"max_hp_loss":6.0,"gold_gain":0.0,"event_name":"Golden Idol","player_choice":"Lose Max HP","floor":4.0,"gold_loss":0.0,"damage_taken":0.0,"relics_obtained":["Golden Idol"]},{"damage_healed":15.0,"max_hp_gain":0.0,"max_hp_loss":0.0,"gold_gain":0.0,"event_name":"The Cleric","player_choice":"Healed","floor":11.0,"gold_loss":35.0,"damage_taken":0.0},{"damage_healed":0.0,"max_hp_gain":0.0,"max_hp_loss":0.0,"gold_gain":0.0,"event_name":"Cursed Tome","player_choice":"Ignored","floor":19.0,"gold_loss":0.0,"damage_taken":0.0},{"cards_removed":["Infinite Blades"],"damage_healed":12.0,"max_hp_gain":0.0,"max_hp_loss":0.0,"gold_gain":0.0,"event_name":"Bonfire Elementals","player_choice":"Offered Uncommon","floor":30.0,"gold_loss":0.0,"damage_taken":0.0},{"damage_healed":0.0,"max_hp_gain":0.0,"max_hp_loss":0.0,"gold_gain":0.0,"event_name":"Mysterious Sphere","player_choice":"Fight","floor":38.0,"gold_loss":0.0,"damage_taken":0.0},{"damage_healed":0.0,"max_hp_gain":0.0,"max_hp_loss":3.0,"gold_gain":0.0,"event_name":"Winding Halls","player_choice":"Max HP","floor":46.0,"gold_loss":0.0,"damage_taken":0.0},{"damage_healed":0.0,"max_hp_gain":0.0,"max_hp_loss":0.0,"gold_gain":0.0,"event_name":"Tomb of Lord Red Mask","player_choice":"Ignored","floor":47.0,"gold_loss":0.0,"damage_taken":0.0}],"is_beta":false,"boss_relics":[{"not_picked":["Tiny House","Cursed Key"],"picked":"WristBlade"},{"not_picked":["Black Star","Ring of the Serpent"],"picked":"SlaversCollar"}],"items_purged_floors":[14,22,36],"is_endless":false,"potions_floor_spawned":[1,8,10,12,18,24,27,28,31,33,35,37,38,41,44,45,48],"killed_by":"Awakened One","ascension_level":20}}