{"host":"d4km6p8r92tm3vpl","time":1611613498,"event":{"mods":["AchievementEnabler","BaseMod","Colored Map","Colored Powertips","DeckTracker","Minty Spire (QoL Compilation)","Relic Stats","StSLib"],"gold_per_floor":[109,34,44,54,1,1,36,36,36,50,62,93,33,33,33,33,33],"floor_reached":16,"language":"ENG","playtime":724,"items_purged":["Parasite"],"score":193,"play_id":"581fee4d-5013-46dd-9729-763e5f3acd48","local_time":"20210125172458","is_ascension_mode":true,"campfire_choices":[{"data":"Uppercut","floor":6,"key":"SMITH"},{"data":"Bludgeon","floor":8,"key":"SMITH"},{"data":"Cleave","floor":15,"key":"SMITH"}],"circlet_count":0,"master_deck":["AscendersBane","Strike_R","Strike_R","Strike_R","Strike_R","Strike_R","Defend_R","Defend_R","Defend_R","Defend_R","Bash","Bludgeon+1","Iron Wave","Uppercut+1","Combust","Cleave+1","Metallicize","Clothesline"],"relics":["Burning Blood","Paper Frog","Vajra","The Courier","Bag of Marbles"],"acts_visited":["Exordium"],"potions_floor_usage":[16,16],"damage_taken":[{"damage":3,"enemies":"2 Louse","floor":1,"turns":3},{"damage":1,"enemies":"Cultist","floor":3,"turns":3},{"damage":6,"enemies":"Jaw Worm","floor":4,"turns":4},{"damage":12,"enemies":"Gremlin Nob","floor":7,"turns":4},{"damage":8,"enemies":"Exordium Wildlife","floor":10,"turns":2},{"damage":7,"enemies":"2 Fungi Beasts","floor":11,"turns":2},{"damage":32,"enemies":"3 Sentries","floor":12,"turns":7},{"damage":40,"enemies":"Hexaghost","floor":16,"turns":9}],"seed_played":"-4326911029491988006","potions_obtained":[{"floor":1,"key":"GamblersBrew"},{"floor":4,"key":"Dexterity Potion"}],"is_trial":false,"path_per_floor":["M","$","M","M","?","R","E","R","T","M","M","E","?","$","R","B"],"character_chosen":"IRONCLAD","items_purchased":[],"campfire_rested":0,"item_purchase_floors":[],"current_hp_per_floor":[71,71,72,72,72,72,66,66,66,64,63,37,37,37,37,0,0],"gold":33,"neow_bonus":"THREE_RARE_CARDS","is_daily":false,"chose_seed":false,"campfire_upgraded":3,"win_rate":0.0,"timestamp":1611613498,"path_taken":["M","$","M","M","?","R","E","R","T","M","?","E","?","?","R","BOSS"],"items_purchased_type":[],"build_version":"2020-12-22","purchased_purges":1,"victory":false,"max_hp_per_floor":[75,72,72,72,72,72,72,72,72,72,72,72,72,72,72,72,72],"relic_stats":{"counters":[8,34],"obtain_stats":[{"Vajra":7,"The Courier":9,"Bag of Marbles":12,"Burning Blood":0,"Paper Frog":5},{"Vajra":4,"The Courier":4,"Bag of Marbles":7,"Burning Blood":0,"Paper Frog":3},{"Vajra":14,"The Courier":14,"Bag of Marbles":25,"Burning Blood":0,"Paper Frog":10}],"Burning Blood":38},"card_choices":[{"not_picked":["Brutality","Berserk"],"picked":"Bludgeon","floor":0},{"not_picked":["Warcry","Searing Blow"],"picked":"Iron Wave","floor":1},{"not_picked":["Anger","Sentinel"],"picked":"Uppercut","floor":3},{"not_picked":["Flex","Burning Pact"],"picked":"Combust","floor":4},{"not_picked":["Perfected Strike","Clash"],"picked":"Cleave","floor":7},{"not_picked":["Entrench","Headbutt"],"picked":"Metallicize","floor":10},{"not_picked":["Dual Wield","Infernal Blade"],"picked":"Clothesline","floor":11},{"not_picked":["Clash","Flex","Headbutt"],"picked":"SKIP","floor":12}],"player_experience":828870,"relics_obtained":[{"floor":7,"key":"Vajra"},{"floor":9,"key":"The Courier"},{"floor":12,"key":"Bag of Marbles"}],"event_choices":[{"damage_healed":0,"gold_gain":0,"player_choice":"Paid Gold","damage_taken":0,"relics_obtained":["Paper Frog"],"max_hp_gain":0,"max_hp_loss":0,"event_name":"WeMeetAgain","floor":5,"gold_loss":53},{"damage_healed":0,"gold_gain":0,"player_choice":"Left Gold","damage_taken":0,"max_hp_gain":0,"max_hp_loss":0,"event_name":"World of Goop","floor":13,"gold_loss":60}],"is_beta":false,"boss_relics":[],"items_purged_floors":[2],"is_endless":false,"potions_floor_spawned":[1,4,10],"killed_by":"Hexaghost","ascension_level":15}}