{"host":"00f1p9ihhzi7hxfk","time":1611570239,"event":{"mods":["AchievementEnabler","BaseMod","Colored Map","Colored Powertips","Minty Spire (QoL Compilation)","Rare Cards Sparkle","Relic Stats"],"gold_per_floor":[117,127,127,3,18,18,32,43,43,59,59,79,79,90,90,185,185,204,222,234,234,234],"floor_reached":21,"language":"DEU","playtime":1547,"items_purged":[],"score":177,"play_id":"dfe53ead-d2b8-444b-b634-2b89a397b867","local_time":"20210125112359","is_ascension_mode":false,"campfire_choices":[{"floor":6,"key":"REST"},{"floor":11,"key":"REST"},{"floor":13,"key":"REST"},{"data":"True Grit","floor":15,"key":"SMITH"}],"circlet_count":0,"master_deck":["Strike_R","Strike_R","Strike_R","Strike_R","Defend_R","Defend_R","Defend_R","Defend_R","Bash","Sword Boomerang","Heavy Blade","Infernal Blade","True Grit+1","Inflame","Corruption","Dark Embrace+1","Armaments+1","Ghostly Armor+1","Flex"],"relics":["Burning Blood","Question Card","Astrolabe"],"acts_visited":["Exordium","TheCity"],"potions_floor_usage":[8,16,16,18,20,20],"damage_taken":[{"damage":7,"enemies":"Small Slimes","floor":1,"turns":4},{"damage":5,"enemies":"Cultist","floor":2,"turns":4},{"damage":11,"enemies":"Jaw Worm","floor":5,"turns":3},{"damage":17,"enemies":"Looter","floor":7,"turns":4},{"damage":12,"enemies":"Exordium Wildlife","floor":8,"turns":5},{"damage":17,"enemies":"Lots of Slimes","floor":10,"turns":5},{"damage":10,"enemies":"Looter","floor":12,"turns":3},{"damage":10,"enemies":"2 Fungi Beasts","floor":14,"turns":4},{"damage":9,"enemies":"Slime Boss","floor":16,"turns":8},{"damage":34,"enemies":"2 Thieves","floor":18,"turns":5},{"damage":28,"enemies":"Spheric Guardian","floor":19,"turns":6},{"damage":40,"enemies":"Cultist and Chosen","floor":20,"turns":8},{"damage":27,"enemies":"Centurion and Healer","floor":21,"turns":3}],"seed_played":"-4060740894338324331","potions_obtained":[{"floor":1,"key":"EssenceOfSteel"},{"floor":10,"key":"FairyPotion"},{"floor":16,"key":"BlessingOfTheForge"},{"floor":19,"key":"EntropicBrew"}],"is_trial":false,"path_per_floor":["M","M","?","$","M","R","M","M","T","M","R","M","R","M","R","B",null,"M","M","M","M"],"character_chosen":"IRONCLAD","items_purchased":["EssenceOfSteel","Strength Potion"],"campfire_rested":3,"item_purchase_floors":[4,4],"current_hp_per_floor":[79,80,80,80,75,80,69,63,63,52,76,72,80,76,76,73,80,52,30,28,1,1],"gold":234,"neow_bonus":"THREE_CARDS","is_daily":false,"chose_seed":false,"campfire_upgraded":1,"win_rate":0.0,"timestamp":1611570239,"path_taken":["M","M","?","$","M","R","M","M","T","?","R","M","R","M","R","BOSS","M","?","?","?"],"items_purchased_type":["Potion","Potion"],"build_version":"2020-12-22","purchased_purges":0,"victory":false,"max_hp_per_floor":[80,80,80,80,80,80,80,80,80,80,80,80,80,80,80,80,80,80,80,80,80,80],"relic_stats":{"counters":[13,62],"Astrolabe":["Dark Embrace","Armaments","Ghostly Armor"],"Question Card":7,"obtain_stats":[{"Astrolabe":17,"Question Card":9,"Burning Blood":0},{"Astrolabe":9,"Question Card":5,"Burning Blood":0},{"Astrolabe":40,"Question Card":20,"Burning Blood":0}],"Burning Blood":72},"card_choices":[{"not_picked":["Iron Wave","Shrug It Off"],"picked":"Body Slam","floor":0},{"not_picked":["Infernal Blade","Body Slam"],"picked":"Sword Boomerang","floor":1},{"not_picked":["True Grit","Inflame"],"picked":"Heavy Blade","floor":2},{"not_picked":["Seeing Red","Fire Breathing"],"picked":"True Grit","floor":5},{"not_picked":["Evolve","Entrench","Warcry"],"picked":"SKIP","floor":7},{"not_picked":["Havoc","Iron Wave"],"picked":"Flame Barrier","floor":8},{"not_picked":["Reckless Charge","Clothesline","Sword Boomerang"],"picked":"Inflame","floor":10},{"not_picked":["Disarm","Perfected Strike","Heavy Blade"],"picked":"Clash","floor":12},{"not_picked":["Clothesline","Headbutt","Bloodletting","Cleave"],"picked":"SKIP","floor":14},{"not_picked":["Bludgeon","Offering","Limit Break"],"picked":"Corruption","floor":16},{"not_picked":["Heavy Blade","Wild Strike+1","True Grit","Bloodletting"],"picked":"SKIP","floor":18},{"not_picked":["Anger+1","Sentinel+1","Wild Strike"],"picked":"Flex","floor":19},{"not_picked":["Armaments","Thunderclap","Flame Barrier","Clothesline"],"picked":"SKIP","floor":20}],"player_experience":77506,"relics_obtained":[{"floor":9,"key":"Question Card"}],"event_choices":[{"damage_healed":0,"gold_gain":0,"cards_transformed":["Strike_R"],"player_choice":"Transformed","damage_taken":0,"max_hp_gain":0,"max_hp_loss":0,"event_name":"Transmorgrifier","floor":3,"gold_loss":0,"cards_obtained":["Infernal Blade"]}],"is_beta":false,"boss_relics":[{"not_picked":["Black Star","Calling Bell"],"picked":"Astrolabe"}],"items_purged_floors":[],"is_endless":false,"potions_floor_spawned":[1,7,10,12,14,16,19],"killed_by":"Centurion and Healer","ascension_level":0}}