{"host":"ooa7gbxz3ilj1hm6","time":1611564640,"event":{"mods":["BaseMod","Colored Map","Downfall","Highlight Path","Minty Spire (QoL Compilation)","StSLib"],"gold_per_floor":[99,109,126,126,126,161,161,175,239,224,251,270,270,270,284,382,382,382,393,393,393,393,408,408,423,281,281,312,327,227,254,265,265,265,265],"floor_reached":33,"language":"ENG","playtime":1825,"items_purged":[],"score":420,"play_id":"a50d7d97-3cf2-45e0-846e-0e25a55e290f","local_time":"20210125015040","is_ascension_mode":false,"campfire_choices":[{"data":"Slimebound:Split","floor":1,"key":"SMITH"},{"data":"Slimebound:CorrosiveSpit","floor":13,"key":"SMITH"},{"data":"Slimebound:DuplicatedForm","floor":18,"key":"SMITH"},{"data":"Slimebound:LevelUp","floor":27,"key":"SMITH"},{"data":"Slimebound:OneTwoCombo","floor":30,"key":"SMITH"}],"circlet_count":0,"master_deck":["Slimebound:Strike_Slimebound","Slimebound:Strike_Slimebound","Slimebound:Strike_Slimebound","Slimebound:Tackle","Slimebound:Defend_Slimebound","Slimebound:Defend_Slimebound","Slimebound:Defend_Slimebound","Slimebound:Defend_Slimebound","Slimebound:Split+1","Slimebound:CorrosiveSpit+1","Slimebound:ServeAndProtect","Slimebound:PressTheAttack","Slimebound:SplitMire+1","Slimebound:LivingWall+1","Slimebound:SplitLeeching+1","Slimebound:SplitLeeching+1","Slimebound:DuplicatedForm+1","downfall:Bewildered","Slimebound:SplitAcid+1","Slimebound:LevelUp+1","Slimebound:SplitLeeching+1","Slimebound:OneTwoCombo+1","Slimebound:Repurpose+1","Slimebound:SlimeSpikes+1"],"relics":["Slimebound:AbsorbEndCombat","Toxic Egg 2","TungstenRod","Meat on the Bone","Bronze Scales","Black Star","sneckomod:BabySnecko","Pear","Matryoshka","Lantern","downfall:HeartBlessingGreen","Du-Vu Doll","Letter Opener"],"acts_visited":["Exordium","TheCity"],"potions_floor_usage":[16],"damage_taken":[{"damage":3,"enemies":"Jaw Worm","floor":2,"turns":4},{"damage":6,"enemies":"Cultist","floor":3,"turns":4},{"damage":42,"enemies":"3 Sentries","floor":6,"turns":13},{"damage":4,"enemies":"2 Louse","floor":8,"turns":3},{"damage":38,"enemies":"Lagavulin Event","floor":9,"turns":8},{"damage":0,"enemies":"downfall:FleeingMerchant","floor":10,"turns":4},{"damage":17,"enemies":"Lagavulin","floor":11,"turns":7},{"damage":0,"enemies":"2 Fungi Beasts","floor":12,"turns":3},{"damage":0,"enemies":"Large Slime","floor":15,"turns":4},{"damage":5,"enemies":"IC_STATUS_ARCHETYPE","floor":16,"turns":8},{"damage":25,"enemies":"Shell Parasite","floor":19,"turns":4},{"damage":14,"enemies":"Spheric Guardian","floor":23,"turns":4},{"damage":22,"enemies":"3 Cultists","floor":25,"turns":4},{"damage":10,"enemies":"downfall:FleeingMerchant","floor":26,"turns":4},{"damage":61,"enemies":"Gremlin Leader","floor":28,"turns":8},{"damage":0,"enemies":"Snecko","floor":29,"turns":3},{"damage":39,"enemies":"Slavers","floor":31,"turns":4},{"damage":1,"enemies":"Sentry and Sphere","floor":32,"turns":5},{"damage":45,"enemies":"DF_ARCHETYPE_CLAW","floor":33,"turns":8}],"seed_played":"1824886310560932017","potions_obtained":[{"floor":2,"key":"EntropicBrew"},{"floor":3,"key":"bronze:BurnAndBuffPotion"},{"floor":5,"key":"champ:CounterPotion"},{"floor":11,"key":"BlessingOfTheForge"},{"floor":25,"key":"Fire Potion"},{"floor":31,"key":"Slimebound:SpawnSlimePotion"}],"is_trial":false,"path_per_floor":["R","M","M","?","?","E","T","M","?","$","E","M","R","?","M","B",null,"R","M","?","?","?","M","T","M","$","R","E","M","R","E","M","B"],"character_chosen":"SLIMEBOUND","items_purchased":["Slimebound:LevelUp","Slimebound:SplitLeeching+1"],"campfire_rested":0,"item_purchase_floors":[26,26],"current_hp_per_floor":[71,71,69,74,74,36,36,38,8,28,31,47,47,47,51,54,76,76,71,71,71,61,64,74,73,69,69,41,47,47,24,35,0,0,0],"gold":265,"neow_bonus":"TEN_PERCENT_HP_BONUS","is_daily":false,"chose_seed":false,"campfire_upgraded":5,"win_rate":0.0,"timestamp":1611564640,"path_taken":["R","M","M","?","?","E","T","?","?","$","E","M","R","?","M","BOSS","R","M","?","?","?","M","T","M","$","R","E","?","R","E","M","BOSS"],"items_purchased_type":["Card","Card"],"build_version":"2020-12-22","purchased_purges":0,"victory":false,"max_hp_per_floor":[71,71,71,76,76,76,76,76,76,76,76,76,76,76,76,76,76,76,76,76,76,76,76,86,86,86,86,86,86,86,86,86,86,86,86],"card_choices":[{"not_picked":["Slimebound:Chomp","Slimebound:Grow","Slimebound:FinishingTackle"],"picked":"SKIP","floor":2},{"not_picked":["Slimebound:RollThrough","Slimebound:Chomp"],"picked":"Slimebound:ServeAndProtect","floor":3},{"not_picked":["Slimebound:ItLooksTasty","Slimebound:ComboTackle","Slimebound:RollThrough"],"picked":"SKIP","floor":6},{"not_picked":["Slimebound:GrowthPunch","Slimebound:Schlurp+1"],"picked":"Slimebound:PressTheAttack","floor":8},{"not_picked":["Slimebound:GoopSpray+1","Slimebound:LeechingTouch"],"picked":"Slimebound:SplitMire+1","floor":9},{"not_picked":["Slimebound:ComboTackle","Slimebound:Gluttony"],"picked":"Slimebound:LivingWall+1","floor":10},{"not_picked":["Slimebound:SplitMire+1","Slimebound:Dissolve+1"],"picked":"Slimebound:SplitLeeching+1","floor":11},{"not_picked":["Slimebound:FinishingTackle","Slimebound:Nibble","Slimebound:Chomp"],"picked":"SKIP","floor":12},{"not_picked":["Slimebound:LeechEnergy","Slimebound:SlimeBrawl+1"],"picked":"Slimebound:SplitLeeching+1","floor":15},{"not_picked":["Slimebound:RallyTheTroops","Slimebound:WasteNot+1"],"picked":"Slimebound:DuplicatedForm","floor":16},{"not_picked":["Slimebound:RollThrough","Slimebound:PressTheAttack+1","Slimebound:Schlurp+1"],"picked":"SKIP","floor":19},{"not_picked":["Slimebound:GoopSpray+1","Slimebound:SamplingLick+1","Slimebound:Prepare+1"],"picked":"SKIP","floor":23},{"not_picked":["Slimebound:FlameTackle","Slimebound:Gluttony","Slimebound:OozeBath+1"],"picked":"SKIP","floor":25},{"not_picked":["Slimebound:LivingWall+1","Slimebound:RejuvenatingLick+1"],"picked":"Slimebound:SplitAcid+1","floor":26},{"not_picked":["Slimebound:ItLooksTasty+1","Slimebound:Dissolve+1"],"picked":"Slimebound:OneTwoCombo","floor":28},{"not_picked":["Slimebound:SamplingLick+1","Slimebound:RejuvenatingLick+1"],"picked":"Slimebound:Repurpose+1","floor":29},{"not_picked":["Slimebound:Schlurp+1","Slimebound:LeechingTouch","Slimebound:FlameTackle+1"],"picked":"SKIP","floor":31},{"not_picked":["Slimebound:GoopTackle","Slimebound:SplitLeeching+1"],"picked":"Slimebound:SlimeSpikes+1","floor":32}],"player_experience":32242,"relics_obtained":[{"floor":6,"key":"Toxic Egg 2"},{"floor":7,"key":"TungstenRod"},{"floor":9,"key":"Meat on the Bone"},{"floor":11,"key":"Bronze Scales"},{"floor":24,"key":"Pear"},{"floor":28,"key":"Matryoshka"},{"floor":28,"key":"Lantern"},{"floor":31,"key":"Du-Vu Doll"},{"floor":31,"key":"Letter Opener"}],"event_choices":[{"damage_healed":0,"gold_gain":0,"player_choice":"Donut","damage_taken":0,"max_hp_gain":5,"max_hp_loss":0,"event_name":"Big Fish","floor":4,"gold_loss":0},{"damage_healed":0,"gold_gain":0,"player_choice":"Got Potions","damage_taken":0,"max_hp_gain":0,"max_hp_loss":0,"event_name":"Lab","floor":5,"gold_loss":0},{"damage_healed":0,"gold_gain":0,"player_choice":"Ignored","damage_taken":0,"max_hp_gain":0,"max_hp_loss":0,"event_name":"Ghosts","floor":21,"gold_loss":0}],"is_beta":false,"boss_relics":[{"not_picked":["Slimebound:TarBlob","Busted Crown"],"picked":"Black Star"}],"items_purged_floors":[],"is_endless":false,"potions_floor_spawned":[2,3,8,11,15,25,28,31,32],"killed_by":"DF_ARCHETYPE_CLAW","ascension_level":0}}