{"host":"dpbezu80jg8zk7un","time":1611596841,"event":{"mods":["BaseMod","Colored Map","Colored Powertips","Custom Start","DeckTracker","Minty Spire (QoL Compilation)","Quick Restart","StSLib","SuperFastMode"],"gold_per_floor":[114,131,15,15,15,15,30,105,130,144,173,173,203,103,103,175,175,186,186,201,29,29,29,48,63,63,63,63,63],"floor_reached":28,"language":"KOR","playtime":764,"items_purged":["Strike_R","Strike_R"],"score":502,"play_id":"d82d202c-c6c9-4e7e-8cc0-b266d786cf07","local_time":"20210126024721","is_ascension_mode":true,"campfire_choices":[{"data":"Immolate","floor":6.0,"key":"SMITH"},{"data":"Pommel Strike","floor":15.0,"key":"SMITH"},{"data":"Evolve","floor":23,"key":"SMITH"}],"circlet_count":0,"master_deck":["AscendersBane","Defend_R","Defend_R","Defend_R","Bash","Second Wind","Pommel Strike+1","Reckless Charge","Immolate+1","Disarm","Shrug It Off","Double Tap","Evolve+1","Power Through","Barricade+1","Dark Embrace","Corruption","Clash"],"relics":["Burning Blood","Art of War","Letter Opener","PreservedInsect","Centennial Puzzle","Juzu Bracelet","Black Star","Question Card"],"acts_visited":["Exordium","TheCity"],"potions_floor_usage":[18,28],"damage_taken":[{"damage":2.0,"enemies":"2 Louse","floor":1.0,"turns":5.0},{"damage":4.0,"enemies":"Jaw Worm","floor":2.0,"turns":4.0},{"damage":0.0,"enemies":"Small Slimes","floor":7.0,"turns":1.0},{"damage":1.0,"enemies":"Looter","floor":10.0,"turns":2.0},{"damage":10.0,"enemies":"Lagavulin","floor":11.0,"turns":5.0},{"damage":0.0,"enemies":"Gremlin Nob","floor":13.0,"turns":3.0},{"damage":35.0,"enemies":"The Guardian","floor":16.0,"turns":12.0},{"damage":18,"enemies":"Shell Parasite","floor":18,"turns":5},{"damage":11,"enemies":"Spheric Guardian","floor":20,"turns":3},{"damage":41,"enemies":"Shelled Parasite and Fungi","floor":24,"turns":5},{"damage":19,"enemies":"Snake Plant","floor":25,"turns":7},{"damage":9,"enemies":"Book of Stabbing","floor":28,"turns":3}],"seed_played":"2329367882670389091","potions_obtained":[{"floor":1.0,"key":"Energy Potion"},{"floor":13.0,"key":"BlessingOfTheForge"},{"floor":20,"key":"ElixirPotion"}],"is_trial":false,"path_per_floor":["M","M","$","?","?","R","M","T","T","M","E","?","E","$","R","B",null,"M","?","M","$","?","R","M","M","T","?","E"],"character_chosen":"IRONCLAD","items_purchased":["Reckless Charge","Barricade"],"campfire_rested":0,"item_purchase_floors":[3,21],"current_hp_per_floor":[72,74,74,63,63,63,69,69,69,74,70,75,80,80,80,51,73,61,61,56,56,56,56,21,8,8,8,0,0],"gold":63,"neow_bonus":"REMOVE_CARD","is_daily":false,"chose_seed":false,"campfire_upgraded":3,"win_rate":0.0,"timestamp":1611596841,"path_taken":["M","M","$","?","?","R","M","?","T","M","E","?","E","?","R","BOSS","M","?","M","$","?","R","M","M","T","?","E"],"items_purchased_type":["Card","Card"],"build_version":"2020-12-22","purchased_purges":2,"victory":false,"max_hp_per_floor":[75,75,75,75,75,75,75,75,75,75,75,80,80,80,80,80,80,80,80,80,80,80,80,80,80,80,80,80,80],"card_choices":[{"not_picked":["Seeing Red","Spot Weakness"],"picked":"Second Wind","floor":1.0},{"not_picked":["Headbutt","Cleave"],"picked":"Pommel Strike","floor":2.0},{"not_picked":["Body Slam","Warcry"],"picked":"Disarm","floor":7.0},{"not_picked":["Pommel Strike","Uppercut","Iron Wave"],"picked":"SKIP","floor":10.0},{"not_picked":["Armaments","Flex"],"picked":"Shrug It Off","floor":11.0},{"not_picked":["Rage","Thunderclap","Metallicize"],"picked":"SKIP","floor":13.0},{"not_picked":["Immolate","Berserk"],"picked":"Double Tap","floor":16.0},{"not_picked":["Burning Pact","Clothesline+1","Clash"],"picked":"SKIP","floor":18},{"not_picked":["Dual Wield","Sword Boomerang"],"picked":"Power Through","floor":20},{"not_picked":["Anger","Shrug It Off","Carnage+1"],"picked":"SKIP","floor":24},{"not_picked":["Armaments","Spot Weakness"],"picked":"Dark Embrace","floor":25}],"player_experience":2929135,"relics_obtained":[{"floor":8.0,"key":"Letter Opener"},{"floor":9.0,"key":"PreservedInsect"},{"floor":11.0,"key":"Centennial Puzzle"},{"floor":13.0,"key":"Juzu Bracelet"},{"floor":26,"key":"Question Card"}],"event_choices":[{"damage_healed":0.0,"max_hp_gain":0.0,"max_hp_loss":0.0,"gold_gain":0.0,"event_name":"Scrap Ooze","player_choice":"Success","floor":4.0,"gold_loss":0.0,"damage_taken":11.0,"relics_obtained":["Art of War"]},{"damage_healed":0.0,"max_hp_gain":0.0,"max_hp_loss":0.0,"gold_gain":0.0,"cards_transformed":["Strike_R"],"event_name":"Living Wall","player_choice":"Change","floor":5.0,"gold_loss":0.0,"damage_taken":0.0,"cards_obtained":["Immolate"]},{"damage_healed":0.0,"max_hp_gain":5.0,"max_hp_loss":0.0,"gold_gain":0.0,"event_name":"Big Fish","player_choice":"Donut","floor":12.0,"gold_loss":0.0,"damage_taken":0.0},{"damage_healed":0,"gold_gain":0,"player_choice":"Read","damage_taken":0,"max_hp_gain":0,"max_hp_loss":0,"event_name":"The Library","floor":19,"gold_loss":0,"cards_obtained":["Evolve"]},{"damage_healed":0,"gold_gain":0,"player_choice":"Upgraded","damage_taken":0,"max_hp_gain":0,"max_hp_loss":0,"event_name":"Upgrade Shrine","floor":22,"gold_loss":0,"cards_upgraded":["Barricade"]},{"damage_healed":0,"gold_gain":0,"cards_transformed":["Strike_R","Defend_R"],"player_choice":"Became Test Subject","damage_taken":0,"max_hp_gain":0,"max_hp_loss":0,"event_name":"Drug Dealer","floor":27,"gold_loss":0,"cards_obtained":["Corruption","Clash"]}],"is_beta":false,"boss_relics":[{"not_picked":["Pandora\u0027s Box","Calling Bell"],"picked":"Black Star"}],"items_purged_floors":[3,14],"is_endless":false,"potions_floor_spawned":[1,13,20],"killed_by":"Book of Stabbing","ascension_level":20}}