{"host":"3498uni0c31c9bdm","time":1611559246,"event":{"mods":["BaseMod","Better Third Choice","Minty Spire (QoL Compilation)","Replay The Spire","StSLib"],"gold_per_floor":[112,112,126,139,30,30,28,66,140,140,61,61,0,24,24,153,153,76,76,16,88,88,88,88,88],"floor_reached":24,"language":"ENG","playtime":2048,"items_purged":[],"score":409,"play_id":"09434243-484f-4f0d-a0a1-726a3d852f1b","local_time":"20210125182046","is_ascension_mode":true,"campfire_choices":[{"floor":6,"key":"REST"},{"floor":10,"key":"REST"},{"floor":12,"key":"RECALL"},{"floor":23,"key":"REST"}],"circlet_count":0,"master_deck":["Strike_P","Strike_P","Strike_P","Strike_P","Defend_P","Defend_P","Defend_P","Defend_P","Eruption+1","Vigilance","DeceiveReality","Injury","Protect","CrushJoints","ReplayTheSpireMod:IOU","ReplayTheSpireMod:IOU","Panache","ReplayTheSpireMod:IOU","Consecrate+1","Enlightenment","Replay:Hum","DevaForm","FlyingSleeves","PathToVictory+1","ReplayTheSpireMod:IOU","ReplayTheSpireMod:IOU","Prostrate","ReplayTheSpireMod:IOU"],"relics":["PureWater","Golden Idol","Replay:Wax Seal","Meat on the Bone","Regal Pillow","Replay:Grab Bag","ChewingGum","ReplayTheSpireMod:DimensionalGlitch","Black Star","Toy Ornithopter"],"acts_visited":["Exordium","TheCity"],"potions_floor_usage":[8,16,16,24],"damage_taken":[{"damage":16,"enemies":"Jaw Worm","floor":1,"turns":4},{"damage":14,"enemies":"Small Slimes","floor":3,"turns":6},{"damage":0,"enemies":"2 Louse","floor":4,"turns":2},{"damage":75,"enemies":"Lagavulin","floor":8,"turns":11},{"damage":1,"enemies":"Exordium Wildlife","floor":11,"turns":5},{"damage":6,"enemies":"Blue Slaver","floor":14,"turns":5},{"damage":41,"enemies":"Fading Forest","floor":16,"turns":11},{"damage":61,"enemies":"3 Byrds","floor":18,"turns":6},{"damage":11,"enemies":"2 Thieves","floor":20,"turns":4},{"damage":59,"enemies":"Centurion and Healer","floor":24,"turns":7}],"seed_played":"-7728624965973373566","potions_obtained":[{"floor":1,"key":"Ancient Potion"},{"floor":11,"key":"FearPotion"}],"is_trial":false,"path_per_floor":["M","?","M","M","$","R","$","E","T","R","M","R","?","M","R","B",null,"M","?","M","$","?","R","M"],"character_chosen":"WATCHER","items_purchased":["Replay:Wax Seal","Meat on the Bone","Panache","Block Potion","FairyPotion","Prostrate","Toy Ornithopter","Explosive Potion"],"campfire_rested":3,"item_purchase_floors":[5,5,5,5,7,21,21,21],"current_hp_per_floor":[49,49,35,35,35,56,56,33,33,69,68,68,74,68,78,49,71,16,16,11,11,11,49,0,0],"gold":88,"neow_bonus":"RANDOM_EVENT","is_daily":false,"chose_seed":false,"campfire_upgraded":0,"win_rate":0.0,"timestamp":1611559246,"path_taken":["M","?","M","M","$","R","?","E","T","R","M","R","?","M","R","BOSS","M","?","M","$","?","R","M"],"items_purchased_type":["Relic","Relic","Card","Potion","Potion","Card","Relic","Potion"],"build_version":"2020-12-22","purchased_purges":0,"victory":false,"max_hp_per_floor":[72,72,72,72,72,72,72,72,72,72,72,72,78,78,78,78,78,78,78,78,78,78,78,78,78],"card_choices":[{"not_picked":["Swivel","Replay:AtTheReady"],"picked":"DeceiveReality","floor":1},{"not_picked":["ClearTheMind","JustLucky"],"picked":"Protect","floor":3},{"not_picked":["FlyingSleeves","Replay:Cycle"],"picked":"CrushJoints","floor":4},{"not_picked":["Replay:AtTheReady","Crescendo","Adaptation"],"picked":"SKIP","floor":8},{"not_picked":["ClearTheMind","Brilliance"],"picked":"Consecrate","floor":11},{"not_picked":["FlyingSleeves","CrushJoints"],"picked":"Replay:Hum","floor":14},{"not_picked":["Replay:AllIn","Brilliance"],"picked":"DevaForm","floor":16},{"not_picked":["Replay:BluntJabs","ThirdEye"],"picked":"FlyingSleeves","floor":18},{"not_picked":["Replay:Battleflow+1","CutThroughFate"],"picked":"PathToVictory+1","floor":20}],"player_experience":736310,"relics_obtained":[{"floor":8,"key":"Regal Pillow"}],"event_choices":[{"damage_healed":0,"gold_gain":0,"player_choice":"Grow","damage_taken":0,"max_hp_gain":0,"max_hp_loss":0,"event_name":"Living Wall","floor":0,"gold_loss":0,"cards_upgraded":["Eruption"]},{"damage_healed":0,"gold_gain":0,"player_choice":"Take Wound","damage_taken":0,"relics_obtained":["Golden Idol"],"max_hp_gain":0,"max_hp_loss":0,"event_name":"Golden Idol","floor":2,"gold_loss":0,"cards_obtained":["Injury"]},{"damage_healed":0,"gold_gain":0,"player_choice":"RENOUNCE","damage_taken":61,"max_hp_gain":0,"max_hp_loss":0,"event_name":"betterThird:BetterSerpent","floor":13,"gold_loss":61,"cards_obtained":["Enlightenment"]},{"damage_healed":0,"gold_gain":0,"player_choice":"Ignored","damage_taken":0,"max_hp_gain":0,"max_hp_loss":0,"event_name":"Ghosts","floor":19,"gold_loss":0},{"damage_healed":0,"gold_gain":0,"player_choice":"Ignored","damage_taken":0,"max_hp_gain":0,"max_hp_loss":0,"event_name":"Vampires","floor":22,"gold_loss":0}],"is_beta":false,"boss_relics":[{"not_picked":["Empty Cage","Replay:Wanted Poster"],"picked":"Replay:Grab Bag"},{"not_picked":["Replay:Bronze Core","Ectoplasm"],"picked":"ChewingGum"},{"not_picked":["ReplayTheSpireMod:Onyx Gauntlets","Fusion Hammer"],"picked":"ReplayTheSpireMod:DimensionalGlitch"},{"not_picked":["Astrolabe","HolyWater"],"picked":"Black Star"}],"items_purged_floors":[],"is_endless":false,"potions_floor_spawned":[1,11],"killed_by":"Centurion and Healer","ascension_level":7}}