{"host":"vc42n08di9czm3e7","time":1611541286,"event":{"mods":["AchievementEnabler","Act Like it!","BaseMod","Colored Powertips","Downfall","Friendly Minions","GifTheSpireLib","Minty Spire (QoL Compilation)","Rare Cards Sparkle","StSLib"],"gold_per_floor":[99,116,134,37,37,50,50,150,183,195,242,267,179,20,30,30,30,30],"floor_reached":16,"language":"ENG","playtime":819,"items_purged":[],"score":135,"play_id":"e703e2ec-39c9-4c5f-b610-c82b39205522","local_time":"20210124212126","is_ascension_mode":false,"campfire_choices":[{"data":"bronze:Assembly","floor":1,"key":"SMITH"},{"data":"bronze:Flail","floor":10,"key":"SMITH"},{"data":"bronze:SpaghettiCode","floor":13,"key":"SMITH"}],"circlet_count":0,"master_deck":["bronze:Strike","bronze:Strike","bronze:Defend","bronze:Defend","bronze:Defend","bronze:Defend","bronze:Replicate","bronze:Goto","bronze:Assembly+1","bronze:Iterate","bronze:FineTuning","bronze:BronzeOrb","bronze:Flail+1","bronze:Boost+1","bronze:DigitalCarnage","bronze:DelayedSlice","bronze:SpaghettiCode+1","bronze:Iterate","bronze:DelayedGuard","bronze:Assembly+1"],"relics":["bronze:BronzeCore","MawBank","Oddly Smooth Stone","downfall:HeartBlessingGreen","DollysMirror"],"acts_visited":["Exordium"],"potions_floor_usage":[8,11],"damage_taken":[{"damage":0,"enemies":"Small Slimes","floor":2,"turns":4},{"damage":6,"enemies":"Jaw Worm","floor":3,"turns":3},{"damage":5,"enemies":"downfall:FleeingMerchant","floor":4,"turns":4},{"damage":0,"enemies":"2 Louse","floor":6,"turns":2},{"damage":0,"enemies":"downfall:Heads","floor":8,"turns":4},{"damage":0,"enemies":"Gremlin Nob","floor":9,"turns":2},{"damage":32,"enemies":"Lagavulin","floor":11,"turns":7},{"damage":0,"enemies":"Red Slaver","floor":12,"turns":3},{"damage":5,"enemies":"downfall:FleeingMerchant","floor":14,"turns":4},{"damage":0,"enemies":"Blue Slaver","floor":15,"turns":2},{"damage":34,"enemies":"WA_ARCHETYPE_RETAIN","floor":16,"turns":4}],"seed_played":"8217770330615918502","potions_obtained":[{"floor":6,"key":"Block Potion"},{"floor":8,"key":"SpeedPotion"},{"floor":12,"key":"Explosive Potion"}],"is_trial":false,"path_per_floor":["R","M","M","$","?","M","T","?","E","R","E","M","R","$","M","B"],"character_chosen":"THE_AUTOMATON","items_purchased":["bronze:Flail","DollysMirror"],"campfire_rested":0,"item_purchase_floors":[4,14],"current_hp_per_floor":[63,63,57,52,57,57,57,57,57,57,25,25,25,20,20,0,0,0],"gold":30,"neow_bonus":"THREE_RARE_CARDS","is_daily":false,"chose_seed":false,"campfire_upgraded":3,"win_rate":0.0,"timestamp":1611541286,"path_taken":["R","M","M","$","?","M","T","?","E","R","E","M","R","$","M","BOSS"],"items_purchased_type":["Card","Relic"],"build_version":"2020-12-22","purchased_purges":0,"victory":false,"max_hp_per_floor":[63,63,63,63,68,68,68,68,68,68,68,68,68,68,68,68,68,68],"card_choices":[{"not_picked":["bronze:Verify","bronze:Virus"],"picked":"bronze:Assembly","floor":0},{"not_picked":["bronze:Invalidate","bronze:BuggyMess"],"picked":"bronze:Iterate","floor":2},{"not_picked":["bronze:OilSpill","bronze:MaxOutput"],"picked":"bronze:FineTuning","floor":3},{"not_picked":["bronze:ChosenStrike","bronze:DarkDash"],"picked":"bronze:BronzeOrb","floor":4},{"not_picked":["bronze:DelayedSlice","bronze:Constructor"],"picked":"bronze:Boost","floor":6},{"not_picked":["bronze:HardenedForm","bronze:BronzeOrb"],"picked":"bronze:DelayedSlice","floor":9},{"not_picked":["bronze:BitShift","bronze:Flail"],"picked":"bronze:SpaghettiCode","floor":11},{"not_picked":["bronze:WhirlingStrike","bronze:MaxOutput"],"picked":"bronze:Iterate","floor":12},{"not_picked":["bronze:Overheat","bronze:Mutator"],"picked":"bronze:DelayedGuard","floor":14},{"not_picked":["bronze:DelayedGuard","bronze:Overheat","bronze:FollowUp"],"picked":"SKIP","floor":15}],"player_experience":307251,"relics_obtained":[{"floor":9,"key":"MawBank"},{"floor":11,"key":"Oddly Smooth Stone"}],"event_choices":[{"damage_healed":0,"gold_gain":0,"player_choice":"Donut","damage_taken":0,"max_hp_gain":5,"max_hp_loss":0,"event_name":"Big Fish","floor":5,"gold_loss":0}],"is_beta":false,"boss_relics":[],"items_purged_floors":[],"is_endless":false,"potions_floor_spawned":[6,8,12],"killed_by":"WA_ARCHETYPE_RETAIN","ascension_level":0}}