{"host":"88sw61cmk1203zgj","time":1611553856,"event":{"mods":["BaseMod","Minty Spire (QoL Compilation)"],"gold_per_floor":[116,133,133,83,101,101,145,145,145,183,207,207,51,67,67,163,163,178,178,201,201,201,201,214,229,229,229,245,276,294,312,312,312,312],"floor_reached":33,"language":"ENG","playtime":1596,"items_purged":[],"score":489,"play_id":"cf25eba6-b188-48be-aed6-4f2526790458","local_time":"20210125005056","is_ascension_mode":true,"campfire_choices":[{"data":"Thunderclap","floor":6.0,"key":"SMITH"},{"floor":8.0,"key":"REST"},{"data":"Disarm","floor":12.0,"key":"SMITH"},{"data":"Twin Strike","floor":15.0,"key":"SMITH"},{"data":"Demon Form","floor":23.0,"key":"SMITH"},{"data":"True Grit","floor":27.0,"key":"SMITH"},{"data":"True Grit","floor":32.0,"key":"SMITH"}],"circlet_count":0,"master_deck":["AscendersBane","Strike_R+1","Strike_R+1","Strike_R+1","Strike_R+1","Defend_R+1","Defend_R+1","Defend_R+1","Defend_R+1","Bash","Cleave","Thunderclap+1","Twin Strike+1","Disarm+1","Headbutt","Demon Form+1","True Grit+1","Dark Embrace+1","True Grit+1","Shockwave","Flame Barrier+1"],"relics":["Burning Blood","War Paint","Golden Idol","Champion Belt","Mango","Vajra","Lee\u0027s Waffle","Coffee Dripper","Peace Pipe","Calipers"],"acts_visited":["Exordium","TheCity"],"potions_floor_usage":[33],"damage_taken":[{"damage":0.0,"enemies":"Small Slimes","floor":1.0,"turns":4.0},{"damage":13.0,"enemies":"Jaw Worm","floor":2.0,"turns":5.0},{"damage":2.0,"enemies":"Cultist","floor":5.0,"turns":4.0},{"damage":61.0,"enemies":"Gremlin Nob","floor":7.0,"turns":6.0},{"damage":26.0,"enemies":"3 Sentries","floor":10.0,"turns":6.0},{"damage":8.0,"enemies":"Large Slime","floor":11.0,"turns":6.0},{"damage":1.0,"enemies":"Exordium Thugs","floor":14.0,"turns":4.0},{"damage":22.0,"enemies":"The Guardian","floor":16.0,"turns":12.0},{"damage":22.0,"enemies":"Spheric Guardian","floor":18.0,"turns":4.0},{"damage":17.0,"enemies":"2 Thieves","floor":20.0,"turns":3.0},{"damage":0.0,"enemies":"Snake Plant","floor":22.0,"turns":1.0},{"damage":1.0,"enemies":"Centurion and Healer","floor":24.0,"turns":4.0},{"damage":4.0,"enemies":"3 Cultists","floor":25.0,"turns":5.0},{"damage":15.0,"enemies":"Snake Plant","floor":28.0,"turns":4.0},{"damage":52.0,"enemies":"Slavers","floor":29.0,"turns":5.0},{"damage":0.0,"enemies":"Snecko","floor":30.0,"turns":6.0},{"damage":5.0,"enemies":"Centurion and Healer","floor":31.0,"turns":7.0},{"damage":47,"enemies":"Automaton","floor":33,"turns":6}],"seed_played":"4712772711228879310","potions_obtained":[{"floor":2.0,"key":"LiquidBronze"},{"floor":10.0,"key":"SmokeBomb"},{"floor":18.0,"key":"ColorlessPotion"},{"floor":20.0,"key":"Dexterity Potion"},{"floor":28.0,"key":"BlessingOfTheForge"},{"floor":29.0,"key":"SpeedPotion"}],"is_trial":false,"path_per_floor":["M","M","?","?","M","R","E","R","T","E","M","R","$","M","R","B",null,"M","?","M","?","M","R","M","M","T","R","M","E","M","M","R","B"],"character_chosen":"IRONCLAD","items_purchased":["Lee\u0027s Waffle"],"campfire_rested":1,"item_purchase_floors":[13],"current_hp_per_floor":[78,71,71,71,74,74,19,41,55,35,33,33,95,95,95,79,91,75,75,64,58,64,64,69,71,71,71,62,16,22,23,23,0,0],"gold":312,"neow_bonus":"RANDOM_COMMON_RELIC","is_daily":false,"chose_seed":false,"campfire_upgraded":6,"win_rate":0.0,"timestamp":1611553856,"path_taken":["M","M","?","?","M","R","E","R","T","E","M","R","?","M","R","BOSS","M","?","M","?","M","R","M","M","T","R","M","E","M","M","R","BOSS"],"items_purchased_type":["Relic"],"build_version":"2020-12-22","purchased_purges":0,"victory":false,"max_hp_per_floor":[80,80,74,74,74,74,74,74,88,88,88,88,95,95,95,95,95,95,95,95,95,95,95,95,95,95,95,95,95,95,95,95,95,95],"card_choices":[{"not_picked":["Perfected Strike","Body Slam"],"picked":"Cleave","floor":1.0},{"not_picked":["Uppercut","Clothesline"],"picked":"Thunderclap","floor":2.0},{"not_picked":["Dual Wield","Armaments","Cleave"],"picked":"SKIP","floor":5.0},{"not_picked":["Havoc","True Grit"],"picked":"Twin Strike","floor":7.0},{"not_picked":["Perfected Strike","Pummel"],"picked":"Disarm","floor":10.0},{"not_picked":["Sever Soul","Reckless Charge"],"picked":"Headbutt","floor":11.0},{"not_picked":["Clash","Body Slam","Searing Blow"],"picked":"SKIP","floor":14.0},{"not_picked":["Bludgeon","Corruption"],"picked":"Demon Form","floor":16.0},{"not_picked":["Entrench","Sentinel","Blood for Blood"],"picked":"SKIP","floor":18.0},{"not_picked":["Cleave","Headbutt"],"picked":"True Grit","floor":20.0},{"not_picked":["Body Slam","Perfected Strike"],"picked":"Dark Embrace+1","floor":24.0},{"not_picked":["Cleave","Flame Barrier"],"picked":"True Grit","floor":25.0},{"not_picked":["Twin Strike","Juggernaut"],"picked":"Shockwave","floor":28.0},{"not_picked":["Sword Boomerang","Heavy Blade"],"picked":"Flame Barrier+1","floor":29.0},{"not_picked":["Sever Soul","Iron Wave","Metallicize"],"picked":"SKIP","floor":30.0},{"not_picked":["Armaments","Wild Strike","Havoc"],"picked":"SKIP","floor":31.0}],"player_experience":1510283,"relics_obtained":[{"floor":7.0,"key":"Champion Belt"},{"floor":9.0,"key":"Mango"},{"floor":10.0,"key":"Vajra"},{"floor":26.0,"key":"Peace Pipe"},{"floor":29.0,"key":"Calipers"}],"event_choices":[{"damage_healed":0.0,"max_hp_gain":0.0,"max_hp_loss":6.0,"gold_gain":0.0,"event_name":"Golden Idol","player_choice":"Lose Max HP","floor":3.0,"gold_loss":0.0,"damage_taken":0.0,"relics_obtained":["Golden Idol"]},{"cards_removed":["Strike_R"],"damage_healed":0.0,"max_hp_gain":0.0,"max_hp_loss":0.0,"gold_gain":0.0,"event_name":"The Cleric","player_choice":"Card Removal","floor":4.0,"gold_loss":50.0,"damage_taken":0.0},{"damage_healed":0.0,"max_hp_gain":0.0,"max_hp_loss":0.0,"gold_gain":0.0,"event_name":"Back to Basics","player_choice":"Simplicity","floor":19.0,"gold_loss":0.0,"damage_taken":0.0,"cards_upgraded":["Strike_R","Strike_R","Strike_R","Strike_R","Defend_R","Defend_R"]},{"damage_healed":0.0,"max_hp_gain":0.0,"max_hp_loss":0.0,"gold_gain":0.0,"event_name":"Knowing Skull","player_choice":"","floor":21.0,"potions_obtained":[],"gold_loss":0.0,"damage_taken":6.0,"cards_obtained":[]}],"is_beta":false,"boss_relics":[{"not_picked":["Velvet Choker","Busted Crown"],"picked":"Coffee Dripper"}],"items_purged_floors":[],"is_endless":false,"potions_floor_spawned":[2,10,18,20,28,29],"killed_by":"Automaton","ascension_level":13}}