{"host":"ibckqdmmf9y74ymf","time":1611590856,"event":{"mods":["2.2 Compatiblity","Ascension Unlocker","BaseMod","Colored Map","Curses Come First","Highlight Path","Minty Spire (QoL Compilation)","Quick Restart","Rare Cards Sparkle","Relic Stats","StSLib"],"gold_per_floor":[203,110,185,185,185,199,233,233,233,233],"floor_reached":8,"language":"ENG","playtime":108,"items_purged":[],"score":158,"play_id":"821a761c-0017-4f1f-886e-68152b15bc53","local_time":"20210125170736","is_ascension_mode":true,"campfire_choices":[{"floor":7.0,"key":"REST"}],"circlet_count":0,"master_deck":["AscendersBane","Strike_G","Strike_G","Strike_G","Strike_G","Defend_G+1","Defend_G","Defend_G","Defend_G","Defend_G","Survivor","Neutralize+1","Backstab","Backflip","Quick Slash"],"relics":["Ring of the Snake","NeowsBlessing","Oddly Smooth Stone"],"acts_visited":["Exordium"],"potions_floor_usage":[8],"damage_taken":[{"damage":0.0,"enemies":"Jaw Worm","floor":1.0,"turns":1.0},{"damage":0.0,"enemies":"2 Louse","floor":5.0,"turns":1.0},{"damage":0.0,"enemies":"3 Sentries","floor":6.0,"turns":1.0},{"damage":33,"enemies":"Gremlin Nob","floor":8,"turns":5}],"seed_played":"4696799868563336049","potions_obtained":[{"floor":1.0,"key":"Block Potion"}],"is_trial":false,"path_per_floor":["M","?","?","?","M","E","R","E"],"character_chosen":"THE_SILENT","items_purchased":[],"campfire_rested":1,"item_purchase_floors":[],"current_hp_per_floor":[26,59,48,28,21,21,21,40,7,7],"gold":233,"neow_bonus":"THREE_ENEMY_KILL","is_daily":false,"chose_seed":false,"campfire_upgraded":0,"win_rate":0.0,"timestamp":1611590856,"path_taken":["M","?","?","?","M","E","R","E"],"items_purchased_type":[],"build_version":"2020-12-22","purchased_purges":0,"victory":false,"max_hp_per_floor":[71,66,66,66,66,66,66,66,66,66],"relic_stats":{"counters":[4,8],"obtain_stats":[{"NeowsBlessing":0,"Oddly Smooth Stone":6,"Ring of the Snake":0},{"NeowsBlessing":0,"Oddly Smooth Stone":3,"Ring of the Snake":0},{"NeowsBlessing":0,"Oddly Smooth Stone":3,"Ring of the Snake":0}],"Ring of the Snake":[8]},"card_choices":[{"not_picked":["Flechettes","Tactician"],"picked":"Backstab","floor":1.0},{"not_picked":["Dodge and Roll","Acrobatics"],"picked":"Backflip","floor":5.0},{"not_picked":["Acrobatics","Bane"],"picked":"Quick Slash","floor":6.0}],"player_experience":664554,"relics_obtained":[{"floor":6.0,"key":"Oddly Smooth Stone"}],"event_choices":[{"damage_healed":0.0,"max_hp_gain":0.0,"max_hp_loss":0.0,"gold_gain":75.0,"event_name":"World of Goop","player_choice":"Gather Gold","floor":2.0,"gold_loss":0.0,"damage_taken":11.0},{"damage_healed":0.0,"max_hp_gain":0.0,"max_hp_loss":0.0,"gold_gain":0.0,"event_name":"Shining Light","player_choice":"Entered Light","floor":3.0,"gold_loss":0.0,"damage_taken":20.0,"cards_upgraded":["Defend_G","Neutralize"]},{"cards_removed":["Strike_G"],"damage_healed":0.0,"max_hp_gain":0.0,"max_hp_loss":0.0,"gold_gain":0.0,"event_name":"Golden Wing","player_choice":"Card Removal","floor":4.0,"gold_loss":0.0,"damage_taken":7.0}],"is_beta":false,"boss_relics":[],"items_purged_floors":[],"is_endless":false,"potions_floor_spawned":[1],"killed_by":"Gremlin Nob","ascension_level":20}}