{"host":"rwd7yp9nr3nfpfre","time":1611586139,"event":{"mods":["Act Like it!","BaseMod","Hallownest","Minty Spire (QoL Compilation)","StSLib","The Bug Knight","The Senshi"],"gold_per_floor":[117,135,154,3,20,83,83,96,172,202,202,202,232,232,232,333,333,351,351,271,271,15,35,35,46,116,141,151,151,151],"floor_reached":29,"language":"ENG","playtime":2211,"items_purged":["HollowMod:MawleksShell+1"],"score":233,"play_id":"aa24ae04-d8e9-4968-a3c1-90611f7b1405","local_time":"20210125154859","is_ascension_mode":false,"campfire_choices":[{"data":"HollowMod:CycloneSlash","floor":7,"key":"SMITH"},{"floor":12,"key":"REST"},{"floor":15,"key":"REST"},{"floor":24,"key":"REST"}],"circlet_count":0,"master_deck":["HollowMod:NailStrikeStart","HollowMod:NailStrikeStart","HollowMod:NailStrikeStart","HollowMod:QuickDashStart","HollowMod:QuickDashStart","HollowMod:QuickDashStart","HollowMod:FocusHealStart","HollowMod:PogoStrike","HollowMod:Grubsong","HollowMod:VengefulSpirit","HollowMod:SoulVessel","HollowMod:BaldurShell+1","HollowMod:SoulStrike","HollowMod:GoodIntentions","HollowMod:CycloneSlash+1","HollowMod:HowlingWraiths","HollowMod:SoulSplash","HollowMod:Weaversong+1","HollowMod:LifebloodCore+1","HollowMod:CycloneSlash+1","HollowMod:DesolateDive","Hallownest:skillCityofTearsMap","Hallownest:attackMasterCycloneSlash","HollowMod:MantisMark","HollowMod:DashSlash","HollowMod:SiblingsSouls","HollowMod:NewJinnsSoul+1","HollowMod:HuntersJournal"],"relics":["HollowMod:VesselMask","Gremlin Horn","Torii","Hallownest:SalubrasBlessingRelic","Bag of Preparation","Astrolabe","Ornamental Fan","HollowMod:KingsBrand"],"acts_visited":["Hallownest:Greenpath","Hallownest:CityofTears"],"potions_floor_usage":[3,5,16,16,28,29],"damage_taken":[{"damage":8,"enemies":"Hallownest:2_Tiktiks_and_1_Crawlid","floor":1,"turns":5},{"damage":4,"enemies":"Hallownest:monsterHuskWarrior","floor":2,"turns":4},{"damage":2,"enemies":"Hallownest:monsterHuskGuard","floor":3,"turns":3},{"damage":33,"enemies":"Hallownest:1_Ooma_and_2_Uuma","floor":5,"turns":8},{"damage":37,"enemies":"Hallownest:Guard_and_Warrior","floor":8,"turns":8},{"damage":29,"enemies":"Hallownest:eliteCrystalGuardian","floor":10,"turns":8},{"damage":2,"enemies":"Hallownest:eliteVengeflyKing","floor":13,"turns":6},{"damage":58,"enemies":"Hallownest:BossFalseKnight","floor":16,"turns":10},{"damage":3,"enemies":"Hallownest:Flukemon_and_Top","floor":18,"turns":5},{"damage":23,"enemies":"Hallownest:Guard_and_Sentry","floor":23,"turns":4},{"damage":26,"enemies":"Hallownest:2_Husk_Sentries","floor":25,"turns":5},{"damage":27,"enemies":"Hallownest:Master_and_Novice","floor":28,"turns":4},{"damage":38,"enemies":"Hallownest:eliteWatcherKnight","floor":29,"turns":8}],"seed_played":"4473386465516019496","potions_obtained":[{"floor":1,"key":"DistilledChaos"},{"floor":3,"key":"CultistPotion"},{"floor":10,"key":"SkillPotion"},{"floor":13,"key":"AttackPotion"},{"floor":28,"key":"SkillPotion"}],"is_trial":false,"path_per_floor":["M","M","M","$","M","?","R","M","T","E","?","R","E","?","R","B",null,"M","?","?","?","$","M","R","M","T","T","M","E"],"character_chosen":"THE_BUGKNIGHT","items_purchased":["HollowMod:BaldurShell","HollowMod:SoulStrike","HollowMod:GoodIntentions","HollowMod:MantisMark","HollowMod:DashSlash","Fire Potion"],"campfire_rested":3,"item_purchase_floors":[4,4,4,22,22,22],"current_hp_per_floor":[80,82,80,80,57,57,57,32,32,13,13,39,43,43,70,24,86,83,83,83,83,83,60,87,61,61,61,34,0,0],"gold":151,"neow_bonus":"TEN_PERCENT_HP_BONUS","is_daily":false,"chose_seed":false,"campfire_upgraded":1,"win_rate":0.0,"timestamp":1611586139,"path_taken":["M","M","M","$","M","?","R","M","T","E","?","R","E","?","R","BOSS","M","?","?","?","?","M","R","M","T","?","?","E"],"items_purchased_type":["Card","Card","Card","Card","Card","Potion"],"build_version":"2020-12-22","purchased_purges":1,"victory":false,"max_hp_per_floor":[82,82,82,82,82,82,82,82,82,82,82,84,84,84,86,86,86,86,86,86,86,86,86,88,88,88,88,88,88,88],"card_choices":[{"not_picked":["HollowMod:ChannelNail","HollowMod:HeavyBlow"],"picked":"HollowMod:Grubsong","floor":1},{"not_picked":["HollowMod:SiblingsShadow","HollowMod:VengefulVoid"],"picked":"HollowMod:VengefulSpirit","floor":2},{"not_picked":["HollowMod:MonarchWings","HollowMod:NewLittleFool"],"picked":"HollowMod:SoulVessel","floor":3},{"not_picked":["HollowMod:BlackTendrils","HollowMod:NewLittleFool"],"picked":"HollowMod:CycloneSlash","floor":5},{"not_picked":["HollowMod:GreatSlash","HollowMod:CornifersMapStart"],"picked":"HollowMod:HowlingWraiths","floor":8},{"not_picked":["HollowMod:InfectedCysts","HollowMod:GoodIntentions"],"picked":"HollowMod:SoulSplash","floor":10},{"not_picked":["HollowMod:InfectedAttack","HollowMod:VengefulVoid"],"picked":"HollowMod:CrystalDash","floor":13},{"not_picked":["HollowMod:LifebloodCore","HollowMod:HornetsHelp"],"picked":"HollowMod:Weaversong","floor":16},{"not_picked":["HollowMod:HeavyBlow","HollowMod:FastStrike"],"picked":"HollowMod:DesolateDive","floor":18},{"not_picked":["HollowMod:VengefulVoid","HollowMod:ShadowDash+1"],"picked":"HollowMod:SiblingsSouls","floor":23},{"not_picked":["HollowMod:InfectedCysts","HollowMod:FallenFury"],"picked":"HollowMod:NewJinnsSoul+1","floor":25},{"not_picked":["HollowMod:MawleksShell","HollowMod:RecoilStrike"],"picked":"HollowMod:HuntersJournal","floor":28}],"player_experience":366658,"relics_obtained":[{"floor":9,"key":"Gremlin Horn"},{"floor":10,"key":"Torii"},{"floor":13,"key":"Bag of Preparation"},{"floor":26,"key":"Ornamental Fan"},{"floor":27,"key":"HollowMod:KingsBrand"}],"event_choices":[],"is_beta":false,"boss_relics":[{"not_picked":["Coffee Dripper","Busted Crown"],"picked":"Astrolabe"}],"items_purged_floors":[22],"is_endless":false,"potions_floor_spawned":[1,3,10,13,28],"killed_by":"Hallownest:eliteWatcherKnight","ascension_level":0}}