{"host":"xmrw7jl1ir2912vf","time":1611549195,"event":{"mods":["BaseMod","Minty Spire (QoL Compilation)","Relic Stats"],"gold_per_floor":[113,130,143,10,21,50,50,76,152,152,152],"floor_reached":10,"language":"ENG","playtime":494,"items_purged":["Strike_R"],"score":140,"play_id":"c723a43d-6003-4d6b-b23a-adb77423dac4","local_time":"20210124233315","is_ascension_mode":true,"campfire_choices":[{"data":"Whirlwind","floor":7,"key":"SMITH"}],"circlet_count":0,"master_deck":["AscendersBane","Strike_R","Strike_R","Strike_R","Strike_R","Defend_R","Defend_R","Defend_R","Defend_R","Bash","Master of Strategy","True Grit","Wild Strike","Whirlwind+1","Shrug It Off","Shrug It Off","Flame Barrier","Pommel Strike"],"relics":["Burning Blood","Thread and Needle","Bird Faced Urn","Eternal Feather"],"acts_visited":["Exordium"],"potions_floor_usage":[6,8],"damage_taken":[{"damage":11,"enemies":"2 Louse","floor":1,"turns":3},{"damage":5,"enemies":"Cultist","floor":2,"turns":4},{"damage":4,"enemies":"Small Slimes","floor":3,"turns":4},{"damage":2,"enemies":"Red Slaver","floor":5,"turns":5},{"damage":32,"enemies":"3 Sentries","floor":6,"turns":7},{"damage":22,"enemies":"Gremlin Nob","floor":8,"turns":5},{"damage":36,"enemies":"Lagavulin","floor":10,"turns":6}],"seed_played":"2316775048253243357","potions_obtained":[{"floor":2,"key":"BlessingOfTheForge"},{"floor":6,"key":"Regen Potion"}],"is_trial":false,"path_per_floor":["M","M","M","$","M","E","R","E","T","E"],"character_chosen":"IRONCLAD","items_purchased":["Shrug It Off"],"campfire_rested":0,"item_purchase_floors":[4],"current_hp_per_floor":[45,46,48,48,52,26,26,24,24,0,0],"gold":152,"neow_bonus":"RANDOM_COLORLESS_2","is_daily":false,"chose_seed":false,"campfire_upgraded":1,"win_rate":0.0,"timestamp":1611549195,"path_taken":["M","M","M","$","M","E","R","E","T","E"],"items_purchased_type":["Card"],"build_version":"2020-12-22","purchased_purges":1,"victory":false,"max_hp_per_floor":[75,75,75,75,75,75,75,75,75,75,75],"relic_stats":{"counters":[7,34],"Bird Faced Urn":[0],"Eternal Feather":0,"obtain_stats":[{"Bird Faced Urn":8,"Thread and Needle":6,"Eternal Feather":9,"Burning Blood":0},{"Bird Faced Urn":6,"Thread and Needle":5,"Eternal Feather":6,"Burning Blood":0},{"Bird Faced Urn":28,"Thread and Needle":23,"Eternal Feather":28,"Burning Blood":0}],"Burning Blood":36},"card_choices":[{"not_picked":["Transmutation","Secret Weapon"],"picked":"Master of Strategy","floor":0},{"not_picked":["Heavy Blade","Clothesline"],"picked":"True Grit","floor":1},{"not_picked":["Clothesline","Combust"],"picked":"Wild Strike","floor":2},{"not_picked":["Inflame","Sentinel"],"picked":"Whirlwind","floor":3},{"not_picked":["Warcry","Heavy Blade"],"picked":"Shrug It Off","floor":5},{"not_picked":["Uppercut","Infernal Blade"],"picked":"Flame Barrier","floor":6},{"not_picked":["Carnage","Rupture"],"picked":"Pommel Strike","floor":8}],"player_experience":412855,"relics_obtained":[{"floor":6,"key":"Thread and Needle"},{"floor":8,"key":"Bird Faced Urn"},{"floor":9,"key":"Eternal Feather"}],"event_choices":[],"is_beta":false,"boss_relics":[],"items_purged_floors":[4],"is_endless":false,"potions_floor_spawned":[2,6],"killed_by":"Lagavulin","ascension_level":16}}