{"host":"nwd160me4iqdtr8u","time":1611549530,"event":{"mods":["AchievementEnabler","Act Like it!","BaseMod","Colored Map","DeckTracker","Minty Spire (QoL Compilation)","Quick Restart","Rare Cards Sparkle","StSLib","SuperFastMode","everything is the same but u backflip on backflip"],"gold_per_floor":[110,122,122,132,150,150,184,184,208,208,229,179,197,73,73,73,73],"floor_reached":16,"language":"KOR","playtime":926,"items_purged":[],"score":130,"play_id":"f3d06198-9a49-47fb-a1d9-28f65be506ea","local_time":"20210125133850","is_ascension_mode":true,"campfire_choices":[{"floor":6.0,"key":"REST"},{"data":"Neutralize","floor":8.0,"key":"SMITH"},{"data":"Footwork","floor":15,"key":"SMITH"}],"circlet_count":0,"master_deck":["Strike_G","Strike_G+1","Strike_G+1","Defend_G","Defend_G","Defend_G","Defend_G","Defend_G","Survivor","Neutralize+1","Quick Slash","Acrobatics","Blur","Crippling Poison","Footwork+1"],"relics":["Ring of the Snake","NeowsBlessing","Akabeko","Juzu Bracelet","Whetstone","Odd Mushroom"],"acts_visited":["Exordium"],"potions_floor_usage":[16,16],"damage_taken":[{"damage":0.0,"enemies":"Cultist","floor":1.0,"turns":1.0},{"damage":0.0,"enemies":"Small Slimes","floor":2.0,"turns":1.0},{"damage":0.0,"enemies":"Jaw Worm","floor":4.0,"turns":1.0},{"damage":18.0,"enemies":"Gremlin Gang","floor":5.0,"turns":7.0},{"damage":15.0,"enemies":"3 Sentries","floor":7.0,"turns":11.0},{"damage":17,"enemies":"The Mushroom Lair","floor":11,"turns":5},{"damage":0,"enemies":"Looter","floor":13,"turns":2},{"damage":22,"enemies":"The Guardian","floor":16,"turns":25}],"seed_played":"8655121141105897672","potions_obtained":[{"floor":4.0,"key":"CunningPotion"},{"floor":13,"key":"SneckoOil"}],"is_trial":false,"path_per_floor":["M","M","?","M","M","R","E","R","T","?","?","?","M","$","R","B"],"character_chosen":"THE_SILENT","items_purchased":["Footwork","Fire Potion"],"campfire_rested":1,"item_purchase_floors":[14,14],"current_hp_per_floor":[63,63,56,56,38,59,44,44,44,44,27,27,27,27,27,5,5],"gold":73,"neow_bonus":"THREE_ENEMY_KILL","is_daily":false,"chose_seed":false,"campfire_upgraded":2,"win_rate":0.0,"timestamp":1611549530,"path_taken":["M","?","?","M","M","R","E","R","T","?","?","?","M","?","R","BOSS"],"items_purchased_type":["Card","Potion"],"build_version":"2020-12-22","purchased_purges":0,"victory":false,"max_hp_per_floor":[70,70,70,70,70,70,70,70,70,70,70,70,70,70,70,70,70],"card_choices":[{"not_picked":["Poisoned Stab","Infinite Blades"],"picked":"Quick Slash","floor":1.0},{"not_picked":["PiercingWail","Dodge and Roll","Deflect"],"picked":"SKIP","floor":2.0},{"not_picked":["Envenom","Caltrops"],"picked":"Acrobatics","floor":4.0},{"not_picked":["Deadly Poison","Prepared"],"picked":"Blur","floor":5.0},{"not_picked":["Blur","Backflip","Dash"],"picked":"SKIP","floor":7.0},{"not_picked":["Finisher","Flying Knee"],"picked":"Crippling Poison","floor":13}],"player_experience":247992,"relics_obtained":[{"floor":7.0,"key":"Juzu Bracelet"},{"floor":9.0,"key":"Whetstone"},{"floor":11,"key":"Odd Mushroom"}],"event_choices":[{"damage_healed":0.0,"max_hp_gain":0.0,"max_hp_loss":0.0,"gold_gain":0.0,"event_name":"Scrap Ooze","player_choice":"Success","floor":3.0,"gold_loss":0.0,"damage_taken":7.0,"relics_obtained":["Akabeko"]},{"cards_removed":["Strike_G"],"damage_healed":0,"gold_gain":0,"player_choice":"Offered Basic","damage_taken":0,"max_hp_gain":0,"max_hp_loss":0,"event_name":"Bonfire Elementals","floor":10,"gold_loss":0},{"damage_healed":0,"gold_gain":0,"player_choice":"Fought Mushrooms","damage_taken":0,"max_hp_gain":0,"max_hp_loss":0,"event_name":"Mushrooms","floor":11,"gold_loss":0},{"cards_removed":["Strike_G"],"damage_healed":0,"gold_gain":0,"player_choice":"Card Removal","damage_taken":0,"max_hp_gain":0,"max_hp_loss":0,"event_name":"The Cleric","floor":12,"gold_loss":50}],"is_beta":false,"boss_relics":[],"items_purged_floors":[],"is_endless":false,"potions_floor_spawned":[4,13],"killed_by":"The Guardian","ascension_level":6}}