{"host":"8srk5r1dwtmjotwd","time":1611534650,"event":{"mods":["AchievementEnabler","Act Like it!","BaseMod","Bestiary","Better Note","Better Third Choice","Colored Map","Colored Powertips","Friendly Minions","GifTheSpireLib","Halation","Hallownest","Hermit","Hubris","Minty Spire (QoL Compilation)","Quick Restart","Rare Cards Sparkle","Replay The Spire","Robot Space Explorer","Shop Mod","StSLib","SuperFastMode","Synergy Search","The Bug Knight","The Construct","The Jungle","Thieving Mod","Yohane!","everything is the same but u backflip on backflip","slay the spire mod where everything is the same but ironclad has a cowboy hat"],"gold_per_floor":[118,118,118,129,140,171,183,183,208,208,208,223,223,235,235,338,338,352,366,412,412,425,425,425,425,474,492,502,535,547,547,547,651,651,662,662,682,682,692,723,723,723,746,746,1,1,1,13,13,33,33,33],"floor_reached":53,"language":"ENG","playtime":2846,"items_purged":[],"score":759,"play_id":"43cc44eb-4d20-487b-94f2-8870c6d03451","local_time":"20210124193050","is_ascension_mode":false,"campfire_choices":[{"floor":11.0,"key":"REST"},{"data":"Bludgeon","floor":15.0,"key":"SMITH"},{"data":"Bloodletting","floor":23,"key":"SMITH"},{"floor":25,"key":"REST"},{"floor":32,"key":"REST"},{"floor":41,"key":"REST"},{"floor":44,"key":"REST"},{"data":"Infernal Blade","floor":49,"key":"SMITH"},{"floor":51,"key":"REST"}],"circlet_count":1,"master_deck":["Strike_R","Strike_R","Strike_R","Strike_R","Strike_R","Defend_R+1","Defend_R","Defend_R+1","Defend_R+1","Bash","Pummel","Anger","Bludgeon+1","Fiend Fire","Replay:Undeath\u0027s Touch","Bloodletting+1","Shockwave","Impervious","Spot Weakness","Perfected Strike","Sword Boomerang","Heavy Blade","Searing Blow","Hemokinesis","Infernal Blade+1","Flex+1","Demon Form","ReplayTheSpireMod:Strike From Hell","Pride","Whirlwind","hubris:ReadiedAction+1","Dark Embrace+1","Flex","Body Slam+1","Inflame+1"],"relics":["Burning Blood","NeowsBlessing","hubris:Icosahedron","Hallownest:DreamNailRelic","Simple Rune","Circlet","Boot","hubris:HollowSoul","Onion Ring","halation:PinkSoulGem","Replay:Mystery Machine","Question Card","Ooze Armor","Hallownest:HeavyBlowRelic","ReplayFunnel","hubris:BundleOfHerbs","Vajra","Gremlin Horn","Charon\u0027s Ashes"],"acts_visited":["Hallownest:Greenpath","TheCity","Hallownest:KingdomsEdge"],"potions_floor_usage":[27,28,33,39,39,40,48,52,52,52],"damage_taken":[{"damage":3.0,"enemies":"Hallownest:2_Tiktiks_and_1_Crawlid","floor":1.0,"turns":2.0},{"damage":0.0,"enemies":"Hallownest:2_Baldur","floor":4.0,"turns":1.0},{"damage":0.0,"enemies":"Hallownest:monsterHuskGuard","floor":5.0,"turns":1.0},{"damage":15.0,"enemies":"Hallownest:eliteCrystalGuardian","floor":6.0,"turns":3.0},{"damage":16.0,"enemies":"Hallownest:Wandering_and_Horned","floor":7.0,"turns":3.0},{"damage":0.0,"enemies":"Hallownest:monsterFoolEater","floor":12.0,"turns":3.0},{"damage":0.0,"enemies":"Hallownest:monsterMossCharger","floor":14.0,"turns":2.0},{"damage":71.0,"enemies":"Hallownest:BossHornet","floor":16.0,"turns":10.0},{"damage":13,"enemies":"Spheric Guardian","floor":18,"turns":3},{"damage":0,"enemies":"Snecko","floor":19,"turns":4},{"damage":19,"enemies":"Sentry and Sphere","floor":22,"turns":4},{"damage":21,"enemies":"3 Cultists","floor":27,"turns":4},{"damage":28,"enemies":"Cultist and Chosen","floor":28,"turns":5},{"damage":40,"enemies":"Slavers","floor":29,"turns":7},{"damage":7,"enemies":"Snecko","floor":30,"turns":4},{"damage":49,"enemies":"hubris:MusketHawk","floor":33,"turns":6},{"damage":34,"enemies":"Hallownest:2_Littles","floor":35,"turns":4},{"damage":13,"enemies":"Hallownest:3_Siblings","floor":37,"turns":2},{"damage":7,"enemies":"Hallownest:2_Wandering_and_1_Horned","floor":39,"turns":6},{"damage":35,"enemies":"Hallownest:eliteHiveKnight","floor":40,"turns":5},{"damage":5,"enemies":"Hallownest:2_Great","floor":48,"turns":4},{"damage":14,"enemies":"Hallownest:2_Soldiers_and_1_Guardian","floor":50,"turns":4},{"damage":39,"enemies":"Hallownest:BossGreyPrinceZote","floor":52,"turns":6}],"seed_played":"8178488375736329732","potions_obtained":[{"floor":4.0,"key":"LifebloodPotion"},{"floor":5.0,"key":"Fire Potion"},{"floor":6.0,"key":"PowerPotion"},{"floor":16.0,"key":"Elixir"},{"floor":22,"key":"Fire Potion"},{"floor":27,"key":"Adrenaline Potion"},{"floor":30,"key":"AttackPotion"},{"floor":33,"key":"Elixir"},{"floor":37,"key":"Reflective Coating"},{"floor":40,"key":"Dexterity Potion"},{"floor":50,"key":"Weak Potion"}],"is_trial":false,"path_per_floor":["M","?","?","M","M","E","M","?","T","?","R","M","?","M","R","B",null,"M","M","?","?","M","R","?","R","T","M","M","E","M","?","R","B",null,"M","?","M","?","M","E","R","T","T","R","$","PTL","PTL","M","R","M","R","B",null],"character_chosen":"IRONCLAD","items_purchased":["Flex","Gremlin Horn","Charon\u0027s Ashes","Flashbang","FearPotion"],"campfire_rested":6,"item_purchase_floors":[45,45,45,45,45],"current_hp_per_floor":[80,80,80,80,80,71,61,61,61,61,80,80,80,80,80,15,80,73,79,79,79,66,66,66,80,80,65,43,9,8,11,35,40,83,55,55,48,48,47,18,42,42,42,66,66,66,66,67,67,59,83,50],"gold":33,"neow_bonus":"THREE_ENEMY_KILL","is_daily":false,"chose_seed":false,"campfire_upgraded":3,"win_rate":0.0,"timestamp":1611534650,"path_taken":["M","?","?","?","M","E","M","?","T","?","R","?","?","M","R","BOSS","M","M","?","?","M","R","?","R","T","M","M","E","?","?","R","BOSS","M","?","M","?","M","E","R","?","T","R","$","PTL","PTL","M","R","M","R","BOSS"],"items_purchased_type":["Card","Relic","Relic","Potion","Potion"],"build_version":"2020-12-22","purchased_purges":0,"victory":true,"max_hp_per_floor":[80,80,80,80,80,80,80,80,80,80,80,80,80,80,80,80,80,80,80,80,80,80,80,80,80,80,80,80,80,80,83,83,83,83,83,83,83,83,83,83,83,83,83,83,83,83,83,83,83,83,83,83],"card_choices":[{"not_picked":["Twin Strike","Wild Strike"],"picked":"Pummel","floor":1.0},{"not_picked":["Pommel Strike","Shrug It Off"],"picked":"Anger","floor":4.0},{"not_picked":["ReplayReversal","Warcry"],"picked":"Bludgeon","floor":5.0},{"not_picked":["Rage","hubris:CleavingFinish"],"picked":"Fiend Fire","floor":6.0},{"not_picked":["Clothesline","Second Wind"],"picked":"Replay:Undeath\u0027s Touch","floor":7.0},{"not_picked":["Wild Strike","ReplayTheSpireMod:Stacked"],"picked":"Bloodletting","floor":12.0},{"not_picked":["Twin Strike","Wild Strike"],"picked":"Shockwave","floor":14.0},{"not_picked":["Juggernaut","Demonic Infusion"],"picked":"Impervious","floor":16.0},{"not_picked":["Rage","Havoc"],"picked":"Spot Weakness","floor":18},{"not_picked":["Burning Pact","Power Through"],"picked":"Perfected Strike","floor":19},{"not_picked":["Armaments","Shockwave"],"picked":"Sword Boomerang","floor":20},{"not_picked":["Power Through","Twin Strike"],"picked":"Heavy Blade","floor":20},{"not_picked":["Twin Strike","Defy Death"],"picked":"Searing Blow","floor":22},{"not_picked":["Bloodletting","True Grit+1"],"picked":"Hemokinesis","floor":27},{"not_picked":["Shrug It Off","Perfected Strike"],"picked":"Infernal Blade","floor":28},{"not_picked":["Demon Form","Headbutt"],"picked":"Flex+1","floor":29},{"not_picked":["Shockwave+1","Pommel Strike+1","Headbutt","Perfected Strike+1"],"picked":"SKIP","floor":30},{"not_picked":["Hemogenesis","Corruption","Immolate"],"picked":"Demon Form","floor":33},{"not_picked":["Cleave+1","Perfected Strike+1","ReplayReversal"],"picked":"ReplayTheSpireMod:Strike From Hell","floor":35},{"not_picked":["Havoc+1","ReplayReversal+1","Ghostly Armor+1"],"picked":"Whirlwind","floor":37},{"not_picked":["Thunderclap","Entrench","Dropkick"],"picked":"hubris:ReadiedAction+1","floor":39},{"not_picked":["Feel No Pain","hubris:ReadiedAction","Twin Strike"],"picked":"Dark Embrace+1","floor":40},{"not_picked":["Replay:Undeath\u0027s Touch","Combust","hubris:SharpeningStone"],"picked":"Body Slam+1","floor":48},{"not_picked":["Disarm","Reaper","Entrench+1"],"picked":"Inflame+1","floor":50}],"player_experience":54791,"relics_obtained":[{"floor":6.0,"key":"Simple Rune"},{"floor":9.0,"key":"Boot"},{"floor":20,"key":"Onion Ring"},{"floor":26,"key":"Replay:Mystery Machine"},{"floor":29,"key":"Question Card"},{"floor":40,"key":"ReplayFunnel"},{"floor":42,"key":"hubris:BundleOfHerbs"},{"floor":43,"key":"Vajra"}],"event_choices":[{"damage_healed":0,"gold_gain":0,"player_choice":"Ignored","damage_taken":0,"max_hp_gain":0,"max_hp_loss":0,"event_name":"Purifier","floor":24,"gold_loss":0}],"is_beta":false,"boss_relics":[{"not_picked":["Replay:Bronze Core","Mark of Pain"],"picked":"hubris:HollowSoul"},{"not_picked":["Painkiller Herb","Electric Blood"],"picked":"Ooze Armor"}],"items_purged_floors":[],"is_endless":false,"potions_floor_spawned":[4,5,6,16,22,27,30,33,37,40,50],"ascension_level":0}}