{"host":"szp1d6dso4pv7ddl","time":1611539464,"event":{"mods":["AchievementEnabler","Alarm Clock","BaseMod","Bestiary","Block Reminder","Colored Map","Colored Powertips","Curses Come First","Dark Map","Displayed Cursed Tome","Highlight Path","Minty Spire (QoL Compilation)","Permanent Neow","Quick Restart","Relic Sorter","Relic Stats","StSLib","Synergy Search"],"gold_per_floor":[119,136,66,78,88,88,13,25,25,43,54,54,71,71,71,175,175,187,198,198,113,113,113,113,113],"floor_reached":24,"language":"ENG","playtime":1162,"items_purged":["Regret"],"score":304,"play_id":"4b635b7f-1b5a-48fe-a6b1-1751cef4b356","local_time":"20210124175104","is_ascension_mode":true,"campfire_choices":[{"data":"Streamline","floor":6,"key":"SMITH"},{"floor":12,"key":"REST"},{"data":"Conserve Battery","floor":15,"key":"SMITH"},{"data":"Zap","floor":23,"key":"SMITH"}],"circlet_count":0,"master_deck":["AscendersBane","Defend_B","Defend_B","Defend_B","Zap+1","Dualcast","Stack","Ball Lightning","Streamline+1","Conserve Battery+1","Rebound","Barrage","Ball Lightning","Leap","Multi-Cast","Ball Lightning"],"relics":["Cracked Core","Eternal Feather","Empty Cage","Du-Vu Doll"],"acts_visited":["Exordium","TheCity"],"potions_floor_usage":[18,19],"damage_taken":[{"damage":3,"enemies":"Cultist","floor":1,"turns":3},{"damage":9,"enemies":"2 Louse","floor":2,"turns":2},{"damage":0,"enemies":"Small Slimes","floor":4,"turns":2},{"damage":17,"enemies":"3 Louse","floor":5,"turns":2},{"damage":11,"enemies":"Looter","floor":8,"turns":2},{"damage":19,"enemies":"Exordium Thugs","floor":10,"turns":5},{"damage":4,"enemies":"Red Slaver","floor":11,"turns":3},{"damage":8,"enemies":"Blue Slaver","floor":13,"turns":3},{"damage":46,"enemies":"The Guardian","floor":16,"turns":10},{"damage":24,"enemies":"3 Byrds","floor":18,"turns":5},{"damage":25,"enemies":"2 Thieves","floor":19,"turns":3},{"damage":46,"enemies":"Snecko","floor":24,"turns":4}],"seed_played":"-7211130325072522537","potions_obtained":[{"floor":1,"key":"SkillPotion"},{"floor":2,"key":"Ancient Potion"},{"floor":8,"key":"DuplicationPotion"},{"floor":13,"key":"Block Potion"},{"floor":18,"key":"Fire Potion"}],"is_trial":false,"path_per_floor":["M","M","$","M","M","R","$","M","T","M","M","R","M","?","R","B",null,"M","M","?","?","?","R","M"],"character_chosen":"DEFECT","items_purchased":["Conserve Battery","Rebound"],"campfire_rested":1,"item_purchase_floors":[3,3],"current_hp_per_floor":[65,56,56,56,39,39,39,28,28,9,5,36,28,53,62,16,60,36,11,36,36,36,45,0,0],"gold":113,"neow_bonus":"TRANSFORM_TWO_CARDS","is_daily":false,"chose_seed":false,"campfire_upgraded":3,"win_rate":0.0,"timestamp":1611539464,"path_taken":["M","M","$","M","M","R","$","M","T","M","?","R","M","?","R","BOSS","M","M","?","?","?","R","M"],"items_purchased_type":["Card","Card"],"build_version":"2020-12-22","purchased_purges":1,"victory":false,"max_hp_per_floor":[75,75,75,75,75,75,75,75,75,75,75,75,75,75,75,75,75,75,75,75,75,75,75,75,75],"relic_stats":{"counters":[12,44],"Eternal Feather":27,"obtain_stats":[{"Du-Vu Doll":21,"Eternal Feather":9,"Cracked Core":0,"Empty Cage":17},{"Du-Vu Doll":11,"Eternal Feather":5,"Cracked Core":0,"Empty Cage":9},{"Du-Vu Doll":40,"Eternal Feather":11,"Cracked Core":0,"Empty Cage":32}]},"card_choices":[{"not_picked":["Rip and Tear","FTL"],"picked":"Streamline","floor":1},{"not_picked":["Hologram","Tempest","Stack"],"picked":"SKIP","floor":2},{"not_picked":["Sunder","Stack","Turbo"],"picked":"SKIP","floor":4},{"not_picked":["Sweeping Beam","Steam Power","Cold Snap"],"picked":"SKIP","floor":5},{"not_picked":["Redo","Skim","Genetic Algorithm"],"picked":"SKIP","floor":8},{"not_picked":["Stack","Blizzard"],"picked":"Barrage","floor":10},{"not_picked":["Beam Cell","Hologram"],"picked":"Ball Lightning","floor":11},{"not_picked":["Steam Power","Fusion"],"picked":"Leap","floor":13},{"not_picked":["Core Surge","Buffer"],"picked":"Multi-Cast","floor":16},{"not_picked":["Conserve Battery","Cold Snap"],"picked":"Ball Lightning","floor":18},{"not_picked":["Turbo","Melter","Steam"],"picked":"SKIP","floor":19}],"player_experience":1271135,"relics_obtained":[{"floor":9,"key":"Eternal Feather"}],"event_choices":[{"damage_healed":25,"gold_gain":0,"player_choice":"Banana","damage_taken":0,"max_hp_gain":0,"max_hp_loss":0,"event_name":"Big Fish","floor":14,"gold_loss":0},{"damage_healed":25,"gold_gain":0,"player_choice":"Heal","damage_taken":0,"max_hp_gain":0,"max_hp_loss":0,"event_name":"The Library","floor":20,"gold_loss":0},{"damage_healed":0,"gold_gain":0,"player_choice":"Obtained Relic","damage_taken":0,"relics_obtained":["Du-Vu Doll"],"max_hp_gain":0,"max_hp_loss":0,"event_name":"Addict","floor":21,"gold_loss":85},{"cards_removed":["Strike_B"],"damage_healed":0,"gold_gain":0,"player_choice":"Elegance","damage_taken":0,"max_hp_gain":0,"max_hp_loss":0,"event_name":"Back to Basics","floor":22,"gold_loss":0}],"is_beta":false,"boss_relics":[{"not_picked":["Runic Pyramid","Busted Crown"],"picked":"Empty Cage"}],"items_purged_floors":[7],"is_endless":false,"potions_floor_spawned":[1,2,8,10,13,18],"killed_by":"Snecko","ascension_level":12}}