{"host":"zr590xw2unlz0wv7","time":1611534414,"event":{"mods":["BaseMod","Minty Spire (QoL Compilation)","READ ME - Guardian Mod","StSLib"],"gold_per_floor":[119,137,312,387,406,331,331,351,378,378,378,394,394,344,344,442,442,457,457,288,299,318,318,318,318,318,338,98,98,98,127,127,127,127],"floor_reached":33,"language":"ZHS","playtime":955,"items_purged":["Doubt","Strike_B"],"score":379,"play_id":"28465bb0-535a-4882-8f2a-c781bab66f46","local_time":"20210125082654","is_ascension_mode":true,"campfire_choices":[{"floor":11.0,"key":"REST"},{"floor":13.0,"key":"REST"},{"data":"Tempest","floor":15.0,"key":"SMITH"},{"floor":23.0,"key":"REST"},{"floor":25.0,"key":"REST"},{"floor":29.0,"key":"REST"},{"floor":32.0,"key":"REST"}],"circlet_count":0,"master_deck":["Defend_B","Defend_B","Defend_B","Zap","Dualcast","Electrodynamics","Tempest+1","Thunder Strike","Static Discharge","Defragment","BootSequence","Conserve Battery","Core Surge","Redo","Writhe","Multi-Cast"],"relics":["Cracked Core","Pen Nib","PreservedInsect","Empty Cage","Pantograph","White Beast Statue"],"acts_visited":["Exordium","TheCity"],"potions_floor_usage":[33,33,33,33,33,33,33],"damage_taken":[{"damage":2.0,"enemies":"Jaw Worm","floor":1.0,"turns":3.0},{"damage":0.0,"enemies":"Small Slimes","floor":2.0,"turns":3.0},{"damage":0.0,"enemies":"2 Louse","floor":5.0,"turns":1.0},{"damage":11.0,"enemies":"Gremlin Gang","floor":8.0,"turns":2.0},{"damage":8.0,"enemies":"Blue Slaver","floor":12.0,"turns":3.0},{"damage":0.0,"enemies":"Slime Boss","floor":16.0,"turns":6.0},{"damage":7.0,"enemies":"3 Byrds","floor":18.0,"turns":2.0},{"damage":19.0,"enemies":"Chosen","floor":21.0,"turns":4.0},{"damage":41.0,"enemies":"Shelled Parasite and Fungi","floor":22.0,"turns":8.0},{"damage":13.0,"enemies":"Snecko","floor":27.0,"turns":3.0},{"damage":39.0,"enemies":"Book of Stabbing","floor":31.0,"turns":5.0},{"damage":76,"enemies":"Automaton","floor":33,"turns":8}],"seed_played":"7576127338319555074","potions_obtained":[{"floor":5.0,"key":"EssenceOfSteel"},{"floor":12.0,"key":"Swift Potion"},{"floor":31.0,"key":"EntropicBrew"}],"is_trial":false,"path_per_floor":["M","M","?","?","M","$","?","M","T","?","R","M","R","?","R","B",null,"M","?","$","M","M","R","?","R","T","M","$","R","?","E","R","B"],"character_chosen":"DEFECT","items_purchased":["Defragment","Conserve Battery","Core Surge","Redo"],"campfire_rested":6,"item_purchase_floors":[20,28,28,28],"current_hp_per_floor":[73,73,73,62,62,62,37,26,26,31,53,45,67,67,67,67,73,66,66,66,47,6,28,28,50,50,37,37,59,59,20,42,0,0],"gold":127,"neow_bonus":"ONE_RANDOM_RARE_CARD","is_daily":false,"chose_seed":false,"campfire_upgraded":1,"win_rate":0.0,"timestamp":1611534414,"path_taken":["M","M","?","?","M","$","?","M","T","?","R","?","R","?","R","BOSS","M","?","$","M","M","R","?","R","T","M","$","R","?","E","R","BOSS"],"items_purchased_type":["Card","Card","Card","Card"],"build_version":"2020-12-22","purchased_purges":2,"victory":false,"max_hp_per_floor":[75,75,75,75,75,75,75,75,75,75,75,75,75,75,75,75,75,75,75,75,75,75,75,75,75,75,75,75,75,75,75,75,75,75],"card_choices":[{"not_picked":["Compile Driver","Double Energy","Skim"],"picked":"SKIP","floor":1.0},{"not_picked":["Go for the Eyes","Turbo","Beam Cell"],"picked":"SKIP","floor":2.0},{"not_picked":["Coolheaded","Turbo"],"picked":"Conserve Battery","floor":5.0},{"not_picked":["Hologram","Auto Shields"],"picked":"Tempest","floor":8.0},{"not_picked":["Rebound","Meteor Strike","Chill"],"picked":"SKIP","floor":12.0},{"not_picked":["Creative AI","Seek"],"picked":"Thunder Strike","floor":16.0},{"not_picked":["Turbo","Cold Snap","White Noise+1"],"picked":"SKIP","floor":18.0},{"not_picked":["Barrage+1","Sweeping Beam+1","White Noise+1"],"picked":"SKIP","floor":21.0},{"not_picked":["Barrage+1","Chill","Heatsinks"],"picked":"SKIP","floor":22.0},{"not_picked":["Doom and Gloom","Heatsinks"],"picked":"BootSequence","floor":27.0},{"not_picked":["Blizzard+1","Conserve Battery"],"picked":"Multi-Cast","floor":31.0}],"player_experience":544071,"relics_obtained":[{"floor":9.0,"key":"PreservedInsect"},{"floor":31.0,"key":"White Beast Statue"}],"event_choices":[{"damage_healed":0.0,"max_hp_gain":0.0,"max_hp_loss":0.0,"gold_gain":175.0,"event_name":"Liars Game","player_choice":"AGREE","floor":3.0,"gold_loss":0.0,"damage_taken":0.0,"cards_obtained":["Doubt"]},{"damage_healed":0.0,"max_hp_gain":0.0,"max_hp_loss":0.0,"gold_gain":75.0,"event_name":"World of Goop","player_choice":"Gather Gold","floor":4.0,"gold_loss":0.0,"damage_taken":11.0},{"damage_healed":0.0,"max_hp_gain":0.0,"max_hp_loss":0.0,"gold_gain":0.0,"event_name":"Scrap Ooze","player_choice":"Success","floor":7.0,"gold_loss":0.0,"damage_taken":25.0,"relics_obtained":["Pen Nib"]},{"cards_removed":["Conserve Battery"],"damage_healed":5.0,"max_hp_gain":0.0,"max_hp_loss":0.0,"gold_gain":0.0,"event_name":"Bonfire Elementals","player_choice":"Offered Common","floor":10.0,"gold_loss":0.0,"damage_taken":0.0},{"cards_removed":["Conserve Battery"],"damage_healed":5.0,"max_hp_gain":0.0,"max_hp_loss":0.0,"gold_gain":0.0,"event_name":"Bonfire Elementals","player_choice":"Offered Special","floor":10.0,"gold_loss":0.0,"damage_taken":0.0},{"cards_removed":["Strike_B"],"damage_healed":0.0,"max_hp_gain":0.0,"max_hp_loss":0.0,"gold_gain":0.0,"event_name":"The Cleric","player_choice":"Card Removal","floor":14.0,"gold_loss":50.0,"damage_taken":0.0},{"damage_healed":0.0,"max_hp_gain":0.0,"max_hp_loss":0.0,"gold_gain":0.0,"event_name":"The Library","player_choice":"Read","floor":19.0,"gold_loss":0.0,"damage_taken":0.0,"cards_obtained":["Static Discharge"]},{"cards_removed":["Defend_B"],"damage_healed":0.0,"max_hp_gain":0.0,"max_hp_loss":0.0,"gold_gain":0.0,"event_name":"Back to Basics","player_choice":"Elegance","floor":24.0,"gold_loss":0.0,"damage_taken":0.0},{"damage_healed":0.0,"max_hp_gain":0.0,"max_hp_loss":0.0,"gold_gain":0.0,"event_name":"The Mausoleum","player_choice":"Opened","floor":30.0,"gold_loss":0.0,"damage_taken":0.0,"relics_obtained":["Pantograph"],"cards_obtained":["Writhe"]}],"is_beta":false,"boss_relics":[{"not_picked":["Cursed Key","Busted Crown"],"picked":"Empty Cage"}],"items_purged_floors":[6,20],"is_endless":false,"potions_floor_spawned":[5,12,31],"killed_by":"Automaton","ascension_level":5}}