{"host":"1mv6gj0zv8k9e9tz","time":1611605100,"event":{"mods":["AchievementEnabler","BaseMod","Better Third Choice","Colored Map","KOR Keyword Fix","Minty Spire (QoL Compilation)","Permanent Neow","Rare Cards Sparkle","StSLib"],"gold_per_floor":[112,122,136,136,159,159,159,179,206,224,224,249,268,291,291,291,291],"floor_reached":16,"language":"KOR","playtime":499,"items_purged":[],"score":196,"play_id":"48399a24-e6ab-49ac-b9ca-99d0df85d104","local_time":"20210126050500","is_ascension_mode":true,"campfire_choices":[{"data":"Deadly Poison","floor":6.0,"key":"SMITH"},{"floor":11,"key":"REST"},{"floor":15,"key":"REST"}],"circlet_count":0,"master_deck":["AscendersBane","Strike_G","Strike_G","Strike_G","Strike_G","Strike_G","Defend_G","Defend_G","Defend_G","Defend_G","Defend_G","Survivor","Neutralize","Poisoned Stab","Noxious Fumes","Calculated Gamble","Deadly Poison+1","Deadly Poison"],"relics":["Sozu","Golden Idol","FaceOfCleric"],"acts_visited":["Exordium"],"potions_floor_usage":[],"damage_taken":[{"damage":3.0,"enemies":"2 Louse","floor":1.0,"turns":3.0},{"damage":0.0,"enemies":"Cultist","floor":2.0,"turns":3.0},{"damage":0.0,"enemies":"Jaw Worm","floor":3.0,"turns":4.0},{"damage":13.0,"enemies":"Exordium Thugs","floor":5.0,"turns":6.0},{"damage":11,"enemies":"Gremlin Gang","floor":8,"turns":6},{"damage":4,"enemies":"2 Fungi Beasts","floor":10,"turns":4},{"damage":15,"enemies":"Red Slaver","floor":12,"turns":4},{"damage":3,"enemies":"Looter","floor":13,"turns":3},{"damage":7,"enemies":"3 Louse","floor":14,"turns":3},{"damage":29,"enemies":"The Guardian","floor":16,"turns":6}],"seed_played":"-1688335465544169751","potions_obtained":[],"is_trial":false,"path_per_floor":["M","M","M","?","M","R","?","M","T","M","R","M","M","M","R","B"],"character_chosen":"THE_SILENT","items_purchased":[],"campfire_rested":2,"item_purchase_floors":[],"current_hp_per_floor":[56,56,56,33,20,20,20,10,10,7,27,13,11,5,26,0,0],"gold":291,"neow_bonus":"BOSS_RELIC","is_daily":false,"chose_seed":false,"campfire_upgraded":1,"win_rate":0.0,"timestamp":1611605100,"path_taken":["M","M","M","?","M","R","?","M","T","?","R","M","M","M","R","BOSS"],"items_purchased_type":[],"build_version":"2020-12-22","purchased_purges":0,"victory":false,"max_hp_per_floor":[66,66,66,66,66,66,66,67,67,68,68,69,70,71,71,71,71],"card_choices":[{"not_picked":["Slice","Distraction"],"picked":"Poisoned Stab","floor":1.0},{"not_picked":["Terror","Bane"],"picked":"Noxious Fumes","floor":2.0},{"not_picked":["Quick Slash","Dodge and Roll"],"picked":"Calculated Gamble","floor":3.0},{"not_picked":["Bane","Acrobatics"],"picked":"Deadly Poison","floor":5.0},{"not_picked":["Prepared","Dodge and Roll","Slice"],"picked":"SKIP","floor":8},{"not_picked":["Sucker Punch","Backstab","Calculated Gamble"],"picked":"SKIP","floor":10},{"not_picked":["Quick Slash","Doppelganger"],"picked":"Deadly Poison","floor":12},{"not_picked":["Heel Hook","Quick Slash","Underhanded Strike"],"picked":"SKIP","floor":13},{"not_picked":["Blade Dance","Poisoned Stab","Well Laid Plans"],"picked":"SKIP","floor":14}],"player_experience":570097,"relics_obtained":[],"event_choices":[{"damage_healed":0.0,"max_hp_gain":0.0,"max_hp_loss":0.0,"gold_gain":0.0,"event_name":"Golden Idol","player_choice":"Take Damage","floor":4.0,"gold_loss":0.0,"damage_taken":23.0,"relics_obtained":["Golden Idol"]},{"damage_healed":0.0,"max_hp_gain":0.0,"max_hp_loss":0.0,"gold_gain":0.0,"event_name":"FaceTrader","player_choice":"Trade","floor":7.0,"gold_loss":0.0,"damage_taken":0.0,"relics_obtained":["FaceOfCleric"]}],"is_beta":false,"boss_relics":[],"items_purged_floors":[],"is_endless":false,"potions_floor_spawned":[3,5,8,10,14],"killed_by":"The Guardian","ascension_level":20}}