{"host":"c6u7e77myxvw4d0m","time":1611559557,"event":{"mods":["AchievementEnabler","BaseMod","Bestiary","Colored Map","Colored Powertips","Minty Spire (QoL Compilation)","Rare Cards Sparkle","Relic Stats","everything is the same but u backflip on backflip"],"gold_per_floor":[114,126,126,44,56,56,83,83,129,145,207,233,255,285,285,387,387,402,418,418,418],"floor_reached":20,"language":"ENG","playtime":1851,"items_purged":[],"score":278,"play_id":"83054962-d5d7-42f4-8f23-f0ba9c01fe1d","local_time":"20210125092557","is_ascension_mode":true,"campfire_choices":[{"data":"Uppercut","floor":6,"key":"SMITH"},{"data":"Cleave","floor":8,"key":"SMITH"},{"floor":15,"key":"REST"}],"circlet_count":0,"master_deck":["Strike_R","Strike_R","Strike_R","Strike_R","Defend_R","Defend_R","Defend_R","Defend_R","Bash","Inflame","Hemokinesis","Uppercut+1","Cleave+1","Shockwave","Blood for Blood","Fire Breathing","Fire Breathing+1","Power Through","Carnage","Juggernaut+1","Corruption+1","Reckless Charge"],"relics":["Burning Blood","Bronze Scales","Nunchaku","Frozen Egg 2","MealTicket","Odd Mushroom","Ancient Tea Set","SlaversCollar"],"acts_visited":["Exordium","TheCity"],"potions_floor_usage":[11,12,14,16,20],"damage_taken":[{"damage":4,"enemies":"Jaw Worm","floor":1,"turns":6},{"damage":1,"enemies":"Cultist","floor":2,"turns":3},{"damage":7,"enemies":"Small Slimes","floor":5,"turns":3},{"damage":32,"enemies":"Lagavulin","floor":7,"turns":6},{"damage":7,"enemies":"2 Fungi Beasts","floor":10,"turns":3},{"damage":13,"enemies":"Lagavulin Event","floor":11,"turns":3},{"damage":21,"enemies":"3 Sentries","floor":12,"turns":4},{"damage":27,"enemies":"The Mushroom Lair","floor":13,"turns":5},{"damage":12,"enemies":"Gremlin Nob","floor":14,"turns":4},{"damage":22,"enemies":"Slime Boss","floor":16,"turns":8},{"damage":38,"enemies":"Shell Parasite","floor":18,"turns":7},{"damage":24,"enemies":"Spheric Guardian","floor":19,"turns":4},{"damage":27,"enemies":"3 Cultists","floor":20,"turns":3}],"seed_played":"-445338355800307757","potions_obtained":[{"floor":2,"key":"SkillPotion"},{"floor":10,"key":"LiquidMemories"},{"floor":11,"key":"Weak Potion"},{"floor":14,"key":"FearPotion"},{"floor":19,"key":"PowerPotion"}],"is_trial":false,"path_per_floor":["M","M","?","$","M","R","E","R","T","M","?","E","?","E","R","B",null,"M","M","M"],"character_chosen":"IRONCLAD","items_purchased":["Uppercut","Cleave"],"campfire_rested":1,"item_purchase_floors":[4,4],"current_hp_per_floor":[82,87,87,87,86,86,60,60,60,59,52,37,16,10,36,20,71,39,21,0,0],"gold":418,"neow_bonus":"TEN_PERCENT_HP_BONUS","is_daily":false,"chose_seed":false,"campfire_upgraded":2,"win_rate":0.0,"timestamp":1611559557,"path_taken":["M","M","?","$","M","R","E","R","T","?","?","E","?","E","R","BOSS","M","M","M"],"items_purchased_type":["Card","Card"],"build_version":"2020-12-22","purchased_purges":0,"victory":false,"max_hp_per_floor":[88,88,88,88,88,88,88,88,88,88,88,88,88,88,88,88,88,88,88,88,88],"relic_stats":{"Nunchaku":[4],"counters":[13,59],"Bronze Scales":[93],"MealTicket":0,"obtain_stats":[{"SlaversCollar":17,"Nunchaku":9,"Bronze Scales":7,"MealTicket":12,"Frozen Egg 2":11,"Odd Mushroom":13,"Ancient Tea Set":14,"Burning Blood":0},{"SlaversCollar":10,"Nunchaku":4,"Bronze Scales":4,"MealTicket":7,"Frozen Egg 2":6,"Odd Mushroom":8,"Ancient Tea Set":9,"Burning Blood":0},{"SlaversCollar":45,"Nunchaku":18,"Bronze Scales":18,"MealTicket":28,"Frozen Egg 2":24,"Odd Mushroom":33,"Ancient Tea Set":37,"Burning Blood":0}],"Burning Blood":72},"card_choices":[{"not_picked":["Shrug It Off","True Grit"],"picked":"Inflame","floor":1},{"not_picked":["Burning Pact","Headbutt"],"picked":"Hemokinesis","floor":2},{"not_picked":["Dual Wield","Warcry"],"picked":"Shockwave","floor":5},{"not_picked":["Thunderclap","Warcry"],"picked":"Blood for Blood","floor":7},{"not_picked":["Body Slam","Burning Pact"],"picked":"Fire Breathing","floor":10},{"not_picked":["Flex","Sword Boomerang"],"picked":"Fire Breathing+1","floor":11},{"not_picked":["Flex","Flame Barrier"],"picked":"Power Through","floor":12},{"not_picked":["Blood for Blood","Clash"],"picked":"Carnage","floor":13},{"not_picked":["Entrench","Heavy Blade"],"picked":"Juggernaut+1","floor":14},{"not_picked":["Bludgeon","Berserk+1"],"picked":"Corruption+1","floor":16},{"not_picked":["Havoc+1","Searing Blow","Heavy Blade"],"picked":"SKIP","floor":18},{"not_picked":["Armaments","True Grit"],"picked":"Reckless Charge","floor":19}],"player_experience":473516,"relics_obtained":[{"floor":7,"key":"Bronze Scales"},{"floor":9,"key":"Nunchaku"},{"floor":11,"key":"Frozen Egg 2"},{"floor":12,"key":"MealTicket"},{"floor":13,"key":"Odd Mushroom"},{"floor":14,"key":"Ancient Tea Set"}],"event_choices":[{"cards_removed":["Strike_R"],"damage_healed":0,"gold_gain":0,"player_choice":"Purged","damage_taken":0,"max_hp_gain":0,"max_hp_loss":0,"event_name":"Purifier","floor":3,"gold_loss":0},{"damage_healed":0,"gold_gain":30,"player_choice":"Searched \u00272\u0027 times","damage_taken":0,"max_hp_gain":0,"max_hp_loss":0,"event_name":"Dead Adventurer","floor":11,"gold_loss":0},{"damage_healed":0,"gold_gain":0,"player_choice":"Fought Mushrooms","damage_taken":0,"max_hp_gain":0,"max_hp_loss":0,"event_name":"Mushrooms","floor":13,"gold_loss":0}],"is_beta":false,"boss_relics":[{"not_picked":["Runic Cube","Pandora\u0027s Box"],"picked":"SlaversCollar"}],"items_purged_floors":[],"is_endless":false,"potions_floor_spawned":[2,10,11,14,19],"killed_by":"3 Cultists","ascension_level":9}}