{"host":"b4vwm7jq6jdk6nca","time":1611588647,"event":{"mods":["Act Like it!","BaseMod","Downfall","Minty Spire (QoL Compilation)","Quick Restart","Relic Filter Mod","StSLib","TestMod","The Cursed","[IsaacMod]以撒尖塔"],"gold_per_floor":[109,109,184,197,207,233,244,244,271,671,687,687,717,736,736,839,839,855,874,874,874,891,917,917,929,1003,1003,1003,1034,1049,443,443,539,539,558,606,606,506,292,327,354,366,402,447,486,533,545,557,557],"floor_reached":48,"language":"ZHS","playtime":1981,"items_purged":["Regret","Strike_G+1","Strike_G+1"],"score":1823,"play_id":"cc9740a4-238a-4f8f-a9e7-f7bbdd1996cf","local_time":"20210125233047","is_ascension_mode":true,"campfire_choices":[{"data":"Acrobatics","floor":8.0,"key":"SMITH"},{"data":"Neutralize","floor":15.0,"key":"SMITH"},{"data":"Blade Dance","floor":24.0,"key":"SMITH"},{"data":"Blade Dance","floor":27.0,"key":"SMITH"},{"data":"Accuracy","floor":32,"key":"SMITH"},{"floor":42,"key":"RECALL"}],"circlet_count":0,"master_deck":["Strike_G+1","Strike_G+1","Strike_G+1","Defend_G+1","Defend_G+1","Defend_G+1","Defend_G+1","Defend_G+1","Survivor+1","Neutralize+1","Backflip","Blur","Finisher+1","Acrobatics+1","Footwork+1","Noxious Fumes","Tools of the Trade","Accuracy+1","Blade Dance+1","Blade Dance+1","Accuracy+1","Glass Knife","Quick Slash","Footwork","Footwork+1","Backflip","Expertise+1","Backflip+1","Malaise","Quick Slash+1","Madness","Madness"],"relics":["HushsDoor","DeadEye","testmod-TimeTraveler","testmod-BatchProcessingSystem","War Paint","Bronze Scales","Whetstone","Boot","testmod-CardMagician","GuppysPaw","PreservedInsect","Bird Faced Urn","DollysMirror","ChampionBelt","DeadEye","WingedGreaves","Pen Nib","Ancient Tea Set","MawBank","Guardian:PocketSentry","Oddly Smooth Stone","Happy Flower","Lantern"],"acts_visited":["TheCity","TheBeyond"],"potions_floor_usage":[33,36,41],"damage_taken":[{"damage":1.0,"enemies":"Jaw Worm","floor":1.0,"turns":4.0},{"damage":1.0,"enemies":"2 Louse","floor":4.0,"turns":3.0},{"damage":0.0,"enemies":"Small Slimes","floor":5.0,"turns":3.0},{"damage":29.0,"enemies":"Lagavulin","floor":6.0,"turns":12.0},{"damage":1.0,"enemies":"Red Slaver","floor":7.0,"turns":4.0},{"damage":0.0,"enemies":"Exordium Wildlife","floor":11.0,"turns":3.0},{"damage":7.0,"enemies":"3 Sentries","floor":13.0,"turns":8.0},{"damage":1.0,"enemies":"Looter","floor":14.0,"turns":2.0},{"damage":1.0,"enemies":"Hexaghost","floor":16.0,"turns":6.0},{"damage":8.0,"enemies":"Spheric Guardian","floor":18.0,"turns":5.0},{"damage":0.0,"enemies":"3 Byrds","floor":19.0,"turns":3.0},{"damage":0.0,"enemies":"Centurion and Healer","floor":22.0,"turns":3.0},{"damage":0.0,"enemies":"Book of Stabbing","floor":23.0,"turns":4.0},{"damage":0.0,"enemies":"Sentry and Sphere","floor":25.0,"turns":3.0},{"damage":0.0,"enemies":"Gremlin Leader","floor":29.0,"turns":2.0},{"damage":0.0,"enemies":"Snecko","floor":30.0,"turns":2.0},{"damage":18,"enemies":"Collector","floor":33,"turns":3},{"damage":0,"enemies":"3 Shapes","floor":35,"turns":1},{"damage":37,"enemies":"2 Orb Walkers","floor":36,"turns":4},{"damage":0,"enemies":"Giant Head","floor":40,"turns":3},{"damage":10,"enemies":"Reptomancer","floor":41,"turns":3},{"damage":0,"enemies":"Nemesis","floor":44,"turns":3},{"damage":0,"enemies":"Reptomancer","floor":45,"turns":3},{"damage":0,"enemies":"Giant Head","floor":46,"turns":2},{"damage":0,"enemies":"Reptomancer","floor":48,"turns":4}],"seed_played":"-8167324225258771331","potions_obtained":[{"floor":4.0,"key":"CultistPotion"},{"floor":5.0,"key":"bronze:BurnAndBuffPotion"},{"floor":13.0,"key":"Fire Potion"},{"floor":16.0,"key":"FearPotion"},{"floor":18.0,"key":"Weak Potion"},{"floor":25.0,"key":"ColorlessPotion"},{"floor":29.0,"key":"DuplicationPotion"},{"floor":36,"key":"bronze:BurnAndBuffPotion"},{"floor":46,"key":"Energy Potion"}],"is_trial":false,"path_per_floor":["M","?","?","M","M","E","M","R","T","?","M","?","E","M","R","B",null,"M","M","?","?","M","E","R","M","T","R","?","E","M","$","R","B",null,"M","?","?","$","$","E","M","R","T","M","E","M","?","E"],"character_chosen":"THE_SILENT","items_purchased":["GuppysPaw","Accuracy","Diplopia","Footwork","DollysMirror","Pen Nib","Backflip"],"campfire_rested":0,"item_purchase_floors":[17,17,31,31,31,39,39],"current_hp_per_floor":[69,69,58,57,57,28,27,27,27,27,27,27,20,19,19,18,53,45,45,45,37,37,37,37,37,37,37,37,37,37,37,37,29,51,57,25,25,25,25,33,1,1,1,1,1,1,1,1,1],"gold":557,"neow_bonus":"BOSS_RELIC","is_daily":false,"chose_seed":false,"campfire_upgraded":5,"win_rate":0.0,"timestamp":1611588647,"path_taken":["M","?","?","?","M","E","M","R","T","?","M","?","E","M","R","BOSS","M","M","?","?","?","E","R","M","T","R","?","E","M","$","R","BOSS","M","?","?","$","$","E","M","R","T","?","E","M","?","E"],"items_purchased_type":["Relic","Card","Relic","Card","Relic","Relic","Card"],"build_version":"2020-12-22","purchased_purges":3,"victory":false,"max_hp_per_floor":[70,70,70,70,70,70,70,70,70,70,70,70,70,70,70,70,53,53,53,53,58,58,58,58,58,58,58,58,58,58,58,58,58,58,58,58,58,58,58,58,1,1,1,1,1,1,1,1,1],"card_choices":[{"not_picked":["Outmaneuver","Blade Dance"],"picked":"Backflip","floor":1.0},{"not_picked":["Escape Plan","Backflip"],"picked":"Blur","floor":4.0},{"not_picked":["PiercingWail","Concentrate","Sucker Punch"],"picked":"SKIP","floor":5.0},{"not_picked":["Dagger Throw","Skewer"],"picked":"Finisher","floor":6.0},{"not_picked":["Caltrops","Blade Dance"],"picked":"Acrobatics","floor":7.0},{"not_picked":["Accuracy","Dodge and Roll"],"picked":"Footwork","floor":11.0},{"not_picked":["All Out Attack","Poisoned Stab","Setup"],"picked":"SKIP","floor":13.0},{"not_picked":["Dagger Throw","Crippling Poison"],"picked":"Noxious Fumes","floor":14.0},{"not_picked":["Bullet Time","Storm of Steel"],"picked":"Tools of the Trade","floor":16.0},{"not_picked":["Poisoned Stab+1","Bane"],"picked":"Blade Dance","floor":18.0},{"not_picked":["Distraction","Accuracy"],"picked":"Blade Dance","floor":19.0},{"not_picked":["Poisoned Stab","Heel Hook"],"picked":"Accuracy+1","floor":22.0},{"not_picked":["PiercingWail","Deflect","Prepared"],"picked":"SKIP","floor":23.0},{"not_picked":["Dagger Throw","Poisoned Stab+1"],"picked":"Glass Knife","floor":25.0},{"not_picked":["Concentrate","Calculated Gamble","Crippling Poison"],"picked":"SKIP","floor":29.0},{"not_picked":["Bane+1","Poisoned Stab"],"picked":"Quick Slash","floor":30.0},{"not_picked":["Prepared+1","Underhanded Strike","Deflect"],"picked":"SKIP","floor":35},{"not_picked":["Outmaneuver","All Out Attack"],"picked":"Expertise+1","floor":40},{"not_picked":["Finisher","Endless Agony+1"],"picked":"Backflip+1","floor":41},{"not_picked":["Poisoned Stab+1","Outmaneuver","Bane"],"picked":"SKIP","floor":44},{"not_picked":["Dagger Spray","Outmaneuver"],"picked":"Malaise","floor":45},{"not_picked":["Deadly Poison","Prepared"],"picked":"Quick Slash+1","floor":46}],"player_experience":295469,"relics_obtained":[{"floor":6.0,"key":"Bronze Scales"},{"floor":9.0,"key":"Whetstone"},{"floor":13.0,"key":"Boot"},{"floor":23.0,"key":"PreservedInsect"},{"floor":29.0,"key":"Bird Faced Urn"},{"floor":36,"key":"WingedGreaves"},{"floor":40,"key":"Ancient Tea Set"},{"floor":41,"key":"MawBank"},{"floor":43,"key":"Guardian:PocketSentry"},{"floor":44,"key":"Oddly Smooth Stone"},{"floor":45,"key":"Happy Flower"},{"floor":46,"key":"Lantern"}],"event_choices":[{"damage_healed":0.0,"max_hp_gain":0.0,"max_hp_loss":0.0,"gold_gain":0.0,"event_name":"Big Fish","player_choice":"Box","floor":2.0,"gold_loss":0.0,"damage_taken":0.0,"relics_obtained":["War Paint"],"cards_obtained":["Regret"]},{"damage_healed":0.0,"max_hp_gain":0.0,"max_hp_loss":0.0,"gold_gain":75.0,"event_name":"World of Goop","player_choice":"Gather Gold","floor":3.0,"gold_loss":0.0,"damage_taken":11.0},{"damage_healed":0.0,"max_hp_gain":0.0,"max_hp_loss":0.0,"gold_gain":400.0,"event_name":"恩洛斯的盘子","player_choice":"Sell","floor":10.0,"relics_lost":["testmod-TestBox"],"gold_loss":0.0,"damage_taken":0.0},{"damage_healed":0.0,"max_hp_gain":0.0,"max_hp_loss":0.0,"gold_gain":0.0,"event_name":"Living Wall","player_choice":"Grow","floor":12.0,"gold_loss":0.0,"damage_taken":0.0,"cards_upgraded":["Footwork"]},{"damage_healed":0.0,"max_hp_gain":0.0,"max_hp_loss":0.0,"gold_gain":0.0,"event_name":"Back to Basics","player_choice":"Simplicity","floor":20.0,"gold_loss":0.0,"damage_taken":0.0,"cards_upgraded":["Strike_G","Strike_G","Strike_G","Strike_G","Defend_G","Defend_G","Defend_G","Defend_G"]},{"damage_healed":0.0,"max_hp_gain":5.0,"max_hp_loss":0.0,"gold_gain":0.0,"event_name":"Forgotten Altar","player_choice":"Shed Blood","floor":21.0,"gold_loss":0.0,"damage_taken":13.0},{"damage_healed":0.0,"max_hp_gain":0.0,"max_hp_loss":0.0,"gold_gain":0.0,"event_name":"Vampires","player_choice":"Ignored","floor":28.0,"gold_loss":0.0,"damage_taken":0.0},{"damage_healed":0,"gold_gain":0,"player_choice":"Fight","damage_taken":0,"max_hp_gain":0,"max_hp_loss":0,"event_name":"Mysterious Sphere","floor":36,"gold_loss":0},{"damage_healed":0,"gold_gain":0,"player_choice":"Ignored","damage_taken":0,"max_hp_gain":0,"max_hp_loss":0,"event_name":"Tomb of Lord Red Mask","floor":37,"gold_loss":0},{"damage_healed":0,"gold_gain":0,"player_choice":"Embrace Madness","damage_taken":0,"max_hp_gain":0,"max_hp_loss":0,"event_name":"Winding Halls","floor":47,"gold_loss":0,"cards_obtained":["Madness","Madness"]}],"is_beta":false,"boss_relics":[{"not_picked":["testmod-PortableAltar","HoveringKite"],"picked":"testmod-CardMagician"},{"not_picked":[]},{"not_picked":["Velvet Choker","Black Star"],"picked":"ChampionBelt"},{"not_picked":[]}],"items_purged_floors":[17,31,38],"is_endless":false,"potions_floor_spawned":[4,5,13,16,18,25,29,36,46],"killed_by":"Reptomancer","ascension_level":20}}