{"host":"hszimsrtxxc2k25w","time":1611533127,"event":{"mods":["AchievementEnabler","BaseMod","Colored Map","DeckTracker","Minty Spire (QoL Compilation)","Rare Cards Sparkle","SuperFastMode"],"gold_per_floor":[116,191,191,243,254,279,279,309,334,334,344,344,354,279,279,358,358,358,358,358,258,258,258,258,258],"floor_reached":24,"language":"KOR","playtime":370,"items_purged":["Strike_G","Strike_G"],"score":479,"play_id":"f3a94bd1-3aca-4199-a2aa-7ce348c419dd","local_time":"20210125090527","is_ascension_mode":true,"campfire_choices":[{"data":"Deadly Poison","floor":7.0,"key":"SMITH"},{"data":"Neutralize","floor":10.0,"key":"SMITH"},{"data":"Blade Dance","floor":12.0,"key":"SMITH"},{"data":"Choke","floor":15.0,"key":"SMITH"},{"data":"Finisher","floor":23.0,"key":"SMITH"}],"circlet_count":0,"master_deck":["AscendersBane","Strike_G","Strike_G","Defend_G","Defend_G","Defend_G+1","Defend_G","Defend_G","Survivor+1","Neutralize+1","Choke+1","Flechettes","Deadly Poison+1","Blade Dance+1","Finisher+1","Acrobatics"],"relics":["Ring of the Snake","NeowsBlessing","Happy Flower","Oddly Smooth Stone","War Paint","Tiny Chest","Ectoplasm"],"acts_visited":["Exordium","TheCity"],"potions_floor_usage":[],"damage_taken":[{"damage":0.0,"enemies":"2 Louse","floor":1.0,"turns":1.0},{"damage":0.0,"enemies":"Jaw Worm","floor":5.0,"turns":1.0},{"damage":0.0,"enemies":"Lagavulin","floor":6.0,"turns":1.0},{"damage":0.0,"enemies":"Gremlin Nob","floor":8.0,"turns":2.0},{"damage":0.0,"enemies":"Small Slimes","floor":11.0,"turns":3.0},{"damage":6.0,"enemies":"Red Slaver","floor":13.0,"turns":3.0},{"damage":12.0,"enemies":"The Guardian","floor":16.0,"turns":11.0},{"damage":14.0,"enemies":"3 Byrds","floor":18.0,"turns":6.0},{"damage":0.0,"enemies":"Spheric Guardian","floor":22.0,"turns":1.0},{"damage":26,"enemies":"Gremlin Leader","floor":24,"turns":3}],"seed_played":"1217470505525832296","potions_obtained":[{"floor":1.0,"key":"Fire Potion"},{"floor":6.0,"key":"SteroidPotion"},{"floor":8.0,"key":"FearPotion"}],"is_trial":false,"path_per_floor":["M","?","?","T","M","E","R","E","T","R","M","R","M","$","R","B",null,"M","?","?","$","M","R","E"],"character_chosen":"THE_SILENT","items_purchased":[],"campfire_rested":0,"item_purchase_floors":[],"current_hp_per_floor":[59,48,48,48,48,48,48,48,48,48,48,48,42,42,42,30,57,43,43,25,25,25,25,0,0],"gold":258,"neow_bonus":"THREE_ENEMY_KILL","is_daily":false,"chose_seed":false,"campfire_upgraded":5,"win_rate":0.0,"timestamp":1611533127,"path_taken":["M","?","?","?","M","E","R","E","T","R","M","R","M","$","R","BOSS","M","?","?","$","M","R","E"],"items_purchased_type":[],"build_version":"2020-12-22","purchased_purges":2,"victory":false,"max_hp_per_floor":[66,66,66,66,66,66,66,66,66,66,66,66,66,66,66,66,66,66,66,71,71,71,71,71,71],"card_choices":[{"not_picked":["Blur","Crippling Poison"],"picked":"Choke","floor":1.0},{"not_picked":["Skewer","Quick Slash","Infinite Blades"],"picked":"SKIP","floor":5.0},{"not_picked":["Bouncing Flask","Outmaneuver"],"picked":"Deadly Poison","floor":6.0},{"not_picked":["Underhanded Strike","Caltrops","Flying Knee"],"picked":"SKIP","floor":8.0},{"not_picked":["Backflip","Dagger Spray"],"picked":"Blade Dance","floor":11.0},{"not_picked":["Outmaneuver","Quick Slash"],"picked":"Finisher","floor":13.0},{"not_picked":["Sucker Punch","Tactician"],"picked":"Acrobatics","floor":18.0},{"not_picked":["Deflect","Flying Knee","Poisoned Stab"],"picked":"SKIP","floor":22.0}],"player_experience":642901,"relics_obtained":[{"floor":4.0,"key":"Happy Flower"},{"floor":6.0,"key":"Oddly Smooth Stone"},{"floor":8.0,"key":"War Paint"},{"floor":9.0,"key":"Tiny Chest"}],"event_choices":[{"damage_healed":0.0,"max_hp_gain":0.0,"max_hp_loss":0.0,"gold_gain":75.0,"event_name":"World of Goop","player_choice":"Gather Gold","floor":2.0,"gold_loss":0.0,"damage_taken":11.0},{"damage_healed":0.0,"max_hp_gain":0.0,"max_hp_loss":0.0,"gold_gain":0.0,"cards_transformed":["Strike_G"],"event_name":"Living Wall","player_choice":"Change","floor":3.0,"gold_loss":0.0,"damage_taken":0.0,"cards_obtained":["Flechettes"]},{"damage_healed":0.0,"max_hp_gain":0.0,"max_hp_loss":0.0,"gold_gain":0.0,"event_name":"Ghosts","player_choice":"Ignored","floor":19.0,"gold_loss":0.0,"damage_taken":0.0},{"damage_healed":0.0,"max_hp_gain":5.0,"max_hp_loss":0.0,"gold_gain":0.0,"event_name":"Forgotten Altar","player_choice":"Shed Blood","floor":20.0,"gold_loss":0.0,"damage_taken":23.0}],"is_beta":false,"boss_relics":[{"not_picked":["Calling Bell","Runic Dome"],"picked":"Ectoplasm"}],"items_purged_floors":[14,21],"is_endless":false,"potions_floor_spawned":[1,6,8,22],"killed_by":"Gremlin Leader","ascension_level":18}}