{"host":"bvp2uifzy1c463d9","time":1611549336,"event":{"mods":["BaseMod","Block Reminder","Colored Map","Colored Powertips","Hermit","Highlight Path","Infinite Spire","Minty Spire (QoL Compilation)","Relic Stats","Replay The Spire","StSLib","The Jungle"],"gold_per_floor":[115,125,125,139,149,149,179,194,220,24,24,41,216,226,226,322,322,338,357,368,488,209,240,240,260,260,260,260,260,292,292,292,307,307,402,402,417,417,435,448,448,448],"floor_reached":41,"language":"ENG","playtime":3532,"items_purged":["Strike_R","Defend_R"],"score":532,"play_id":"4d4fd26e-578a-4947-9fda-bbaeaeda2b1c","local_time":"20210124223536","is_ascension_mode":true,"campfire_choices":[{"data":"Rage","floor":6,"key":"SMITH"},{"data":"Evolve","floor":11,"key":"SMITH"},{"floor":15,"key":"REST"},{"data":"Anger","floor":24,"key":"SMITH"},{"floor":29,"key":"REST"},{"floor":31,"key":"REST"},{"data":"Pummel","floor":34,"key":"SMITH"}],"circlet_count":0,"master_deck":["Strike_R","Strike_R+1","Strike_R","Strike_R","Defend_R","Defend_R","Defend_R","Bash","Iron Wave","Thunderclap","Rage+1","Wild Strike+1","Evolve+1","Pummel+1","Shrug It Off","Clash","Doubt","Anger+1","Feed","Headbutt","Flame Barrier+1","Cleave","Pommel Strike","Wild Strike","Sword Boomerang","Shockwave","Wild Strike+1","Wild Strike+1"],"relics":["Black Blood","Boot","ReplayTheSpireMod:Spearhead","Pen Nib","Bag of Preparation","Whetstone","Ancient Tea Set","Replay:Rubber Ducky","infinitespire:ShieldingShard","Orichalcum","Black Star"],"acts_visited":["Exordium","theJungle:Jungle","TheBeyond"],"potions_floor_usage":[7,19,20,23,23,30,35],"damage_taken":[{"damage":6,"enemies":"Jaw Worm","floor":1,"turns":5},{"damage":4,"enemies":"infinitespire:Voidling","floor":2,"turns":5},{"damage":0,"enemies":"Small Slimes","floor":4,"turns":3},{"damage":15,"enemies":"Blue Slaver","floor":5,"turns":4},{"damage":27,"enemies":"3 Sentries","floor":7,"turns":8},{"damage":0,"enemies":"3 Louse","floor":8,"turns":4},{"damage":18,"enemies":"Large Slime","floor":12,"turns":4},{"damage":15,"enemies":"Exordium Thugs","floor":14,"turns":2},{"damage":57,"enemies":"The Guardian","floor":16,"turns":12},{"damage":3,"enemies":"theJungle:MUSHROOMGANG","floor":18,"turns":6},{"damage":21,"enemies":"theJungle:5_Spyders","floor":19,"turns":11},{"damage":22,"enemies":"Snake Plant","floor":20,"turns":4},{"damage":32,"enemies":"theJungle:Cassacara","floor":23,"turns":8},{"damage":25,"enemies":"theJungle:JungleHuntersEncounter","floor":25,"turns":6},{"damage":28,"enemies":"theJungle:2_Phrogs","floor":30,"turns":7},{"damage":0,"enemies":"theJungle:SlimyTreeVines","floor":33,"turns":8},{"damage":19,"enemies":"theJungle:FunGuy","floor":35,"turns":11},{"damage":53,"enemies":"3 Darklings","floor":37,"turns":7},{"damage":45,"enemies":"infinitespire:Three Voidlings","floor":38,"turns":6},{"damage":4,"enemies":"Orb Walker","floor":39,"turns":4},{"damage":24,"enemies":"Sphere and 2 Shapes","floor":40,"turns":7},{"damage":43,"enemies":"Jaw Worm Horde","floor":41,"turns":3}],"seed_played":"-3447700905283402112","potions_obtained":[{"floor":4,"key":"PowerPotion"},{"floor":5,"key":"BlessingOfTheForge"},{"floor":8,"key":"Explosive Potion"},{"floor":16,"key":"PowerPotion"},{"floor":20,"key":"SteroidPotion"},{"floor":25,"key":"Swift Potion"},{"floor":33,"key":"GamblersBrew"},{"floor":39,"key":"Energy Potion"}],"is_trial":false,"path_per_floor":["M","M","?","M","M","R","E","M","T","$","R","M","?","M","R","B",null,"M","M","M","?","$","E","R","M","T","PTL","PTL","R","E","R","AVR","M","R","B",null,"M","?","M","M","M"],"character_chosen":"IRONCLAD","items_purchased":["Bag of Preparation","Shrug It Off","Whetstone","Pommel Strike"],"campfire_rested":3,"item_purchase_floors":[10,10,22,22],"current_hp_per_floor":[88,88,88,88,79,79,58,64,64,64,64,52,52,43,69,18,88,91,85,79,65,65,48,48,35,35,35,35,65,49,79,79,100,100,93,104,63,42,53,41,0,0],"gold":448,"neow_bonus":"TEN_PERCENT_HP_BONUS","is_daily":false,"chose_seed":false,"campfire_upgraded":4,"win_rate":0.0,"timestamp":1611549336,"path_taken":["M","M","?","M","M","R","E","?","T","$","R","M","?","M","R","BOSS","M","M","M","?","$","E","R","M","T","PTL","PTL","R","E","R","AVR","M","R","BOSS","M","?","M","M","M"],"items_purchased_type":["Relic","Card","Relic","Card"],"build_version":"2020-12-22","purchased_purges":2,"victory":false,"max_hp_per_floor":[88,88,88,88,88,88,88,88,88,88,88,88,88,88,88,88,88,91,94,98,98,98,101,101,101,101,101,101,101,101,101,101,104,104,104,104,104,107,110,110,110,110],"relic_stats":{"counters":[22,135],"Black Blood":181,"Pen Nib":[22],"Bag of Preparation":[32],"Black Star":0,"Whetstone":["Strike_R","Wild Strike"],"Orichalcum":[72],"Boot":[234],"obtain_stats":[{"ReplayTheSpireMod:Spearhead":7,"infinitespire:ShieldingShard":30,"Black Blood":17,"Pen Nib":9,"Bag of Preparation":10,"Black Star":36,"Whetstone":22,"Orichalcum":32,"Boot":3,"Ancient Tea Set":23,"Burning Blood":0,"Replay:Rubber Ducky":26},{"ReplayTheSpireMod:Spearhead":5,"infinitespire:ShieldingShard":15,"Black Blood":9,"Pen Nib":6,"Bag of Preparation":6,"Black Star":17,"Whetstone":12,"Orichalcum":15,"Boot":2,"Ancient Tea Set":13,"Burning Blood":0,"Replay:Rubber Ducky":14},{"ReplayTheSpireMod:Spearhead":25,"infinitespire:ShieldingShard":89,"Black Blood":47,"Pen Nib":29,"Bag of Preparation":29,"Black Star":108,"Whetstone":68,"Orichalcum":89,"Boot":10,"Ancient Tea Set":76,"Burning Blood":0,"Replay:Rubber Ducky":82}]},"card_choices":[{"not_picked":["Seeing Red","True Grit"],"picked":"Iron Wave","floor":1},{"not_picked":["Flex","Run Through"],"picked":"Thunderclap","floor":2},{"not_picked":["Heavy Blade","Run Through"],"picked":"Rage","floor":4},{"not_picked":["Thunderclap","Armaments"],"picked":"Wild Strike","floor":5},{"not_picked":["Bloodletting","Clash"],"picked":"Evolve","floor":7},{"not_picked":["Heavy Blade","Sever Soul"],"picked":"Pummel","floor":8},{"not_picked":["ReplayTheSpireMod:Muscle Training","Armaments"],"picked":"Clash","floor":12},{"not_picked":["Cleave","Immolate"],"picked":"Anger","floor":14},{"not_picked":["Double Tap","Eclipse"],"picked":"Feed","floor":16},{"not_picked":["Anger","True Grit+1"],"picked":"Headbutt","floor":18},{"not_picked":["ReplayTheSpireMod:Stacked","Dropkick"],"picked":"Flame Barrier+1","floor":19},{"not_picked":["Anger","True Grit"],"picked":"Cleave","floor":20},{"not_picked":["Impervious","ReplayTheSpireMod:Corrosion Curse"],"picked":"Wild Strike","floor":23},{"not_picked":["Clothesline","ReplayTheSpireMod:Corrosion Curse"],"picked":"Sword Boomerang","floor":25},{"not_picked":["Bludgeon","Cleave+1","Flex"],"picked":"SKIP","floor":30},{"not_picked":["Burning Pact+1","ReplayTheSpireMod:Limb From Limb"],"picked":"Shockwave","floor":33},{"not_picked":["Warcry+1","Thunderclap","Bloodletting"],"picked":"SKIP","floor":37},{"not_picked":["Twin Strike","Exhume"],"picked":"Wild Strike+1","floor":39},{"not_picked":["Havoc+1","Body Slam+1"],"picked":"Wild Strike+1","floor":40}],"player_experience":168824,"relics_obtained":[{"floor":3,"key":"Boot"},{"floor":7,"key":"ReplayTheSpireMod:Spearhead"},{"floor":9,"key":"Pen Nib"},{"floor":23,"key":"Ancient Tea Set"},{"floor":26,"key":"Replay:Rubber Ducky"},{"floor":30,"key":"infinitespire:ShieldingShard"}],"event_choices":[{"damage_healed":0,"gold_gain":0,"player_choice":"Relic","damage_taken":0,"max_hp_gain":0,"max_hp_loss":0,"event_name":"Wheel of Change","floor":3,"gold_loss":0},{"damage_healed":0,"gold_gain":175,"player_choice":"AGREE","damage_taken":0,"max_hp_gain":0,"max_hp_loss":0,"event_name":"Liars Game","floor":13,"gold_loss":0,"cards_obtained":["Doubt"]}],"is_beta":false,"boss_relics":[{"not_picked":["Tiny House","Replay:Drink Me"],"picked":"Black Blood"},{"not_picked":["Cursed Key","Sozu"],"picked":"Black Star"}],"items_purged_floors":[22,32],"is_endless":false,"potions_floor_spawned":[4,5,8,16,20,25,33,39],"killed_by":"Jaw Worm Horde","ascension_level":1}}