{"host":"kn32u0f2pym5bozc","time":1611611259,"event":{"mods":["2.2 Compatiblity","BaseMod","Better Third Choice","Marisa????????","Minty Spire (QoL Compilation)","Permanent Neow","Relic Stats","StSLib","The Animator"],"gold_per_floor":[127,139,139,151,4,37,37,76,156,81,100,100,131,206,206,314,314,328,253,293,312,312,312,327,361,361,10,10,32,47,10,10,112,112,139,169,0,0,10,34,34,34,34],"floor_reached":42,"language":"ENG","playtime":5932,"items_purged":["Regret","animator:KotarouTennouji"],"score":452,"play_id":"46226d4d-5987-4635-9ad5-a1e3a3c83bb8","local_time":"20210125164739","is_ascension_mode":true,"campfire_choices":[{"data":"animator:DwarfShaman","floor":7.0,"key":"SMITH"},{"data":"animator:TomoeKashiwaba","floor":12.0,"key":"SMITH"},{"data":"animator:Spearman","floor":15.0,"key":"SMITH"},{"floor":23,"key":"REST"},{"floor":28,"key":"REST"},{"floor":32,"key":"REST"}],"circlet_count":0,"master_deck":["animator:Strike_GoblinSlayer","animator:Defend_GoblinSlayer","animator:Strike","animator:Strike","animator:Defend","animator:Defend","animator:Defend","animator:LizardPriest","animator:DwarfShaman+1","animator:Spearman+1","animator:YamaiSisters","animator:Priestess","animator:GuildGirl","animator:YuzuruOtonashi","animator:TomoeKashiwaba+1","animator:OrigamiTobiichi+1","animator:Kagari+1","animator:Yui","animator:Witch","animator:Noda","animator:GoblinSlayer","animator:MumenRider","animator:Lelouch","animator:SanaeKochiya","animator:Hinaichigo","animator:YoshinoHaruhiko","animator:AliceMargatroid+1","animator:KoishiKomeiji+1","CurseOfTheBell","animator:Godan","animator:RundelhausCode","animator:Souseiseki","animator:HarukoHaruhara"],"relics":["animator:LivingPicture","animator:TheMissingPiece","animator:PurgingStone","Bag of Marbles","Vajra","Art of War","Frozen Egg 2","Sozu","MutagenicStrength","Ancient Tea Set","Blue Candle","Calling Bell","Omamori","animator:BattleDrones","Bird Faced Urn","Red Mask"],"acts_visited":["Exordium","TheCity","TheBeyond"],"potions_floor_usage":[18,33,42],"damage_taken":[{"damage":0.0,"enemies":"Jaw Worm","floor":1.0,"turns":4.0},{"damage":0.0,"enemies":"Small Slimes","floor":2.0,"turns":3.0},{"damage":11.0,"enemies":"Cultist","floor":4.0,"turns":3.0},{"damage":12.0,"enemies":"Lagavulin","floor":6.0,"turns":7.0},{"damage":9.0,"enemies":"3 Sentries","floor":8.0,"turns":6.0},{"damage":0.0,"enemies":"Lots of Slimes","floor":11.0,"turns":4.0},{"damage":1.0,"enemies":"3 Louse","floor":13.0,"turns":4.0},{"damage":7.0,"enemies":"Hexaghost","floor":16.0,"turns":9.0},{"damage":23,"enemies":"2 Thieves","floor":18,"turns":4},{"damage":5,"enemies":"3 Byrds","floor":20,"turns":4},{"damage":28,"enemies":"3 Cultists","floor":21,"turns":6},{"damage":0,"enemies":"Centurion and Healer","floor":24,"turns":5},{"damage":24,"enemies":"animator:HornedBat","floor":25,"turns":8},{"damage":0,"enemies":"Snake Plant","floor":29,"turns":4},{"damage":12,"enemies":"Cultist and Chosen","floor":30,"turns":6},{"damage":16,"enemies":"Automaton","floor":33,"turns":9},{"damage":0,"enemies":"3 Shapes","floor":35,"turns":4},{"damage":1,"enemies":"3 Darklings","floor":36,"turns":6},{"damage":16,"enemies":"Sphere and 2 Shapes","floor":39,"turns":6},{"damage":24,"enemies":"Writhing Mass","floor":40,"turns":6},{"damage":41,"enemies":"Giant Head","floor":42,"turns":7}],"seed_played":"-8016383924574893842","potions_obtained":[{"floor":1.0,"key":"SneckoOil"},{"floor":2.0,"key":"EssenceOfSteel"},{"floor":6.0,"key":"animator:GrowthPotion"},{"floor":11.0,"key":"SpeedPotion"},{"floor":16.0,"key":"SteroidPotion"}],"is_trial":false,"path_per_floor":["M","M","?","M","$","E","R","E","T","$","M","R","M","?","R","B",null,"M","?","M","M","?","R","M","E","T","$","R","M","M","$","R","B",null,"M","M","?","?","M","M","?","E"],"character_chosen":"THE_ANIMATOR","items_purchased":["animator:GuildGirl","animator:OrigamiTobiichi+1","animator:MumenRider","animator:Lelouch","animator:SanaeKochiya","animator:AliceMargatroid+1"],"campfire_rested":3,"item_purchase_floors":[5,10,27,27,27,31],"current_hp_per_floor":[66,66,66,56,56,44,44,35,35,35,35,35,34,23,23,16,67,44,44,39,11,11,31,31,8,8,8,28,28,16,16,36,20,68,68,68,68,68,54,38,38,5,5],"gold":34,"neow_bonus":"THREE_CARDS","is_daily":false,"chose_seed":true,"campfire_upgraded":3,"win_rate":0.0,"timestamp":1611611259,"path_taken":["M","M","?","M","$","E","R","E","T","$","M","R","M","?","R","BOSS","M","?","M","M","?","R","M","E","T","?","R","?","M","$","R","BOSS","M","M","?","?","?","?","?","E"],"items_purchased_type":["Card","Card","Card","Card","Card","Card"],"build_version":"2020-12-22","purchased_purges":2,"victory":false,"max_hp_per_floor":[66,66,66,67,67,67,67,67,67,67,67,67,67,67,67,67,67,67,67,67,67,67,67,67,68,68,68,68,68,68,68,68,68,68,68,68,68,68,68,68,68,68,68],"relic_stats":{"Sozu":7,"counters":[21,112],"Blue Candle":[2],"Bird Faced Urn":[19],"Art of War":[9],"obtain_stats":[{"animator:TheMissingPiece":0,"Blue Candle":26,"animator:BattleDrones":34,"Vajra":6,"Omamori":34,"Frozen Egg 2":9,"Ancient Tea Set":25,"Sozu":17,"Calling Bell":34,"animator:PurgingStone":0,"MutagenicStrength":22,"Bird Faced Urn":34,"animator:LivingPicture":0,"Bag of Marbles":3,"Art of War":8,"Red Mask":37},{"animator:TheMissingPiece":0,"Blue Candle":13,"animator:BattleDrones":16,"Vajra":4,"Omamori":16,"Frozen Egg 2":5,"Ancient Tea Set":13,"Sozu":8,"Calling Bell":16,"animator:PurgingStone":0,"MutagenicStrength":11,"Bird Faced Urn":16,"animator:LivingPicture":0,"Bag of Marbles":2,"Art of War":5,"Red Mask":18},{"animator:TheMissingPiece":0,"Blue Candle":66,"animator:BattleDrones":85,"Vajra":16,"Omamori":85,"Frozen Egg 2":22,"Ancient Tea Set":66,"Sozu":39,"Calling Bell":85,"animator:PurgingStone":0,"MutagenicStrength":53,"Bird Faced Urn":85,"animator:LivingPicture":0,"Bag of Marbles":6,"Art of War":22,"Red Mask":95}]},"card_choices":[{"not_picked":["animator:Tohya","animator:Chaa"],"picked":"animator:Spearman","floor":0.0},{"not_picked":["animator:Spearman","animator:JunSakurada"],"picked":"animator:Suigintou","floor":1.0},{"not_picked":["animator:NiaHonjou","animator:MarisaKirisame"],"picked":"animator:YamaiSisters","floor":2.0},{"not_picked":["animator:YoshinoHaruhiko","animator:Hinaichigo"],"picked":"animator:Priestess","floor":4.0},{"not_picked":["animator:Yusa","animator:MasamiIwasawa"],"picked":"animator:YuzuruOtonashi","floor":6.0},{"not_picked":["animator:ReimuHakurei","animator:Minori"],"picked":"animator:TomoeKashiwaba","floor":8.0},{"not_picked":["animator:Aqua","animator:Spearman"],"picked":"animator:Kagari+1","floor":11.0},{"not_picked":["animator:Shirosaki","animator:Kazuma"],"picked":"animator:Yui","floor":13.0},{"not_picked":["animator:KotoriKanbe","animator:Saitama"],"picked":"animator:KotarouTennouji","floor":16.0},{"not_picked":["animator:Suiseiseki","animator:Natsumi"],"picked":"animator:Witch","floor":20},{"not_picked":["animator:SakuyaOhtori","animator:Isuzu+1"],"picked":"animator:Noda","floor":21},{"not_picked":["animator:Shirosaki","animator:Naotsugu+1","animator:Minori"],"picked":"SKIP","floor":24},{"not_picked":["animator:Spearman","animator:GuildGirl+1"],"picked":"animator:GoblinSlayer","floor":25},{"not_picked":["animator:YamaiSisters+1","animator:Darkness+1"],"picked":"animator:Hinaichigo","floor":29},{"not_picked":["animator:Hinaichigo","animator:Minori"],"picked":"animator:YoshinoHaruhiko","floor":30},{"not_picked":["animator:Soujiro","animator:Hans+1"],"picked":"animator:KoishiKomeiji+1","floor":33},{"not_picked":["animator:Midou","animator:Serara"],"picked":"animator:Godan","floor":35},{"not_picked":["animator:Melzalgald","animator:OrigamiTobiichi+1"],"picked":"animator:RundelhausCode","floor":39},{"not_picked":["animator:GuildGirl+1","animator:Isuzu+1"],"picked":"animator:Souseiseki","floor":40},{"not_picked":["animator:Magilou","animator:Cirno"],"picked":"animator:HarukoHaruhara","floor":41}],"player_experience":878817,"relics_obtained":[{"floor":6.0,"key":"Vajra"},{"floor":8.0,"key":"Art of War"},{"floor":9.0,"key":"Frozen Egg 2"},{"floor":25,"key":"Ancient Tea Set"},{"floor":26,"key":"Blue Candle"},{"floor":34,"key":"Omamori"},{"floor":34,"key":"animator:BattleDrones"},{"floor":34,"key":"Bird Faced Urn"}],"event_choices":[{"damage_healed":0.0,"max_hp_gain":0.0,"max_hp_loss":0.0,"gold_gain":0.0,"event_name":"Big Fish","player_choice":"Box","floor":3.0,"gold_loss":0.0,"damage_taken":0.0,"relics_obtained":["Bag of Marbles"],"cards_obtained":["Regret"]},{"damage_healed":0.0,"max_hp_gain":0.0,"max_hp_loss":0.0,"gold_gain":75.0,"event_name":"betterThird:BetterGoop","player_choice":"Gold","floor":14.0,"gold_loss":0.0,"damage_taken":11.0},{"cards_removed":["animator:Suigintou"],"damage_healed":0,"gold_gain":0,"player_choice":"Gave Gold","damage_taken":0,"max_hp_gain":0,"max_hp_loss":0,"event_name":"Beggar","floor":19,"gold_loss":75},{"damage_healed":0,"gold_gain":0,"player_choice":"Inject Mutagens","damage_taken":0,"relics_obtained":["MutagenicStrength"],"max_hp_gain":0,"max_hp_loss":0,"event_name":"Drug Dealer","floor":22,"gold_loss":0},{"damage_healed":0,"gold_gain":0,"player_choice":"Paid","damage_taken":0,"relics_obtained":["Red Mask"],"max_hp_gain":0,"max_hp_loss":0,"event_name":"Tomb of Lord Red Mask","floor":37,"gold_loss":169},{"cards_removed":["animator:Strike"],"damage_healed":0,"gold_gain":0,"player_choice":"Purged","damage_taken":0,"max_hp_gain":0,"max_hp_loss":0,"event_name":"Purifier","floor":38,"gold_loss":0},{"damage_healed":0,"gold_gain":0,"player_choice":"Memory 1","damage_taken":0,"max_hp_gain":0,"max_hp_loss":0,"event_name":"SensoryStone","floor":41,"gold_loss":0}],"is_beta":false,"boss_relics":[{"not_picked":["Pandora\u0027s Box","Black Star"],"picked":"Sozu"},{"not_picked":["animator:RacePiece","Velvet Choker"],"picked":"Calling Bell"}],"items_purged_floors":[5,27],"is_endless":false,"potions_floor_spawned":[1,2,6,11,16,18,24,29,33,40],"killed_by":"Giant Head","ascension_level":1}}