{"host":"wkuscavjg97fbbrj","time":1611575910,"event":{"mods":["BaseMod","Colored Powertips","Downfall","Minty Spire (QoL Compilation)","Permanent Neow","Quick Restart","Replay The Spire","StSLib"],"gold_per_floor":[111,126,142,73,73,73,73,93,138,238,238,248,280,294,294,389,439,452,220,233,84,100,132,132,158,231,245,345,345,360,377,377,482,482,497,497,497,529,88,114,114,114],"floor_reached":41,"language":"ENG","playtime":2163,"items_purged":["Strike_B"],"score":629,"play_id":"17c3d4da-fdcb-4d86-b64d-939dfbaf5de9","local_time":"20210125065830","is_ascension_mode":true,"campfire_choices":[{"data":"Zap","floor":6.0,"key":"SMITH"},{"data":"Dualcast","floor":11.0,"key":"SMITH"},{"data":"Reboot","floor":15.0,"key":"SMITH"},{"data":"Defragment","floor":24.0,"key":"SMITH"},{"data":"Seek","floor":29.0,"key":"SMITH"}],"circlet_count":0,"master_deck":["Strike_B","Strike_B","Strike_B","Defend_B","Defend_B","Defend_B+1","Zap+1","Dualcast+1","Go for the Eyes+1","Steam","Tempest","Glacier+1","BootSequence","Scrape","Reboot+1","Chill","Seek+1","Sweeping Beam","Loop+1","ReplayTheSpireMod:Calculation Training","Multi-Cast","Defragment+1","Steam","Gash","Loop","Loop+1","Gash","ReplayRNGCard","Go for the Eyes","Gash+1","Gash+1"],"relics":["Cracked Core","War Paint","Blood Vial","Tiny House","Orrery","Blue Doll","Bag of Preparation","ReplayTheSpireMod:TigerMarble","Replay:WaspNest","Inserter","Molten Egg 2","MawBank","Chemical X","InkBottle","Anchor"],"acts_visited":["Exordium","TheCity","TheBeyond"],"potions_floor_usage":[40],"damage_taken":[{"damage":0.0,"enemies":"Cultist","floor":1.0,"turns":4.0},{"damage":7.0,"enemies":"Jaw Worm","floor":2.0,"turns":3.0},{"damage":6.0,"enemies":"2 Louse","floor":3.0,"turns":2.0},{"damage":7.0,"enemies":"Lots of Slimes","floor":8.0,"turns":4.0},{"damage":0.0,"enemies":"Looter","floor":12.0,"turns":3.0},{"damage":7.0,"enemies":"Lagavulin","floor":13.0,"turns":9.0},{"damage":5.0,"enemies":"Gremlin Gang","floor":14.0,"turns":5.0},{"damage":40.0,"enemies":"Hexaghost","floor":16.0,"turns":17.0},{"damage":0.0,"enemies":"Spheric Guardian","floor":18.0,"turns":5.0},{"damage":4.0,"enemies":"3 Byrds","floor":20.0,"turns":4.0},{"damage":5.0,"enemies":"Snake Plant","floor":22.0,"turns":7.0},{"damage":9.0,"enemies":"Book of Stabbing","floor":23.0,"turns":6.0},{"damage":34.0,"enemies":"Slavers","floor":25.0,"turns":8.0},{"damage":0.0,"enemies":"3 Cultists","floor":27.0,"turns":5.0},{"damage":7.0,"enemies":"Chosen and Byrds","floor":30.0,"turns":4.0},{"damage":0.0,"enemies":"Centurion and Healer","floor":31.0,"turns":8.0},{"damage":36.0,"enemies":"Champ","floor":33.0,"turns":9.0},{"damage":4.0,"enemies":"Orb Walker","floor":35.0,"turns":3.0},{"damage":31.0,"enemies":"3 Darklings","floor":38.0,"turns":5.0},{"damage":32,"enemies":"Giant Head","floor":40,"turns":9},{"damage":30,"enemies":"4 Shapes","floor":41,"turns":3}],"seed_played":"-1346616604820938110","potions_obtained":[{"floor":2.0,"key":"Block Potion"},{"floor":3.0,"key":"Adrenaline Potion"},{"floor":8.0,"key":"BlessingOfTheForge"},{"floor":16.0,"key":"FearPotion"},{"floor":17.0,"key":"Fruit Juice"},{"floor":25.0,"key":"GamblersBrew"},{"floor":27.0,"key":"EssenceOfSteel"},{"floor":30.0,"key":"ColorlessPotion"},{"floor":31.0,"key":"DistilledChaos"},{"floor":38.0,"key":"Venom Potion"}],"is_trial":false,"path_per_floor":["M","M","M","$","?","R","?","M","T","?","R","M","E","M","R","B",null,"M","$","M","$","M","E","R","E","T","M","?","R","M","M","R","B",null,"M","T","?","M","$","E","M"],"character_chosen":"DEFECT","items_purchased":["Glacier","Orrery","Blue Doll","Chemical X","Gash+1","InkBottle"],"campfire_rested":0,"item_purchase_floors":[4,19,21,39,39,39],"current_hp_per_floor":[82,75,69,69,69,69,69,62,62,62,62,62,55,52,52,14,75,77,77,75,75,72,65,65,33,33,35,35,35,30,32,59,25,75,73,73,73,44,44,14,0,0],"gold":114,"neow_bonus":"TEN_PERCENT_HP_BONUS","is_daily":false,"chose_seed":false,"campfire_upgraded":5,"win_rate":0.0,"timestamp":1611575910,"path_taken":["M","M","M","?","?","R","?","?","T","?","R","?","E","M","R","BOSS","M","$","M","$","?","E","R","E","T","M","?","R","M","M","R","BOSS","M","?","?","M","$","E","M"],"items_purchased_type":["Card","Relic","Relic","Relic","Card","Relic"],"build_version":"2020-12-22","purchased_purges":1,"victory":false,"max_hp_per_floor":[82,82,82,82,82,82,82,82,82,82,82,82,82,82,82,82,92,92,92,92,92,92,92,92,92,92,92,92,92,92,92,92,92,92,92,92,92,92,92,92,92,92],"card_choices":[{"not_picked":["Rebound","Hologram"],"picked":"Go for the Eyes","floor":1.0},{"not_picked":["Undo","Static Discharge"],"picked":"Steam","floor":2.0},{"not_picked":["Consume","Undo"],"picked":"Tempest","floor":3.0},{"not_picked":["Barrage","Coolheaded"],"picked":"BootSequence","floor":8.0},{"not_picked":["Panic Button","Leap"],"picked":"Scrape","floor":12.0},{"not_picked":["Reinforced Body","Panic Button"],"picked":"Reboot","floor":13.0},{"not_picked":["Hologram","Chill","Panic Button"],"picked":"SKIP","floor":14.0},{"not_picked":["Hologram","Panic Button"],"picked":"Chill","floor":14.0},{"not_picked":["Machine Learning","Creative AI"],"picked":"Seek","floor":16.0},{"not_picked":["ReplayTheSpireMod:System Scan","Rebound"],"picked":"Sweeping Beam","floor":17.0},{"not_picked":["Tempest+1","ReplaySolidLightProjector+1"],"picked":"Loop+1","floor":18.0},{"not_picked":["Compile Driver","Static Discharge"],"picked":"ReplayTheSpireMod:Calculation Training","floor":19.0},{"not_picked":["Reinforced Body","Barrage"],"picked":"Multi-Cast","floor":19.0},{"not_picked":["Barrage","Panic Button+1"],"picked":"Defragment","floor":19.0},{"not_picked":["Sweeping Beam","Rebound"],"picked":"Steam","floor":19.0},{"not_picked":["BasicCrystalCard","Fusion"],"picked":"Gash","floor":20.0},{"not_picked":["Steam","Auto Shields","Turbo"],"picked":"SKIP","floor":22.0},{"not_picked":["Barrage+1","Leap","Chaos"],"picked":"SKIP","floor":23.0},{"not_picked":["ReplayTheSpireMod:Repulse","ReplayTheSpireMod:Reroute Power"],"picked":"Loop","floor":25.0},{"not_picked":["Coolheaded","Static Discharge+1"],"picked":"Loop","floor":27.0},{"not_picked":["Core Surge","BootSequence"],"picked":"Gash","floor":30.0},{"not_picked":["Compile Driver","Steam","Barrage"],"picked":"SKIP","floor":31.0},{"not_picked":["ReplayTheSpireMod:Omega Cannon","Echo Form"],"picked":"ReplayRNGCard","floor":33.0},{"not_picked":["Compile Driver","Force Field+1"],"picked":"Go for the Eyes","floor":35.0},{"not_picked":["Beam Cell+1","Panic Button+1"],"picked":"Gash+1","floor":38.0},{"not_picked":["Heatsinks+1","Reprogram+1","Blizzard+1"],"picked":"SKIP","floor":40}],"player_experience":168268,"relics_obtained":[{"floor":9.0,"key":"War Paint"},{"floor":13.0,"key":"Blood Vial"},{"floor":23.0,"key":"Bag of Preparation"},{"floor":25.0,"key":"ReplayTheSpireMod:TigerMarble"},{"floor":26.0,"key":"Replay:WaspNest"},{"floor":36.0,"key":"Molten Egg 2"},{"floor":40,"key":"Anchor"}],"event_choices":[{"damage_healed":0.0,"max_hp_gain":0.0,"max_hp_loss":0.0,"gold_gain":0.0,"event_name":"Liars Game","player_choice":"Ignored","floor":5.0,"gold_loss":0.0,"damage_taken":0.0},{"cards_removed":["Defend_B"],"damage_healed":0.0,"max_hp_gain":0.0,"max_hp_loss":0.0,"gold_gain":0.0,"event_name":"Purifier","player_choice":"Purged","floor":7.0,"gold_loss":0.0,"damage_taken":0.0},{"damage_healed":0.0,"max_hp_gain":0.0,"max_hp_loss":0.0,"gold_gain":100.0,"event_name":"Golden Shrine","player_choice":"Pray","floor":10.0,"gold_loss":0.0,"damage_taken":0.0},{"damage_healed":0.0,"max_hp_gain":0.0,"max_hp_loss":0.0,"gold_gain":100.0,"event_name":"Golden Shrine","player_choice":"Pray","floor":28.0,"gold_loss":0.0,"damage_taken":0.0},{"damage_healed":0.0,"max_hp_gain":0.0,"max_hp_loss":0.0,"gold_gain":0.0,"event_name":"WeMeetAgain","player_choice":"Gave Potion","floor":37.0,"gold_loss":0.0,"damage_taken":0.0,"relics_obtained":["MawBank"]}],"is_beta":false,"boss_relics":[{"not_picked":["Kintsugi","Ring of Chaos"],"picked":"Tiny House"},{"not_picked":["Coffee Dripper","Replay:Wanted Poster"],"picked":"Inserter"}],"items_purged_floors":[19],"is_endless":false,"potions_floor_spawned":[2,3,8,16,25,27,30,31,38],"killed_by":"4 Shapes","ascension_level":5}}