{"host":"c97twqu0op5dg8i4","time":1611613829,"event":{"mods":["AchievementEnabler","BaseMod","Colored Map","Minty Spire (QoL Compilation)","Permanent Neow"],"gold_per_floor":[122,131,152,174,174,174,201,223,223,240,275,275,136,136,136,240,303,330,39,59,59,59,59,59,59,83,103,130,130,30,50,50,50,50],"floor_reached":33,"language":"ENG","playtime":1276,"items_purged":["Defend_R","Dual Wield"],"score":396,"play_id":"d9cce9d5-3e6d-48a8-bee4-4e90370510aa","local_time":"20210125173029","is_ascension_mode":true,"campfire_choices":[{"data":"Bash","floor":6,"key":"SMITH"},{"data":"True Grit","floor":12,"key":"SMITH"},{"floor":15,"key":"REST"},{"floor":24,"key":"REST"},{"floor":29,"key":"REST"},{"data":"Inflame","floor":32,"key":"SMITH"}],"circlet_count":0,"master_deck":["Bash+1","Spot Weakness","Inflame+1","Whirlwind+1","Thunderclap","True Grit+1","Shrug It Off","Shockwave","Limit Break","Headbutt","Limit Break","Sever Soul","Demon Form+1","Evolve+1","Disarm","Uppercut","Inflame+1"],"relics":["Burning Blood","CeramicFish","Potion Belt","InkBottle","Frozen Egg 2","Matryoshka","Pandora\u0027s Box","Vajra","Lee\u0027s Waffle","Singing Bowl","Centennial Puzzle","Bag of Marbles"],"acts_visited":["Exordium","TheCity"],"potions_floor_usage":[11,23,23,23,31],"damage_taken":[{"damage":6,"enemies":"Jaw Worm","floor":1,"turns":5},{"damage":4,"enemies":"Cultist","floor":3,"turns":5},{"damage":7,"enemies":"2 Louse","floor":4,"turns":2},{"damage":35,"enemies":"Lagavulin","floor":7,"turns":5},{"damage":14,"enemies":"Blue Slaver","floor":8,"turns":4},{"damage":0,"enemies":"Exordium Wildlife","floor":10,"turns":1},{"damage":16,"enemies":"Gremlin Nob","floor":11,"turns":3},{"damage":30,"enemies":"The Guardian","floor":16,"turns":11},{"damage":0,"enemies":"3 Byrds","floor":18,"turns":4},{"damage":47,"enemies":"Shell Parasite","floor":20,"turns":6},{"damage":45,"enemies":"Slavers","floor":23,"turns":4},{"damage":40,"enemies":"Centurion and Healer","floor":27,"turns":4},{"damage":48,"enemies":"Gremlin Leader","floor":28,"turns":6},{"damage":54,"enemies":"Snake Plant","floor":31,"turns":6},{"damage":83,"enemies":"Collector","floor":33,"turns":5}],"seed_played":"6799236265709383161","potions_obtained":[{"floor":4,"key":"FearPotion"},{"floor":7,"key":"Strength Potion"},{"floor":8,"key":"Swift Potion"},{"floor":16,"key":"SmokeBomb"},{"floor":18,"key":"Swift Potion"},{"floor":28,"key":"Energy Potion"}],"is_trial":false,"path_per_floor":["M","?","M","M","?","R","E","M","T","M","E","R","$","T","R","B",null,"M","$","M","?","?","E","R","$","T","M","E","R","$","M","R","B"],"character_chosen":"IRONCLAD","items_purchased":["Shockwave","Vajra","Lee\u0027s Waffle"],"campfire_rested":3,"item_purchase_floors":[13,19,19],"current_hp_per_floor":[72,72,74,73,73,73,44,36,36,42,32,32,32,32,56,32,68,74,87,46,46,46,7,33,33,33,55,15,42,42,61,61,22,22],"gold":50,"neow_bonus":"RANDOM_COMMON_RELIC","is_daily":false,"chose_seed":false,"campfire_upgraded":3,"win_rate":0.0,"timestamp":1611613829,"path_taken":["M","?","M","?","?","R","E","M","T","M","E","R","$","?","R","BOSS","M","$","M","?","?","E","R","?","T","M","E","R","?","M","R","BOSS"],"items_purchased_type":["Card","Relic","Relic"],"build_version":"2020-12-22","purchased_purges":2,"victory":false,"max_hp_per_floor":[80,80,80,80,80,80,80,80,80,80,80,80,80,80,80,80,80,80,87,87,87,87,87,87,87,87,89,91,91,91,91,91,91,91],"card_choices":[{"not_picked":["Twin Strike","Flame Barrier"],"picked":"Spot Weakness","floor":1},{"not_picked":["Dropkick","Searing Blow"],"picked":"Whirlwind","floor":3},{"not_picked":["Infernal Blade","Anger"],"picked":"Thunderclap","floor":4},{"not_picked":["Anger","Sever Soul","Brutality"],"picked":"SKIP","floor":7},{"not_picked":["Wild Strike","Shockwave"],"picked":"True Grit","floor":8},{"not_picked":["Thunderclap","Rupture","Iron Wave"],"picked":"SKIP","floor":10},{"not_picked":["Thunderclap","Pommel Strike"],"picked":"Shrug It Off","floor":11},{"not_picked":["Fiend Fire","Impervious"],"picked":"Limit Break","floor":16},{"not_picked":["Infernal Blade","Heavy Blade"],"picked":"Disarm","floor":18},{"not_picked":["Twin Strike","Dropkick"],"picked":"Uppercut","floor":20},{"not_picked":["Cleave","Body Slam","Combust+1"],"picked":"Singing Bowl","floor":27},{"not_picked":["Perfected Strike","Thunderclap","Sentinel"],"picked":"Singing Bowl","floor":28},{"not_picked":["Heavy Blade","Pommel Strike"],"picked":"Inflame+1","floor":31}],"player_experience":301748,"relics_obtained":[{"floor":7,"key":"Potion Belt"},{"floor":9,"key":"InkBottle"},{"floor":11,"key":"Frozen Egg 2"},{"floor":14,"key":"Matryoshka"},{"floor":26,"key":"Singing Bowl"},{"floor":26,"key":"Centennial Puzzle"},{"floor":28,"key":"Bag of Marbles"}],"event_choices":[{"damage_healed":0,"gold_gain":0,"cards_transformed":["Strike_R"],"player_choice":"Transformed","damage_taken":0,"max_hp_gain":0,"max_hp_loss":0,"event_name":"Transmorgrifier","floor":2,"gold_loss":0,"cards_obtained":["Inflame"]},{"damage_healed":0,"gold_gain":0,"player_choice":"Upgraded","damage_taken":0,"max_hp_gain":0,"max_hp_loss":0,"event_name":"Upgrade Shrine","floor":5,"gold_loss":0,"cards_upgraded":["Whirlwind"]},{"cards_removed":["Sever Soul"],"damage_healed":0,"gold_gain":0,"player_choice":"Elegance","damage_taken":0,"max_hp_gain":0,"max_hp_loss":0,"event_name":"Back to Basics","floor":22,"gold_loss":0}],"is_beta":false,"boss_relics":[{"not_picked":["Coffee Dripper","Empty Cage"],"picked":"Pandora\u0027s Box"}],"items_purged_floors":[13,30],"is_endless":false,"potions_floor_spawned":[4,7,8,16,18,23,28],"killed_by":"Collector","ascension_level":7}}