{"host":"2n2g1vowfllvjtvi","time":1611588069,"event":{"mods":["AchievementEnabler","BaseMod","Custom Start","GifTheSpireLib","Keyboard Shortcuts","Minty Spire (QoL Compilation)","Quick Restart","Rare Cards Sparkle","StSLib","SuperFastMode"],"gold_per_floor":[117,136,136,211,223,250,250,284,307,321,321,339,357,307,307,407,407,417,442,517,529,152,152,169,169,169,186,186,186,86,103,103,208,208,223,98,116,171,171,202,252,282,335,335,347,378,390,417,429,441,453,465,38,65,65],"floor_reached":56,"language":"KOR","playtime":1676,"items_purged":["Flex","Brutality","Juggernaut"],"score":1837,"play_id":"cddc3ed6-aaba-4cce-842b-c09ae39fa8e5","local_time":"20210126002109","is_ascension_mode":true,"campfire_choices":[{"data":"Blood for Blood","floor":11.0,"key":"SMITH"},{"data":"Offering","floor":15.0,"key":"SMITH"},{"data":"Offering","floor":23.0,"key":"SMITH"},{"data":"Armaments","floor":25.0,"key":"SMITH"},{"floor":29.0,"key":"REST"},{"floor":32.0,"key":"REST"},{"floor":44.0,"key":"REST"},{"floor":47.0,"key":"REST"},{"floor":49.0,"key":"RECALL"},{"floor":52.0,"key":"REST"}],"circlet_count":0,"master_deck":["Bash","Carnage+1","Blood for Blood+1","Offering+1","Evolve","Ghostly Armor","Impervious","Offering+1","Shrug It Off+1","Double Tap","Infernal Blade","Offering+1","Armaments+1","Fire Breathing+1","Body Slam","Exhume+1","Dark Embrace+1","Entrench+1","Master of Strategy+1","Power Through+1","Sever Soul"],"relics":["Burning Blood","NeowsBlessing","Ancient Tea Set","Oddly Smooth Stone","Whetstone","Lantern","Pandora\u0027s Box","Red Mask","Regal Pillow","DollysMirror","Omamori","Sozu","Unceasing Top","War Paint","Lizard Tail","Toxic Egg 2","MawBank","Bronze Scales","Orichalcum"],"acts_visited":["Exordium","TheCity","TheBeyond","TheEnding"],"potions_floor_usage":[],"damage_taken":[{"damage":0.0,"enemies":"Cultist","floor":1.0,"turns":1.0},{"damage":0.0,"enemies":"Jaw Worm","floor":2.0,"turns":1.0},{"damage":0.0,"enemies":"Small Slimes","floor":5.0,"turns":1.0},{"damage":30.0,"enemies":"3 Sentries","floor":6.0,"turns":8.0},{"damage":22.0,"enemies":"Lagavulin","floor":8.0,"turns":6.0},{"damage":6.0,"enemies":"2 Fungi Beasts","floor":10.0,"turns":2.0},{"damage":7.0,"enemies":"Exordium Wildlife","floor":12.0,"turns":3.0},{"damage":6.0,"enemies":"Blue Slaver","floor":13.0,"turns":2.0},{"damage":6.0,"enemies":"Slime Boss","floor":16.0,"turns":5.0},{"damage":12.0,"enemies":"2 Thieves","floor":18.0,"turns":2.0},{"damage":12.0,"enemies":"Masked Bandits","floor":19.0,"turns":2.0},{"damage":8.0,"enemies":"Spheric Guardian","floor":21.0,"turns":3.0},{"damage":12.0,"enemies":"Centurion and Healer","floor":24.0,"turns":1.0},{"damage":18.0,"enemies":"Chosen and Byrds","floor":27.0,"turns":1.0},{"damage":18.0,"enemies":"Sentry and Sphere","floor":31.0,"turns":1.0},{"damage":31.0,"enemies":"Champ","floor":33.0,"turns":4.0},{"damage":12.0,"enemies":"Orb Walker","floor":35.0,"turns":2.0},{"damage":6.0,"enemies":"3 Shapes","floor":37.0,"turns":5.0},{"damage":18.0,"enemies":"2 Orb Walkers","floor":38.0,"turns":2.0},{"damage":18.0,"enemies":"Nemesis","floor":40.0,"turns":1.0},{"damage":6.0,"enemies":"Mind Bloom Boss Battle","floor":41.0,"turns":3.0},{"damage":18.0,"enemies":"Reptomancer","floor":42.0,"turns":1.0},{"damage":24.0,"enemies":"Transient","floor":45.0,"turns":5.0},{"damage":18.0,"enemies":"Giant Head","floor":46.0,"turns":2.0},{"damage":18.0,"enemies":"Sphere and 2 Shapes","floor":48.0,"turns":2.0},{"damage":44.0,"enemies":"Awakened One","floor":50.0,"turns":8.0},{"damage":20.0,"enemies":"Shield and Spear","floor":54.0,"turns":2.0},{"damage":61,"enemies":"The Heart","floor":55,"turns":6}],"seed_played":"-4073279528543311232","potions_obtained":[{"floor":1.0,"key":"SkillPotion"},{"floor":5.0,"key":"Weak Potion"},{"floor":6.0,"key":"BloodPotion"},{"floor":8.0,"key":"BlessingOfTheForge"},{"floor":12.0,"key":"Explosive Potion"},{"floor":18.0,"key":"Explosive Potion"},{"floor":19.0,"key":"DistilledChaos"},{"floor":27.0,"key":"Dexterity Potion"},{"floor":33.0,"key":"Block Potion"}],"is_trial":false,"path_per_floor":["M","M","?","?","M","E","?","E","T","M","R","M","M","?","R","B",null,"M","?","?","M","$","R","M","R","T","M","?","R","$","M","R","B",null,"M","$","M","?","?","E","?","E","T","R","M","E","R","M","R","B",null,"R","$","E","B",null],"character_chosen":"IRONCLAD","items_purchased":["Regal Pillow","DollysMirror","Master of Strategy+1","Bronze Scales","Power Through+1","Sever Soul"],"campfire_rested":5,"item_purchase_floors":[22,22,53,53,53,53],"current_hp_per_floor":[78,80,73,62,68,44,37,21,21,21,21,20,20,20,20,20,65,59,69,61,59,59,59,53,53,53,41,41,80,80,68,80,55,74,68,68,68,56,56,44,44,32,32,69,51,39,76,64,64,26,64,76,76,62,7],"gold":65,"neow_bonus":"THREE_ENEMY_KILL","is_daily":false,"chose_seed":false,"campfire_upgraded":4,"win_rate":0.0,"timestamp":1611588069,"path_taken":["M","?","?","?","M","E","?","E","T","M","R","M","M","?","R","BOSS","M","?","?","M","$","R","M","R","T","?","?","R","$","?","R","BOSS","M","$","M","?","?","E","?","E","T","R","M","E","R","M","R","BOSS","R","$","E","BOSS"],"items_purchased_type":["Relic","Relic","Card","Relic","Card","Card"],"build_version":"2020-12-22","purchased_purges":3,"victory":true,"max_hp_per_floor":[80,80,80,80,80,80,80,80,80,80,80,80,80,80,80,80,80,80,80,80,80,80,80,80,80,80,80,80,80,80,80,80,80,80,80,80,80,80,76,76,76,76,76,76,76,76,76,76,76,76,76,76,76,76,76],"card_choices":[{"not_picked":["Wild Strike","Havoc"],"picked":"Carnage","floor":1.0},{"not_picked":["Anger","Iron Wave","Pummel"],"picked":"SKIP","floor":2.0},{"not_picked":["Barricade","Intimidate"],"picked":"Blood for Blood","floor":5.0},{"not_picked":["Carnage","Flex","Disarm"],"picked":"SKIP","floor":6.0},{"not_picked":["Infernal Blade","Body Slam"],"picked":"Offering","floor":8.0},{"not_picked":["Pommel Strike","Disarm"],"picked":"Evolve","floor":10.0},{"not_picked":["Sever Soul","Headbutt"],"picked":"Ghostly Armor","floor":12.0},{"not_picked":["Anger","Shrug It Off","Shockwave"],"picked":"SKIP","floor":13.0},{"not_picked":["Exhume","Berserk"],"picked":"Impervious","floor":16.0},{"not_picked":["Cleave","Warcry+1","Body Slam"],"picked":"SKIP","floor":18.0},{"not_picked":["Shrug It Off","True Grit","Dark Embrace"],"picked":"SKIP","floor":21.0},{"not_picked":["Whirlwind+1","Rampage"],"picked":"Armaments","floor":24.0},{"not_picked":["Headbutt","Havoc","Wild Strike"],"picked":"SKIP","floor":27.0},{"not_picked":["Spot Weakness+1","Headbutt+1","Thunderclap"],"picked":"SKIP","floor":31.0},{"not_picked":["Twin Strike","Shrug It Off"],"picked":"Fire Breathing+1","floor":35.0},{"not_picked":["True Grit+1","Entrench"],"picked":"Body Slam","floor":37.0},{"not_picked":["Anger","Ghostly Armor"],"picked":"Exhume","floor":40.0},{"not_picked":["Clothesline","Thunderclap","Perfected Strike"],"picked":"SKIP","floor":42.0},{"not_picked":["Spot Weakness+1","Shrug It Off+1","Sword Boomerang"],"picked":"SKIP","floor":45.0},{"not_picked":["Clash+1","Combust+1","Dark Embrace+1"],"picked":"SKIP","floor":46.0},{"not_picked":["Clash+1","Combust+1"],"picked":"Dark Embrace+1","floor":46.0},{"not_picked":["Whirlwind+1","Body Slam"],"picked":"Entrench+1","floor":48.0},{"not_picked":["Thunderclap+1","Sword Boomerang+1","Fire Breathing"],"picked":"SKIP","floor":54.0}],"player_experience":226819,"relics_obtained":[{"floor":6.0,"key":"Oddly Smooth Stone"},{"floor":8.0,"key":"Whetstone"},{"floor":9.0,"key":"Lantern"},{"floor":19.0,"key":"Red Mask"},{"floor":26.0,"key":"Omamori"},{"floor":38.0,"key":"Unceasing Top"},{"floor":40.0,"key":"War Paint"},{"floor":41.0,"key":"Lizard Tail"},{"floor":42.0,"key":"Toxic Egg 2"},{"floor":46.0,"key":"MawBank"},{"floor":54.0,"key":"Orichalcum"}],"event_choices":[{"damage_healed":0.0,"max_hp_gain":0.0,"max_hp_loss":0.0,"gold_gain":0.0,"event_name":"Scrap Ooze","player_choice":"Success","floor":3.0,"gold_loss":0.0,"damage_taken":7.0,"relics_obtained":["Ancient Tea Set"]},{"damage_healed":0.0,"max_hp_gain":0.0,"max_hp_loss":0.0,"gold_gain":75.0,"event_name":"World of Goop","player_choice":"Gather Gold","floor":4.0,"gold_loss":0.0,"damage_taken":11.0},{"cards_removed":["Strike_R"],"damage_healed":0.0,"max_hp_gain":0.0,"max_hp_loss":0.0,"gold_gain":0.0,"event_name":"Golden Wing","player_choice":"Card Removal","floor":7.0,"gold_loss":0.0,"damage_taken":7.0},{"cards_removed":["Strike_R"],"damage_healed":0.0,"max_hp_gain":0.0,"max_hp_loss":0.0,"gold_gain":0.0,"event_name":"The Cleric","player_choice":"Card Removal","floor":14.0,"gold_loss":50.0,"damage_taken":0.0},{"damage_healed":0.0,"max_hp_gain":0.0,"max_hp_loss":0.0,"gold_gain":0.0,"event_name":"Masked Bandits","player_choice":"Fought Bandits","floor":19.0,"gold_loss":0.0,"damage_taken":0.0},{"damage_healed":0.0,"max_hp_gain":0.0,"max_hp_loss":0.0,"gold_gain":75.0,"event_name":"FaceTrader","player_choice":"Touch","floor":20.0,"gold_loss":0.0,"damage_taken":8.0},{"damage_healed":0.0,"max_hp_gain":0.0,"max_hp_loss":0.0,"gold_gain":0.0,"event_name":"N\u0027loth","player_choice":"Ignored","floor":28.0,"gold_loss":0.0,"damage_taken":0.0},{"damage_healed":0.0,"max_hp_gain":0.0,"max_hp_loss":0.0,"gold_gain":0.0,"event_name":"Mysterious Sphere","player_choice":"Fight","floor":38.0,"gold_loss":0.0,"damage_taken":0.0},{"damage_healed":0.0,"max_hp_gain":0.0,"max_hp_loss":4.0,"gold_gain":0.0,"event_name":"Winding Halls","player_choice":"Max HP","floor":39.0,"gold_loss":0.0,"damage_taken":0.0},{"damage_healed":0.0,"max_hp_gain":0.0,"max_hp_loss":0.0,"gold_gain":0.0,"event_name":"MindBloom","player_choice":"Fight","floor":41.0,"gold_loss":0.0,"damage_taken":0.0}],"is_beta":false,"boss_relics":[{"not_picked":["Fusion Hammer","Coffee Dripper"],"picked":"Pandora\u0027s Box"},{"not_picked":["Runic Pyramid","Tiny House"],"picked":"Sozu"}],"items_purged_floors":[22,30,36],"is_endless":false,"potions_floor_spawned":[1,5,6,8,12,18,19,27,33,38,46,48],"ascension_level":7}}