{"host":"srk2drlvga69hbot","time":1611579720,"event":{"mods":["BaseMod","Bestiary","Block Reminder","Colored Map","Colored Powertips","Dark Map","DeckTracker","Highlight Path","Minty Spire (QoL Compilation)","Quick Restart","Rare Cards Sparkle","Relic Stats","SuperFastMode","Unceasing Turn Reminder"],"gold_per_floor":[320,320,126,141,141,154,174,174,174,185,360,405,440,459,459,555,555,570,590,9,9,9,9],"floor_reached":22,"language":"ZHS","playtime":948,"items_purged":["Strike_B","Strike_B"],"score":195,"play_id":"a1f0d5e5-ce51-4585-9c58-0f53ce9f6026","local_time":"20210125210200","is_ascension_mode":true,"campfire_choices":[{"data":"Zap","floor":8,"key":"SMITH"},{"data":"Streamline","floor":15,"key":"SMITH"}],"circlet_count":0,"master_deck":["Defend_B","Defend_B","Defend_B","Defend_B","Zap+1","Dualcast","Gash","Skim","Self Repair","Streamline+1","Skim","Doubt","Echo Form","Sunder+1","Beam Cell","White Noise","Defragment","Skim"],"relics":["Cracked Core","Old Coin","FossilizedHelix","Mango","Omamori","Bottled Tornado","Calling Bell","Potion Belt","White Beast Statue","WingedGreaves","Calipers"],"acts_visited":["Exordium","TheCity"],"potions_floor_usage":[13,16],"damage_taken":[{"damage":0,"enemies":"Small Slimes","floor":1,"turns":3},{"damage":0,"enemies":"2 Louse","floor":4,"turns":2},{"damage":2,"enemies":"Jaw Worm","floor":6,"turns":3},{"damage":12,"enemies":"Large Slime","floor":7,"turns":7},{"damage":8,"enemies":"Red Slaver","floor":10,"turns":3},{"damage":8,"enemies":"Lagavulin","floor":13,"turns":6},{"damage":12,"enemies":"Gremlin Gang","floor":14,"turns":6},{"damage":32,"enemies":"The Guardian","floor":16,"turns":11},{"damage":27,"enemies":"Chosen","floor":18,"turns":5},{"damage":16,"enemies":"Shell Parasite","floor":19,"turns":4},{"damage":48,"enemies":"Centurion and Healer","floor":22,"turns":6}],"seed_played":"4224347280197374184","potions_obtained":[{"floor":1,"key":"SteroidPotion"},{"floor":4,"key":"Weak Potion"},{"floor":10,"key":"Weak Potion"},{"floor":16,"key":"EssenceOfDarkness"},{"floor":18,"key":"GamblersBrew"},{"floor":19,"key":"Energy Potion"}],"is_trial":false,"path_per_floor":["M","?","$","M","?","M","M","R","T","M","?","T","E","M","R","B",null,"M","M","$","?","M"],"character_chosen":"DEFECT","items_purchased":["Skim","Self Repair","Calipers","White Noise","Defragment","Skim"],"campfire_rested":0,"item_purchase_floors":[3,3,20,20,20,20],"current_hp_per_floor":[75,68,68,75,75,73,68,68,82,81,81,81,80,75,75,50,89,62,53,53,53,5,5],"gold":9,"neow_bonus":"ONE_RARE_RELIC","is_daily":false,"chose_seed":false,"campfire_upgraded":2,"win_rate":0.0,"timestamp":1611579720,"path_taken":["M","?","$","M","?","M","M","R","T","M","?","?","E","M","R","BOSS","M","M","$","?","M"],"items_purchased_type":["Card","Card","Relic","Card","Card","Card"],"build_version":"2020-12-22","purchased_purges":2,"victory":false,"max_hp_per_floor":[75,75,75,75,75,75,75,75,89,89,89,89,89,89,89,89,89,89,89,89,89,89,89],"relic_stats":{"counters":[11,56],"obtain_stats":[{"Calling Bell":17,"Potion Belt":17,"Calipers":20,"Mango":9,"WingedGreaves":17,"Omamori":12,"Bottled Tornado":13,"Cracked Core":0,"FossilizedHelix":2,"White Beast Statue":17,"Old Coin":0},{"Calling Bell":8,"Potion Belt":8,"Calipers":10,"Mango":4,"WingedGreaves":8,"Omamori":5,"Bottled Tornado":6,"Cracked Core":0,"FossilizedHelix":1,"White Beast Statue":8,"Old Coin":0},{"Calling Bell":41,"Potion Belt":41,"Calipers":50,"Mango":15,"WingedGreaves":41,"Omamori":18,"Bottled Tornado":24,"Cracked Core":0,"FossilizedHelix":3,"White Beast Statue":41,"Old Coin":0}]},"card_choices":[{"not_picked":["Capacitor","Compile Driver"],"picked":"Gash","floor":1},{"not_picked":["Turbo","Rebound"],"picked":"Streamline","floor":4},{"not_picked":["BootSequence","Ball Lightning","Stack"],"picked":"SKIP","floor":6},{"not_picked":["Coolheaded","Rebound","Stack"],"picked":"SKIP","floor":7},{"not_picked":["Gash","Reinforced Body"],"picked":"Skim","floor":10},{"not_picked":["Cold Snap","Genetic Algorithm","Rainbow"],"picked":"SKIP","floor":13},{"not_picked":["Rip and Tear","Hologram","Tempest"],"picked":"SKIP","floor":14},{"not_picked":["All For One","Biased Cognition"],"picked":"Echo Form","floor":16},{"not_picked":["Coolheaded","Genetic Algorithm"],"picked":"Sunder+1","floor":18},{"not_picked":["Hologram","Tempest+1"],"picked":"Beam Cell","floor":19}],"player_experience":252390,"relics_obtained":[{"floor":9,"key":"Mango"},{"floor":12,"key":"Omamori"},{"floor":13,"key":"Bottled Tornado"},{"floor":17,"key":"Potion Belt"},{"floor":17,"key":"White Beast Statue"},{"floor":17,"key":"WingedGreaves"}],"event_choices":[{"damage_healed":0,"gold_gain":0,"player_choice":"Success","damage_taken":7,"relics_obtained":["FossilizedHelix"],"max_hp_gain":0,"max_hp_loss":0,"event_name":"Scrap Ooze","floor":2,"gold_loss":0},{"cards_removed":["Strike_B"],"damage_healed":0,"gold_gain":0,"player_choice":"Forget","damage_taken":0,"max_hp_gain":0,"max_hp_loss":0,"event_name":"Living Wall","floor":5,"gold_loss":0},{"damage_healed":0,"gold_gain":175,"player_choice":"AGREE","damage_taken":0,"max_hp_gain":0,"max_hp_loss":0,"event_name":"Liars Game","floor":11,"gold_loss":0,"cards_obtained":["Doubt"]},{"cards_removed":["Strike_B"],"damage_healed":0,"gold_gain":0,"player_choice":"Elegance","damage_taken":0,"max_hp_gain":0,"max_hp_loss":0,"event_name":"Back to Basics","floor":21,"gold_loss":0}],"is_beta":false,"boss_relics":[{"not_picked":["Busted Crown","Sozu"],"picked":"Calling Bell"}],"items_purged_floors":[3,20],"is_endless":false,"potions_floor_spawned":[1,4,10,16,18,19],"killed_by":"Centurion and Healer","ascension_level":1}}