{"host":"ex6y92ceh6h0mo7k","time":1611567303,"event":{"mods":["BaseMod","Minty Spire (QoL Compilation)","Quick Restart","StSLib","SuperFastMode"],"gold_per_floor":[109,184,184,194,194,220,220,243,243,243,256,273,288,63,63,142,142,159,159,174,186,196,223,223,233,233,251,277,327,339,370,370,447,447,447],"floor_reached":34,"language":"ENG","playtime":2216,"items_purged":[],"score":928,"play_id":"836e77a5-e6ff-4575-a309-df30538c2047","local_time":"20210125173503","is_ascension_mode":true,"campfire_choices":[{"data":"Vigilance","floor":7.0,"key":"SMITH"},{"data":"EmptyBody","floor":10.0,"key":"SMITH"},{"data":"Wallop","floor":15.0,"key":"SMITH"},{"data":"LikeWater","floor":24.0,"key":"SMITH"},{"data":"ReachHeaven","floor":32.0,"key":"SMITH"}],"circlet_count":0,"master_deck":["AscendersBane","Eruption","Vigilance+1","CarveReality+1","ClearTheMind","EmptyBody+1","LikeWater+1","Wallop+1","Crescendo","Omniscience","CurseOfTheBell","FlyingSleeves+1","ThirdEye+1","Protect","Meditate+1","CutThroughFate","Vault","Ragnarok","ReachHeaven+1","Wish"],"relics":["PureWater","NeowsBlessing","Torii","Oddly Smooth Stone","TeardropLocket","PreservedInsect","Calling Bell","Anchor","Yang","Ice Cream","Matryoshka","Pantograph","Nunchaku","Juzu Bracelet","The Courier","Pandora\u0027s Box"],"acts_visited":["Exordium","TheCity"],"potions_floor_usage":[33],"damage_taken":[{"damage":0.0,"enemies":"Cultist","floor":1.0,"turns":1.0},{"damage":0.0,"enemies":"Small Slimes","floor":4.0,"turns":1.0},{"damage":0.0,"enemies":"Lagavulin","floor":6.0,"turns":1.0},{"damage":0.0,"enemies":"2 Louse","floor":11.0,"turns":2.0},{"damage":0.0,"enemies":"Looter","floor":12.0,"turns":3.0},{"damage":0.0,"enemies":"Blue Slaver","floor":13.0,"turns":3.0},{"damage":14.0,"enemies":"The Guardian","floor":16.0,"turns":11.0},{"damage":0.0,"enemies":"2 Thieves","floor":18.0,"turns":2.0},{"damage":11.0,"enemies":"Shell Parasite","floor":20.0,"turns":5.0},{"damage":1.0,"enemies":"Shelled Parasite and Fungi","floor":21.0,"turns":7.0},{"damage":1.0,"enemies":"Snake Plant","floor":22.0,"turns":7.0},{"damage":1.0,"enemies":"Slavers","floor":23.0,"turns":5.0},{"damage":0.0,"enemies":"Centurion and Healer","floor":25.0,"turns":6.0},{"damage":4.0,"enemies":"Chosen and Byrds","floor":27.0,"turns":6.0},{"damage":0.0,"enemies":"Gremlin Leader","floor":28.0,"turns":8.0},{"damage":12.0,"enemies":"Snecko","floor":30.0,"turns":6.0},{"damage":2.0,"enemies":"Book of Stabbing","floor":31.0,"turns":5.0},{"damage":28,"enemies":"Champ","floor":33,"turns":15}],"seed_played":"-6052593609929368982","potions_obtained":[{"floor":1.0,"key":"PowerPotion"},{"floor":12.0,"key":"BlessingOfTheForge"},{"floor":16.0,"key":"ColorlessPotion"},{"floor":18.0,"key":"EntropicBrew"},{"floor":27.0,"key":"DuplicationPotion"},{"floor":33,"key":"Explosive Potion"}],"is_trial":false,"path_per_floor":["M","?","?","M","?","E","R","T","T","R","M","M","M","$","R","B",null,"M","?","M","M","M","E","R","M","T","M","E","?","M","E","R","B",null],"character_chosen":"WATCHER","items_purchased":["PreservedInsect","Crescendo"],"campfire_rested":0,"item_purchase_floors":[14,14],"current_hp_per_floor":[61,50,50,50,43,43,43,43,43,43,43,43,43,43,43,29,58,58,58,47,46,45,44,44,44,44,40,40,40,28,26,26,23,23,23],"gold":447,"neow_bonus":"THREE_ENEMY_KILL","is_daily":false,"chose_seed":false,"campfire_upgraded":5,"win_rate":0.0,"timestamp":1611567303,"path_taken":["M","?","?","M","?","E","R","?","T","R","M","M","M","$","R","BOSS","M","?","?","M","M","E","R","M","T","M","E","?","M","E","R","BOSS"],"items_purchased_type":["Relic","Card"],"build_version":"2020-12-22","purchased_purges":0,"victory":false,"max_hp_per_floor":[68,68,68,68,68,68,68,68,68,68,68,68,68,68,68,68,68,68,68,68,68,68,68,68,68,68,68,68,68,68,68,68,68,68,68],"card_choices":[{"not_picked":["Perseverance","Collect"],"picked":"CarveReality","floor":1.0},{"not_picked":["Evaluate","Halt"],"picked":"ClearTheMind","floor":4.0},{"not_picked":["Halt","ClearTheMind"],"picked":"EmptyBody","floor":6.0},{"not_picked":["ClearTheMind","CrushJoints","WreathOfFlame"],"picked":"SKIP","floor":11.0},{"not_picked":["FearNoEvil","Conclude"],"picked":"LikeWater","floor":12.0},{"not_picked":["Consecrate","CrushJoints"],"picked":"Wallop","floor":13.0},{"not_picked":["Blasphemy","Devotion"],"picked":"Omniscience","floor":16.0},{"not_picked":["Pray","Evaluate"],"picked":"FlyingSleeves+1","floor":18.0},{"not_picked":["WreathOfFlame","Halt"],"picked":"ThirdEye+1","floor":20.0},{"not_picked":["Wish","ForeignInfluence"],"picked":"Protect","floor":21.0},{"not_picked":["Weave","EmptyFist","PathToVictory"],"picked":"SKIP","floor":22.0},{"not_picked":["Wallop","Study"],"picked":"Meditate+1","floor":23.0},{"not_picked":["BowlingBash+1","CutThroughFate","EmptyFist"],"picked":"SKIP","floor":25.0},{"not_picked":["BowlingBash+1","EmptyFist"],"picked":"CutThroughFate","floor":25.0},{"not_picked":["ThirdEye+1","ForeignInfluence"],"picked":"Vault","floor":27.0},{"not_picked":["Alpha","MentalFortress"],"picked":"Ragnarok","floor":28.0},{"not_picked":["Protect","DeceiveReality"],"picked":"ReachHeaven","floor":30.0},{"not_picked":["Vengeance","SashWhip","WheelKick"],"picked":"SKIP","floor":31.0},{"not_picked":["Brilliance","MasterReality"],"picked":"Wish","floor":33}],"player_experience":918567,"relics_obtained":[{"floor":6.0,"key":"Torii"},{"floor":8.0,"key":"Oddly Smooth Stone"},{"floor":9.0,"key":"TeardropLocket"},{"floor":17.0,"key":"Anchor"},{"floor":17.0,"key":"Yang"},{"floor":17.0,"key":"Ice Cream"},{"floor":23.0,"key":"Matryoshka"},{"floor":26.0,"key":"Pantograph"},{"floor":26.0,"key":"Nunchaku"},{"floor":28.0,"key":"Juzu Bracelet"},{"floor":31.0,"key":"The Courier"}],"event_choices":[{"damage_healed":0.0,"max_hp_gain":0.0,"max_hp_loss":0.0,"gold_gain":75.0,"event_name":"World of Goop","player_choice":"Gather Gold","floor":2.0,"gold_loss":0.0,"damage_taken":11.0},{"damage_healed":0.0,"max_hp_gain":0.0,"max_hp_loss":0.0,"gold_gain":0.0,"event_name":"Living Wall","player_choice":"Grow","floor":3.0,"gold_loss":0.0,"damage_taken":0.0,"cards_upgraded":["CarveReality"]},{"cards_removed":["Strike_P"],"damage_healed":0.0,"max_hp_gain":0.0,"max_hp_loss":0.0,"gold_gain":0.0,"event_name":"Golden Wing","player_choice":"Card Removal","floor":5.0,"gold_loss":0.0,"damage_taken":7.0},{"cards_removed":["Strike_P"],"damage_healed":0.0,"max_hp_gain":0.0,"max_hp_loss":0.0,"gold_gain":0.0,"event_name":"Bonfire Elementals","player_choice":"Offered Basic","floor":19.0,"gold_loss":0.0,"damage_taken":0.0},{"damage_healed":0.0,"max_hp_gain":0.0,"max_hp_loss":0.0,"gold_gain":50.0,"event_name":"Nest","player_choice":"Stole From Cult","floor":29.0,"gold_loss":0.0,"damage_taken":0.0}],"is_beta":false,"boss_relics":[{"not_picked":["VioletLotus","Empty Cage"],"picked":"Calling Bell"},{"not_picked":["SacredBark","Fusion Hammer"],"picked":"Pandora\u0027s Box"}],"items_purged_floors":[],"is_endless":false,"potions_floor_spawned":[1,12,16,18,20,22,27,31,33],"ascension_level":20}}