{"host":"g907ck67u7c3hrs6","time":1611536397,"event":{"mods":["BaseMod","Colored Map","DeckTracker","Highlight Path","Keyboard Shortcuts","Minty Spire (QoL Compilation)","Permanent Neow","Say the Spire","SuperFastMode"],"gold_per_floor":[114,114,64,79,79,79,94,124,149,164,179,194,224,239,239,339,339,354,369,144,159,174,204,219,219,219,234,434,464,479,479,479,479,479],"floor_reached":33,"language":"KOR","playtime":605,"items_purged":["Zap"],"score":403,"play_id":"2540ad3e-b9cf-44a9-bd72-707adf058fb4","local_time":"20210125095957","daily_mods":["Chimera","Time Dilation","Lethality"],"is_ascension_mode":false,"campfire_choices":[{"data":"Eruption","floor":6,"key":"SMITH"},{"data":"Sword Boomerang","floor":15,"key":"SMITH"},{"data":"Double Tap","floor":25,"key":"SMITH"},{"data":"Whirlwind","floor":32,"key":"SMITH"}],"circlet_count":0,"master_deck":["Bash+1","Survivor","Eruption+1","Strike_R","Strike_G+1","Strike_B","Defend_R","Defend_G","Defend_P","Whirlwind+1","Seeing Red+1","Power Through","Whirlwind+1","Ghostly Armor","Blood for Blood","Sword Boomerang+1","Double Tap+1","Power Through","Impervious","Heavy Blade+1","Barricade","Battle Trance+1","Shrug It Off+1"],"relics":["Burning Blood","Darkstone Periapt","Du-Vu Doll","Omamori","Whetstone","Sozu","Bag of Marbles","Bronze Scales","Gremlin Horn","Centennial Puzzle"],"acts_visited":["Exordium","TheCity"],"potions_floor_usage":[],"damage_taken":[{"damage":0,"enemies":"Cultist","floor":1,"turns":2},{"damage":0,"enemies":"2 Louse","floor":4,"turns":1},{"damage":5,"enemies":"Small Slimes","floor":7,"turns":2},{"damage":11,"enemies":"Gremlin Nob","floor":8,"turns":3},{"damage":10,"enemies":"Exordium Thugs","floor":10,"turns":3},{"damage":22,"enemies":"Exordium Wildlife","floor":11,"turns":4},{"damage":13,"enemies":"Looter","floor":12,"turns":2},{"damage":0,"enemies":"Lagavulin","floor":13,"turns":3},{"damage":13,"enemies":"2 Fungi Beasts","floor":14,"turns":3},{"damage":0,"enemies":"Slime Boss","floor":16,"turns":3},{"damage":11,"enemies":"2 Thieves","floor":18,"turns":2},{"damage":8,"enemies":"Chosen","floor":19,"turns":3},{"damage":9,"enemies":"3 Cultists","floor":21,"turns":4},{"damage":0,"enemies":"Snake Plant","floor":22,"turns":2},{"damage":0,"enemies":"Gremlin Leader","floor":23,"turns":1},{"damage":0,"enemies":"Sentry and Sphere","floor":24,"turns":2},{"damage":6,"enemies":"Cultist and Chosen","floor":27,"turns":2},{"damage":52,"enemies":"Book of Stabbing","floor":29,"turns":4},{"damage":20,"enemies":"Snake Plant","floor":30,"turns":1},{"damage":19,"enemies":"Champ","floor":33,"turns":6}],"seed_played":"7295166269203286773","potions_obtained":[{"floor":1,"key":"FearPotion"},{"floor":4,"key":"DistilledChaos"},{"floor":7,"key":"Strength Potion"}],"is_trial":false,"path_per_floor":["M","?","?","M","?","R","M","E","T","M","M","M","E","M","R","B",null,"M","M","$","M","M","E","M","R","T","M","?","E","M","?","R","B"],"character_chosen":"IRONCLAD","items_purchased":["Bag of Marbles"],"campfire_rested":0,"item_purchase_floors":[20],"current_hp_per_floor":[80,86,86,86,69,69,70,65,65,61,45,38,44,37,37,43,86,81,79,79,76,82,86,86,86,86,86,86,40,26,26,26,7,7],"gold":479,"neow_bonus":"","is_daily":true,"chose_seed":false,"campfire_upgraded":4,"win_rate":0.0,"timestamp":1611536397,"path_taken":["M","?","?","M","?","R","M","E","T","M","M","M","E","M","R","BOSS","M","M","$","M","M","E","M","R","T","M","?","E","?","?","R","BOSS"],"items_purchased_type":["Relic"],"build_version":"2020-12-22","purchased_purges":1,"victory":false,"max_hp_per_floor":[80,86,86,86,86,86,86,86,86,86,86,86,86,86,86,86,86,86,86,86,86,86,86,86,86,86,86,86,86,86,86,86,86,86],"card_choices":[{"not_picked":["Bloodletting","Clothesline"],"picked":"Whirlwind","floor":1},{"not_picked":["Pommel Strike","Disarm"],"picked":"Seeing Red","floor":4},{"not_picked":["Fire Breathing","Cleave"],"picked":"Power Through","floor":7},{"not_picked":["Thunderclap","Havoc"],"picked":"Whirlwind","floor":8},{"not_picked":["Body Slam","Headbutt"],"picked":"Ghostly Armor","floor":10},{"not_picked":["Clothesline","Flex"],"picked":"Blood for Blood","floor":11},{"not_picked":["Headbutt","Searing Blow"],"picked":"Sword Boomerang","floor":12},{"not_picked":["Iron Wave","Headbutt"],"picked":"Double Tap","floor":13},{"not_picked":["Rampage","Burning Pact"],"picked":"Power Through","floor":14},{"not_picked":["Berserk","Bludgeon"],"picked":"Impervious","floor":16},{"not_picked":["Burning Pact","Shrug It Off"],"picked":"Heavy Blade+1","floor":18},{"not_picked":["Body Slam+1","Pommel Strike","Uppercut"],"picked":"SKIP","floor":19},{"not_picked":["Hemokinesis","Body Slam","Headbutt"],"picked":"SKIP","floor":21},{"not_picked":["Body Slam","Dropkick+1","Warcry+1"],"picked":"SKIP","floor":22},{"not_picked":["Perfected Strike+1","Sever Soul","Anger"],"picked":"SKIP","floor":23},{"not_picked":["Thunderclap","Body Slam"],"picked":"Barricade","floor":24},{"not_picked":["Cleave+1","Havoc","Armaments"],"picked":"SKIP","floor":27},{"not_picked":["Clothesline","Reckless Charge+1"],"picked":"Battle Trance+1","floor":29},{"not_picked":["True Grit+1","Cleave"],"picked":"Shrug It Off+1","floor":30}],"player_experience":229495,"relics_obtained":[{"floor":8,"key":"Du-Vu Doll"},{"floor":9,"key":"Omamori"},{"floor":13,"key":"Whetstone"},{"floor":23,"key":"Bronze Scales"},{"floor":26,"key":"Gremlin Horn"},{"floor":29,"key":"Centennial Puzzle"}],"event_choices":[{"damage_healed":0,"gold_gain":0,"player_choice":"Box","damage_taken":0,"relics_obtained":["Darkstone Periapt"],"max_hp_gain":0,"max_hp_loss":0,"event_name":"Big Fish","floor":2,"gold_loss":0,"cards_obtained":["Regret"]},{"cards_removed":["Regret"],"damage_healed":0,"gold_gain":0,"player_choice":"Card Removal","damage_taken":0,"max_hp_gain":0,"max_hp_loss":0,"event_name":"The Cleric","floor":3,"gold_loss":50},{"damage_healed":0,"gold_gain":0,"player_choice":"Entered Light","damage_taken":17,"max_hp_gain":0,"max_hp_loss":0,"event_name":"Shining Light","floor":5,"gold_loss":0,"cards_upgraded":["Seeing Red","Bash"]},{"damage_healed":0,"gold_gain":200,"player_choice":"Gold","damage_taken":0,"max_hp_gain":0,"max_hp_loss":0,"event_name":"Wheel of Change","floor":28,"gold_loss":0},{"damage_healed":0,"gold_gain":0,"player_choice":"0 cards matched","damage_taken":0,"max_hp_gain":0,"max_hp_loss":0,"event_name":"Match and Keep!","floor":31,"gold_loss":0,"cards_obtained":[]}],"is_beta":false,"boss_relics":[{"not_picked":["Pandora\u0027s Box","Fusion Hammer"],"picked":"Sozu"}],"items_purged_floors":[20],"is_endless":false,"potions_floor_spawned":[1,4,7,8,22,24],"killed_by":"Champ","ascension_level":0}}