{"host":"Rowan","time":1611539126,"event":{"mods":["BaseMod","Minty Spire (QoL Compilation)"],"gold_per_floor":[118,137,107,54,74,105,105,124,124,138,155,155,173,20,20,115,115,127,127,143,68,68,68,102,27,80,80,0,0,0,13,13,110,110,121,121,171,185,185,185,197,213,213,213,213],"floor_reached":44,"language":"ENG","playtime":2219,"items_purged":["Sweeping Beam"],"score":428,"play_id":"d12becb4-b73c-4413-aa79-1d631e161d67","local_time":"20210124174526","is_ascension_mode":false,"campfire_choices":[{"floor":7,"key":"RECALL"},{"data":"Zap","floor":15,"key":"SMITH"},{"data":"Storm","floor":23,"key":"SMITH"},{"floor":29,"key":"REST"},{"data":"Static Discharge","floor":32,"key":"SMITH"},{"data":"Dualcast","floor":40,"key":"SMITH"}],"circlet_count":0,"master_deck":["Strike_B","Strike_B","Defend_B","Defend_B","Defend_B","Defend_B","Zap+1","Dualcast+1","Static Discharge+1","Conserve Battery","Ball Lightning","Static Discharge","Lockon","Storm+1","Ball Lightning","Electrodynamics","Leap","Capacitor","Loop","Sweeping Beam+1","Hologram+1","Amplify","White Noise+1","Loop+1","Injury","Rebound+1","Redo+1"],"relics":["Cracked Core","NeowsBlessing","Eternal Feather","Juzu Bracelet","Runic Pyramid","Enchiridion","Unceasing Top","Smiling Mask","Velvet Choker","TungstenRod","Cables"],"acts_visited":["Exordium","TheCity","TheBeyond"],"potions_floor_usage":[6,6,16,24,33,35,41,42,42],"damage_taken":[{"damage":0,"enemies":"Small Slimes","floor":1,"turns":1},{"damage":0,"enemies":"Cultist","floor":2,"turns":1},{"damage":0,"enemies":"Jaw Worm","floor":5,"turns":1},{"damage":15,"enemies":"3 Sentries","floor":6,"turns":4},{"damage":3,"enemies":"Looter","floor":8,"turns":3},{"damage":6,"enemies":"2 Fungi Beasts","floor":10,"turns":4},{"damage":9,"enemies":"3 Louse","floor":11,"turns":3},{"damage":9,"enemies":"Exordium Thugs","floor":13,"turns":3},{"damage":29,"enemies":"The Guardian","floor":16,"turns":7},{"damage":10,"enemies":"Chosen","floor":18,"turns":4},{"damage":2,"enemies":"3 Byrds","floor":20,"turns":1},{"damage":37,"enemies":"Book of Stabbing","floor":24,"turns":4},{"damage":6,"enemies":"Snecko","floor":31,"turns":4},{"damage":71,"enemies":"Collector","floor":33,"turns":7},{"damage":21,"enemies":"3 Darklings","floor":35,"turns":2},{"damage":28,"enemies":"Mind Bloom Boss Battle","floor":37,"turns":4},{"damage":8,"enemies":"3 Shapes","floor":38,"turns":4},{"damage":16,"enemies":"Writhing Mass","floor":41,"turns":4},{"damage":7,"enemies":"Maw","floor":42,"turns":4},{"damage":35,"enemies":"Reptomancer","floor":44,"turns":2}],"seed_played":"2939034283720664724","potions_obtained":[{"floor":1,"key":"PotionOfCapacity"},{"floor":3,"key":"ColorlessPotion"},{"floor":3,"key":"Fire Potion"},{"floor":10,"key":"CultistPotion"},{"floor":20,"key":"Energy Potion"},{"floor":24,"key":"FairyPotion"},{"floor":33,"key":"FocusPotion"},{"floor":38,"key":"EntropicBrew"},{"floor":41,"key":"FairyPotion"}],"is_trial":false,"path_per_floor":["M","M","?","$","M","E","R","M","T","M","M","?","M","$","R","B",null,"M","?","M","$","?","R","E","$","T","?","?","R","?","M","R","B",null,"M","?","?","M","?","R","M","M","T","E"],"character_chosen":"DEFECT","items_purchased":["Ball Lightning","Juzu Bracelet","Loop"],"campfire_rested":1,"item_purchase_floors":[4,14,21],"current_hp_per_floor":[75,75,75,75,75,60,69,66,66,60,51,75,66,66,75,46,75,65,65,63,63,47,59,22,22,22,22,22,56,56,50,62,22,75,54,54,26,18,18,33,17,10,10,0,0],"gold":213,"neow_bonus":"THREE_ENEMY_KILL","is_daily":false,"chose_seed":false,"campfire_upgraded":4,"win_rate":0.0,"timestamp":1611539126,"path_taken":["M","M","?","$","M","E","R","M","T","?","M","?","M","$","R","BOSS","M","?","M","$","?","R","E","$","T","?","?","R","?","M","R","BOSS","M","?","?","M","?","R","M","M","T","E"],"items_purchased_type":["Card","Relic","Card"],"build_version":"2020-12-18","purchased_purges":1,"victory":false,"max_hp_per_floor":[75,75,75,75,75,75,75,75,75,75,75,75,75,75,75,75,75,75,75,75,75,75,75,75,75,75,75,75,75,75,75,75,75,75,75,75,75,75,75,75,75,75,75,75,75],"card_choices":[{"not_picked":["Consume","Ball Lightning"],"picked":"Static Discharge","floor":1},{"not_picked":["Scrape","Hologram"],"picked":"Conserve Battery","floor":2},{"not_picked":["Conserve Battery","Stack"],"picked":"Static Discharge","floor":5},{"not_picked":["Stack","Glacier"],"picked":"Lockon","floor":6},{"not_picked":["Steam","Compile Driver"],"picked":"Skim","floor":8},{"not_picked":["Coolheaded","Compile Driver"],"picked":"Storm","floor":10},{"not_picked":["Consume","Compile Driver"],"picked":"Ball Lightning","floor":11},{"not_picked":["Scrape","Coolheaded"],"picked":"Sweeping Beam","floor":13},{"not_picked":["Biased Cognition","Meteor Strike"],"picked":"Electrodynamics","floor":16},{"not_picked":["Steam Power+1","Turbo"],"picked":"Leap","floor":18},{"not_picked":["Compile Driver","Sweeping Beam+1"],"picked":"Capacitor","floor":20},{"not_picked":["Hologram","Glacier"],"picked":"Sweeping Beam+1","floor":24},{"not_picked":["Beam Cell","Streamline"],"picked":"Hologram+1","floor":31},{"not_picked":["Fission","Core Surge"],"picked":"Amplify","floor":33},{"not_picked":["Compile Driver+1","Hello World+1","Steam"],"picked":"SKIP","floor":35},{"not_picked":["Barrage","Hello World"],"picked":"White Noise+1","floor":37},{"not_picked":["Ball Lightning","Stack+1"],"picked":"Loop+1","floor":38},{"not_picked":["Cold Snap+1","Genetic Algorithm"],"picked":"Rebound+1","floor":41},{"not_picked":["Steam+1","Barrage"],"picked":"Redo+1","floor":42}],"player_experience":423411,"relics_obtained":[{"floor":6,"key":"Eternal Feather"},{"floor":22,"key":"Enchiridion"},{"floor":24,"key":"Unceasing Top"},{"floor":26,"key":"Smiling Mask"},{"floor":37,"key":"TungstenRod"},{"floor":43,"key":"Cables"}],"event_choices":[{"damage_healed":0,"gold_gain":0,"player_choice":"Bought 2 Potions","damage_taken":0,"max_hp_gain":0,"max_hp_loss":0,"event_name":"The Woman in Blue","floor":3,"gold_loss":0},{"cards_removed":["Skim"],"damage_healed":24,"gold_gain":0,"player_choice":"Offered Uncommon","damage_taken":0,"max_hp_gain":0,"max_hp_loss":0,"event_name":"Bonfire Elementals","floor":12,"gold_loss":0},{"cards_removed":["Strike_B"],"damage_healed":0,"gold_gain":0,"player_choice":"Elegance","damage_taken":0,"max_hp_gain":0,"max_hp_loss":0,"event_name":"Back to Basics","floor":19,"gold_loss":0},{"damage_healed":0,"gold_gain":0,"player_choice":"Obtained Book","damage_taken":16,"max_hp_gain":0,"max_hp_loss":0,"event_name":"Cursed Tome","floor":22,"gold_loss":0},{"damage_healed":0,"gold_gain":0,"player_choice":"Smashed Altar","damage_taken":0,"max_hp_gain":0,"max_hp_loss":0,"event_name":"Forgotten Altar","floor":27,"gold_loss":0,"cards_obtained":["Decay"]},{"damage_healed":0,"gold_gain":0,"player_choice":"Paid Fearfully","damage_taken":0,"max_hp_gain":0,"max_hp_loss":0,"event_name":"Masked Bandits","floor":28,"gold_loss":80},{"cards_removed":["Strike_B"],"damage_healed":0,"gold_gain":0,"player_choice":"Removed Attack","damage_taken":0,"max_hp_gain":0,"max_hp_loss":0,"event_name":"Falling","floor":36,"gold_loss":0},{"damage_healed":0,"gold_gain":0,"player_choice":"Fight","damage_taken":0,"max_hp_gain":0,"max_hp_loss":0,"event_name":"MindBloom","floor":37,"gold_loss":0},{"damage_healed":0,"gold_gain":0,"cards_transformed":["Decay"],"player_choice":"Transformed","damage_taken":0,"max_hp_gain":0,"max_hp_loss":0,"event_name":"Transmorgrifier","floor":39,"gold_loss":0,"cards_obtained":["Injury"]}],"is_beta":true,"boss_relics":[{"not_picked":["Philosopher\u0027s Stone","Black Star"],"picked":"Runic Pyramid"},{"not_picked":["Snecko Eye","Fusion Hammer"],"picked":"Velvet Choker"}],"items_purged_floors":[25],"is_endless":false,"potions_floor_spawned":[1,5,10,20,24,33,38,41],"killed_by":"Reptomancer","ascension_level":0}}