{"host":"pesfwaef25r60kxm","time":1611566612,"event":{"mods":["Ascension Reborn","BaseMod","Challenge The Spire","Colored Powertips","KomeijiMod","Minty Spire (QoL Compilation)","Prisma Mod","Quick Restart","Replay The Spire","RumiaBox-露米娅的神秘盒子","Shop Mod","StSLib","Td1madao Mod","The Bladedancer","The Construct","The Cursed","The Hierophant","The IronCluck","The Poker Player","[IsaacMod]以撒尖塔"],"gold_per_floor":[116,143,160,174,174,202,202],"floor_reached":6,"language":"ZHS","playtime":266,"items_purged":[],"score":48,"play_id":"f2a7adf5-593f-4183-b841-450db6746cc1","local_time":"20210125172332","is_ascension_mode":true,"campfire_choices":[],"circlet_count":0,"master_deck":["blademaster:Strike","blademaster:Strike","blademaster:Strike","blademaster:Strike","blademaster:Defend","blademaster:Defend","blademaster:Defend","blademaster:Defend","blademaster:RagingBlow","blademaster:HighVoltage","BettingIsNotGood","blademaster:BrainBloom","blademaster:BloodyBlow","blademaster:DaggerAndCloak"],"relics":["blademaster:DancersAmulet","HushsDoor","DeathBook","NeowsBlessing","AddBug","SecretRecord"],"acts_visited":["Exordium"],"potions_floor_usage":[6],"damage_taken":[{"damage":0,"enemies":"Cultist","floor":1,"turns":1},{"damage":0,"enemies":"Jaw Worm","floor":2,"turns":1},{"damage":0,"enemies":"Small Slimes","floor":3,"turns":1},{"damage":5,"enemies":"3 Louse","floor":4,"turns":3},{"damage":24,"enemies":"Lagavulin","floor":6,"turns":8}],"seed_played":"-3545785815634493818","potions_obtained":[{"floor":1,"key":"Ancient Potion"},{"floor":2,"key":"EssenceOfSteel"},{"floor":5,"key":"UndeadPotion"},{"floor":5,"key":"PowerPotion"},{"floor":6,"key":"Languid Potion"}],"is_trial":false,"path_per_floor":["M","M","M","M","?","E"],"character_chosen":"THE_BLADEMASTER","items_purchased":[],"campfire_rested":0,"item_purchase_floors":[],"current_hp_per_floor":[75,75,75,70,70,51,51],"gold":202,"neow_bonus":"THREE_ENEMY_KILL","is_daily":false,"chose_seed":false,"campfire_upgraded":0,"win_rate":0.0,"timestamp":1611566612,"path_taken":["M","M","M","M","?","E"],"items_purchased_type":[],"build_version":"2020-12-22","purchased_purges":0,"victory":false,"max_hp_per_floor":[75,75,75,75,75,75,75],"card_choices":[{"not_picked":[],"picked":"BettingIsNotGood","floor":0},{"not_picked":["blademaster:DancingEdge","blademaster:Frontflip"],"picked":"blademaster:BrainBloom","floor":1},{"not_picked":["blademaster:ThunderSlash","blademaster:Sunder","blademaster:Stormstrike"],"picked":"SKIP","floor":2},{"not_picked":["blademaster:ChargingUp","blademaster:ThunderingOpener"],"picked":"blademaster:BloodyBlow","floor":3},{"not_picked":["blademaster:SlyStabs","blademaster:LeechingStrike"],"picked":"blademaster:DaggerAndCloak","floor":4}],"player_experience":140576,"relics_obtained":[{"floor":1,"key":"AddBug"},{"floor":1,"key":"blademaster:BonusComboPerk"},{"floor":6,"key":"Mercury Hourglass"},{"floor":6,"key":"blademaster:BleedingLaceratePerk"}],"event_choices":[{"damage_healed":0,"gold_gain":0,"player_choice":"Got Potions","damage_taken":0,"max_hp_gain":0,"max_hp_loss":0,"event_name":"Lab","floor":5,"gold_loss":0}],"is_beta":false,"boss_relics":[],"items_purged_floors":[],"is_endless":false,"potions_floor_spawned":[1,2,6],"killed_by":"Lagavulin","ascension_level":0}}