{"host":"4cz9gr89nglr7k8k","time":1611593130,"event":{"mods":["BaseMod","Minty Spire (QoL Compilation)","Relic Stats","Slay-I"],"gold_per_floor":[110,110,16,16,166,166,35,47,47,47,62,91,91,119,119,197,197,209,259,275,200,150,150,175,175,175,192,192,208,208,239,239,239,239],"floor_reached":33,"language":"DEU","playtime":645,"items_purged":["Doubt"],"score":583,"play_id":"784d4c42-a984-4ec1-a925-eb9a3b4c12ae","local_time":"20210125174530","is_ascension_mode":true,"campfire_choices":[{"data":"Perfected Strike","floor":6,"key":"SMITH"},{"data":"Swift Strike","floor":10,"key":"SMITH"},{"floor":13,"key":"REST"},{"data":"Inflame","floor":15,"key":"SMITH"},{"floor":23,"key":"REST"},{"floor":25,"key":"REST"},{"floor":28,"key":"REST"},{"floor":32,"key":"REST"}],"circlet_count":0,"master_deck":["AscendersBane","Defend_R","Defend_R","Defend_R","Defend_R","Bash","Perfected Strike+1","Swift Strike+1","Clash","Cleave","Cleave","Thunderclap","Inflame+1","Bludgeon+1","Anger","Clothesline+1","Heavy Blade","Rampage","Havoc+1","Bite","Bite","Bite","Bite","Bite","Heavy Blade+1"],"relics":["Burning Blood","NeowsBlessing","Shuriken","Pantograph","Odd Mushroom","Torii","Mark of Pain","The Courier","Du-Vu Doll"],"acts_visited":["Exordium","TheCity"],"potions_floor_usage":[14,16,31,31,33],"damage_taken":[{"damage":0,"enemies":"Cultist","floor":1,"turns":1},{"damage":0,"enemies":"Jaw Worm","floor":8,"turns":1},{"damage":0,"enemies":"2 Louse","floor":11,"turns":1},{"damage":13,"enemies":"The Mushroom Lair","floor":12,"turns":3},{"damage":15,"enemies":"Lagavulin","floor":14,"turns":3},{"damage":57,"enemies":"Hexaghost","floor":16,"turns":7},{"damage":28,"enemies":"2 Thieves","floor":18,"turns":3},{"damage":20,"enemies":"Shell Parasite","floor":20,"turns":3},{"damage":44,"enemies":"Slavers","floor":24,"turns":4},{"damage":32,"enemies":"Snecko","floor":27,"turns":4},{"damage":7,"enemies":"3 Cultists","floor":29,"turns":3},{"damage":23,"enemies":"Book of Stabbing","floor":31,"turns":4},{"damage":80,"enemies":"Collector","floor":33,"turns":6}],"seed_played":"2582578244114852023","potions_obtained":[{"floor":11,"key":"ColorlessPotion"},{"floor":12,"key":"FearPotion"},{"floor":18,"key":"LiquidBronze"},{"floor":27,"key":"DistilledChaos"},{"floor":31,"key":"PowerPotion"}],"is_trial":false,"path_per_floor":["M","T","$","?","?","R","$","M","T","R","M","?","R","E","R","B",null,"M","?","M","?","?","R","E","R","T","M","R","M","?","E","R","B"],"character_chosen":"IRONCLAD","items_purchased":["Swift Strike","Clash"],"campfire_rested":5,"item_purchase_floors":[3,7],"current_hp_per_floor":[74,74,74,51,51,51,51,57,57,57,63,56,75,66,66,24,62,40,40,26,26,26,48,10,32,32,8,30,31,31,22,44,0,0],"gold":239,"neow_bonus":"THREE_ENEMY_KILL","is_daily":false,"chose_seed":false,"campfire_upgraded":3,"win_rate":0.0,"timestamp":1611593130,"path_taken":["M","?","$","?","?","R","?","M","T","R","M","?","R","E","R","BOSS","M","?","M","?","?","R","E","R","T","M","R","?","?","E","R","BOSS"],"items_purchased_type":["Card","Card"],"build_version":"2020-12-22","purchased_purges":1,"victory":false,"max_hp_per_floor":[75,75,75,75,75,75,75,75,75,75,75,75,75,75,75,75,75,75,75,75,75,75,75,75,75,75,75,75,75,75,75,75,75,75],"relic_stats":{"Torii":18,"counters":[13,43],"Shuriken":[16],"Pantograph":34,"obtain_stats":[{"Blood Vial":24,"Du-Vu Doll":31,"NeowsBlessing":0,"Torii":14,"Shuriken":2,"Pantograph":9,"Mark of Pain":17,"The Courier":26,"Odd Mushroom":12,"Burning Blood":0},{"Blood Vial":9,"Du-Vu Doll":12,"NeowsBlessing":0,"Torii":5,"Shuriken":1,"Pantograph":2,"Mark of Pain":6,"The Courier":9,"Odd Mushroom":4,"Burning Blood":0},{"Blood Vial":26,"Du-Vu Doll":37,"NeowsBlessing":0,"Torii":9,"Shuriken":1,"Pantograph":2,"Mark of Pain":16,"The Courier":26,"Odd Mushroom":6,"Burning Blood":0}],"Burning Blood":72},"card_choices":[{"not_picked":["Shrug It Off","Iron Wave"],"picked":"Perfected Strike","floor":1},{"not_picked":["Warcry","Armaments"],"picked":"Cleave","floor":8},{"not_picked":["True Grit","Headbutt"],"picked":"Cleave","floor":11},{"not_picked":["Clothesline","Sever Soul"],"picked":"Thunderclap","floor":12},{"not_picked":["Power Through","Reckless Charge"],"picked":"Inflame","floor":14},{"not_picked":["Impervious","Fiend Fire"],"picked":"Bludgeon","floor":16},{"not_picked":["Clash","Havoc"],"picked":"Anger","floor":18},{"not_picked":["Wild Strike","Cleave"],"picked":"Clothesline+1","floor":20},{"not_picked":["Intimidate","True Grit"],"picked":"Heavy Blade","floor":24},{"not_picked":["Clothesline","Perfected Strike"],"picked":"Rampage","floor":27},{"not_picked":["True Grit","Corruption"],"picked":"Havoc+1","floor":29},{"not_picked":["Disarm","Metallicize"],"picked":"Heavy Blade+1","floor":31}],"player_experience":1521665,"relics_obtained":[{"floor":2,"key":"Shuriken"},{"floor":9,"key":"Pantograph"},{"floor":12,"key":"Odd Mushroom"},{"floor":14,"key":"Torii"},{"floor":24,"key":"Blood Vial"},{"floor":26,"key":"The Courier"},{"floor":31,"key":"Du-Vu Doll"}],"event_choices":[{"damage_healed":0,"gold_gain":0,"player_choice":"Entered Light","damage_taken":23,"max_hp_gain":0,"max_hp_loss":0,"event_name":"Shining Light","floor":4,"gold_loss":0,"cards_upgraded":["Strike_R","Strike_R"]},{"damage_healed":0,"gold_gain":150,"player_choice":"AGREE","damage_taken":0,"max_hp_gain":0,"max_hp_loss":0,"event_name":"Liars Game","floor":5,"gold_loss":0,"cards_obtained":["Doubt"]},{"damage_healed":0,"gold_gain":0,"player_choice":"Fought Mushrooms","damage_taken":0,"max_hp_gain":0,"max_hp_loss":0,"event_name":"Mushrooms","floor":12,"gold_loss":0},{"damage_healed":0,"gold_gain":50,"player_choice":"Stole From Cult","damage_taken":0,"max_hp_gain":0,"max_hp_loss":0,"event_name":"Nest","floor":19,"gold_loss":0},{"cards_removed":["Strike_R"],"damage_healed":0,"gold_gain":0,"player_choice":"Gave Gold","damage_taken":0,"max_hp_gain":0,"max_hp_loss":0,"event_name":"Beggar","floor":21,"gold_loss":75},{"damage_healed":0,"gold_gain":0,"player_choice":"Upgraded Two","damage_taken":0,"max_hp_gain":0,"max_hp_loss":0,"event_name":"Designer","floor":22,"gold_loss":50,"cards_upgraded":["Strike_R","Bludgeon"]},{"damage_healed":0,"gold_gain":0,"player_choice":"Became a vampire (Vial)","damage_taken":0,"max_hp_gain":0,"max_hp_loss":0,"event_name":"Vampires","floor":30,"relics_lost":["Blood Vial"],"gold_loss":0,"cards_obtained":["Bite","Bite","Bite","Bite","Bite"]}],"is_beta":false,"boss_relics":[{"not_picked":["Fusion Hammer","Snecko Eye"],"picked":"Mark of Pain"}],"items_purged_floors":[7],"is_endless":false,"potions_floor_spawned":[11,12,18,27,31],"killed_by":"Collector","ascension_level":20}}