{"host":"9qk11wtevf51xvhl","time":1611608256,"event":{"mods":["BaseMod","Minty Spire (QoL Compilation)"],"gold_per_floor":[116,116,135,135,150,163,180,209,255,255,268,297,308,321,321,321,321],"floor_reached":16,"language":"ENG","playtime":1416,"items_purged":[],"score":174,"play_id":"7c4e921a-eb43-464f-b776-54590c17df62","local_time":"20210125215736","is_ascension_mode":true,"campfire_choices":[{"data":"Shockwave","floor":10,"key":"SMITH"},{"data":"Dark Embrace","floor":15,"key":"SMITH"}],"circlet_count":0,"master_deck":["AscendersBane","Strike_R","Strike_R","Strike_R","Strike_R","Strike_R","Defend_R+1","Defend_R","Defend_R","Defend_R","Bash","Metallicize+1","Carnage+1","Shockwave+1","Warcry","Sever Soul","Feel No Pain","Dark Embrace+1","Flame Barrier"],"relics":["Burning Blood","Bottled Tornado","Dream Catcher","Meat on the Bone"],"acts_visited":["Exordium"],"potions_floor_usage":[16,16,16],"damage_taken":[{"damage":3,"enemies":"2 Louse","floor":1,"turns":3},{"damage":5,"enemies":"Cultist","floor":3,"turns":6},{"damage":0,"enemies":"Small Slimes","floor":5,"turns":3},{"damage":6,"enemies":"2 Fungi Beasts","floor":6,"turns":3},{"damage":17,"enemies":"Red Slaver","floor":7,"turns":6},{"damage":26,"enemies":"Lagavulin","floor":8,"turns":5},{"damage":6,"enemies":"Blue Slaver","floor":11,"turns":4},{"damage":16,"enemies":"Gremlin Nob","floor":12,"turns":4},{"damage":22,"enemies":"Gremlin Gang","floor":13,"turns":4},{"damage":11,"enemies":"Looter","floor":14,"turns":4},{"damage":39,"enemies":"Hexaghost","floor":16,"turns":16}],"seed_played":"-1034151877841204615","potions_obtained":[{"floor":1,"key":"SteroidPotion"},{"floor":8,"key":"ElixirPotion"},{"floor":12,"key":"SkillPotion"},{"floor":14,"key":"FearPotion"}],"is_trial":false,"path_per_floor":["M","?","M","?","M","M","M","E","T","R","M","E","M","M","R","B"],"character_chosen":"IRONCLAD","items_purchased":[],"campfire_rested":0,"item_purchase_floors":[],"current_hp_per_floor":[83,83,84,66,72,72,61,41,41,41,41,31,27,34,34,0,0],"gold":321,"neow_bonus":"TEN_PERCENT_HP_BONUS","is_daily":false,"chose_seed":false,"campfire_upgraded":2,"win_rate":0.0,"timestamp":1611608256,"path_taken":["M","?","?","?","M","M","M","E","T","R","M","E","M","M","R","BOSS"],"items_purchased_type":[],"build_version":"2020-12-22","purchased_purges":0,"victory":false,"max_hp_per_floor":[88,88,88,88,88,88,88,88,88,88,88,88,88,88,88,88,88],"card_choices":[{"not_picked":["Intimidate","Twin Strike"],"picked":"Metallicize","floor":1},{"not_picked":["Power Through","Uppercut"],"picked":"Carnage","floor":3},{"not_picked":["Flex","Reckless Charge","Rage"],"picked":"SKIP","floor":5},{"not_picked":["Pummel","Uppercut","Wild Strike"],"picked":"SKIP","floor":6},{"not_picked":["True Grit","Heavy Blade"],"picked":"Shockwave","floor":7},{"not_picked":["Dropkick","Heavy Blade"],"picked":"Warcry","floor":8},{"not_picked":["Anger","Reckless Charge"],"picked":"Sever Soul","floor":11},{"not_picked":["Demon Form","Intimidate"],"picked":"Feel No Pain","floor":12},{"not_picked":["Heavy Blade","Pommel Strike"],"picked":"Dark Embrace","floor":13},{"not_picked":["Cleave","Ghostly Armor"],"picked":"Flame Barrier","floor":14}],"player_experience":496465,"relics_obtained":[{"floor":8,"key":"Bottled Tornado"},{"floor":9,"key":"Dream Catcher"},{"floor":12,"key":"Meat on the Bone"}],"event_choices":[{"damage_healed":0,"gold_gain":0,"player_choice":"Upgraded","damage_taken":0,"max_hp_gain":0,"max_hp_loss":0,"event_name":"Upgrade Shrine","floor":2,"gold_loss":0,"cards_upgraded":["Metallicize"]},{"damage_healed":0,"gold_gain":0,"player_choice":"Entered Light","damage_taken":18,"max_hp_gain":0,"max_hp_loss":0,"event_name":"Shining Light","floor":4,"gold_loss":0,"cards_upgraded":["Carnage","Defend_R"]}],"is_beta":false,"boss_relics":[],"items_purged_floors":[],"is_endless":false,"potions_floor_spawned":[1,8,12,14],"killed_by":"Hexaghost","ascension_level":10}}