{"host":"tfkz8stxzb1up54p","time":1611542213,"event":{"mods":["AchievementEnabler","BaseMod","Better Note","Block Reminder","Colored Powertips","Curses Come First","Disable Question Mark Monsters","Displayed Cursed Tome","Emptier Cage","Gold Saver","Gremlin Skip","Halation","Highlight Path","Minty Spire (QoL Compilation)","Permanent Neow","Poor People Problems","Relic Filter Mod","Replay The Spire","StSLib"],"gold_per_floor":[479,489,500,515,21,52,52,83,83,111,111,111,127,152,152,226,226,238,288,303,40,315,342,342,369,451,479,493,524,2,21,21,95,95,108,298,317,340,352,352,378,389,444,776,788,788,621,654,654,654,654],"floor_reached":52,"language":"ENG","playtime":9156,"items_purged":["Regret"],"score":2321,"play_id":"57f39b0c-9406-4b98-a153-2d8a28fdc608","local_time":"20210125023653","daily_mods":["SealedDeck","Green Cards","Elite Swarm"],"is_ascension_mode":true,"campfire_choices":[{"data":"Machine Learning","floor":7,"key":"SMITH"},{"floor":12,"key":"REST"},{"data":"Creative AI","floor":15,"key":"SMITH"},{"data":"Echo Form","floor":24,"key":"SMITH"},{"floor":32,"key":"DIG"},{"data":"ReplaySolidLightProjector","floor":40,"key":"SMITH"},{"data":"Buffer","floor":46,"key":"SMITH"},{"floor":49,"key":"DIG"}],"circlet_count":0,"master_deck":["AscendersBane","Hologram","Cold Snap","Cold Snap","Backflip+1","Leap+1","Go for the Eyes","Go for the Eyes","Gash","Gash","Genetic Algorithm","Leap","Deflect","Deflect","Sweeping Beam","Noxious Fumes","Machine Learning+1","Creative AI+1","Ball Lightning","Backflip","Echo Form+1","Burst+1","Venomology","Flying Knee","All For One","Panache","ReplayTheSpireMod:Speed Training","Sweeping Beam","Seek+1","ReplaySolidLightProjector+1","Barrage+1","Cold Snap","Heel Hook","Buffer+1","Beam Cell","Bullet Time","ReplayTheSpireMod:GoodbyeWorld+1","ReplayRNGCard"],"relics":["Cracked Core","ReplayTheSpireMod:TigerMarble","TheAbacus","Lizard Tail","War Paint","Centennial Puzzle","Incense Burner","WingedGreaves","Honey Jar","Pear","Potion Belt","Ice Cream","ReplayTheSpireMod:Shallot","Boot","Bird Faced Urn","Strawberry","Happy Flower","Inserter","Bag of Preparation","Replay:Kaleidoscope","Oddly Smooth Stone","Old Coin","Guide Book","StrikeDummy","Torii"],"acts_visited":["Exordium","TheCity","TheBeyond"],"potions_floor_usage":[6,6,13,13,14,16,25,27,29,29,29,33,33,33,33,39,39,39,41,44,48,48,48,48,50,50,50,50,50,51,51],"damage_taken":[{"damage":0,"enemies":"2 Louse","floor":1,"turns":3},{"damage":0,"enemies":"Small Slimes","floor":2,"turns":4},{"damage":0,"enemies":"Jaw Worm","floor":3,"turns":4},{"damage":2,"enemies":"3 Louse","floor":4,"turns":4},{"damage":4,"enemies":"3 Sentries","floor":6,"turns":9},{"damage":35,"enemies":"Gremlin Nob","floor":8,"turns":6},{"damage":8,"enemies":"3 Sentries","floor":10,"turns":6},{"damage":0,"enemies":"2 Fungi Beasts","floor":13,"turns":3},{"damage":0,"enemies":"Lagavulin","floor":14,"turns":7},{"damage":12,"enemies":"Slime Boss","floor":16,"turns":12},{"damage":0,"enemies":"Shell Parasite","floor":18,"turns":5},{"damage":0,"enemies":"Spheric Guardian","floor":20,"turns":6},{"damage":13,"enemies":"Replay:Snechameleon","floor":23,"turns":10},{"damage":68,"enemies":"Slavers","floor":25,"turns":9},{"damage":2,"enemies":"Book of Stabbing","floor":27,"turns":7},{"damage":11,"enemies":"Snake Plant","floor":28,"turns":6},{"damage":16,"enemies":"Gremlin Leader","floor":29,"turns":8},{"damage":5,"enemies":"Shelled Parasite and Fungi","floor":31,"turns":7},{"damage":0,"enemies":"Automaton","floor":33,"turns":9},{"damage":0,"enemies":"3 Shapes","floor":35,"turns":14},{"damage":16,"enemies":"3 Darklings","floor":37,"turns":7},{"damage":4,"enemies":"Writhing Mass","floor":39,"turns":7},{"damage":5,"enemies":"Reptomancer","floor":41,"turns":8},{"damage":0,"enemies":"Maw","floor":42,"turns":8},{"damage":2,"enemies":"Nemesis","floor":44,"turns":7},{"damage":6,"enemies":"3 Darklings","floor":45,"turns":5},{"damage":7,"enemies":"Reptomancer","floor":48,"turns":9},{"damage":8,"enemies":"Time Eater","floor":50,"turns":11},{"damage":48,"enemies":"Donu and Deca","floor":51,"turns":11}],"seed_played":"1506405078214538947","potions_obtained":[{"floor":1,"key":"FocusPotion"},{"floor":4,"key":"Reflective Coating"},{"floor":10,"key":"DuplicationPotion"},{"floor":11,"key":"LiquidMemories"},{"floor":13,"key":"Doom Potion"},{"floor":14,"key":"FearPotion"},{"floor":20,"key":"FocusPotion"},{"floor":25,"key":"Dexterity Potion"},{"floor":27,"key":"Ancient Potion"},{"floor":28,"key":"SneckoOil"},{"floor":29,"key":"ColorlessPotion"},{"floor":37,"key":"ColorlessPotion"},{"floor":44,"key":"Weak Potion"},{"floor":48,"key":"SteroidPotion"}],"is_trial":true,"path_per_floor":["M","M","M","M","$","E","R","E","T","E","?","R","M","E","R","B",null,"M","?","M","$","?","E","R","E","T","E","M","E","$","M","R","B",null,"M","?","M","T","M","R","E","M","T","E","M","R","$","E","R","B","B",null],"character_chosen":"DEFECT","items_purchased":["Fruit Juice","ReplayTheSpireMod:TigerMarble","TheAbacus","Noxious Fumes","Pear","Strawberry","Panache","ReplayTheSpireMod:Speed Training","Guide Book"],"campfire_rested":1,"item_purchase_floors":[5,5,5,5,21,30,30,30,47],"current_hp_per_floor":[64,64,64,62,62,63,63,28,28,20,20,42,42,42,42,30,65,65,65,65,75,75,62,62,43,43,41,30,14,21,40,40,76,89,93,63,59,59,73,73,92,93,93,93,93,93,93,93,93,89,79],"gold":654,"neow_bonus":"","is_daily":false,"chose_seed":false,"campfire_upgraded":5,"win_rate":0.0,"timestamp":1611542213,"path_taken":["M","M","M","M","$","E","R","E","T","E","?","R","?","E","R","BOSS","M","?","?","$","?","E","R","E","T","E","M","E","$","?","R","BOSS","M","?","M","?","M","R","E","?","T","E","M","R","?","E","R","BOSS","BOSS"],"items_purchased_type":["Potion","Relic","Relic","Card","Relic","Relic","Card","Card","Relic"],"build_version":"2020-12-22","purchased_purges":1,"victory":true,"max_hp_per_floor":[71,71,71,71,71,76,76,76,76,76,76,76,76,76,76,76,76,76,76,76,86,86,86,86,86,86,86,86,86,93,93,93,93,93,93,93,93,93,93,93,93,93,93,93,93,93,93,93,93,93,93],"card_choices":[{"not_picked":["Outmaneuver","Ball Lightning"],"picked":"Leap","floor":1},{"not_picked":["Dodge and Roll","Setup"],"picked":"Deflect","floor":2},{"not_picked":["Underhanded Strike","ReplayTheSpireMod:GoodbyeWorld"],"picked":"Deflect","floor":3},{"not_picked":["FIFO Queue","PiercingWail"],"picked":"Sweeping Beam","floor":4},{"not_picked":["Storm of Steel","Mirror Shield"],"picked":"Machine Learning","floor":6},{"not_picked":["Hyperbeam","ReplayTheSpireMod:Omega Cannon"],"picked":"Creative AI","floor":8},{"not_picked":["Malaise","Fission","Unload"],"picked":"SKIP","floor":10},{"not_picked":["Outmaneuver","Streamline","PiercingWail"],"picked":"SKIP","floor":13},{"not_picked":["Multi-Cast","Fission","Creative AI"],"picked":"SKIP","floor":14},{"not_picked":["Masterful Stab","Acrobatics","ReplayTheSpireMod:Tripwire"],"picked":"Ball Lightning","floor":18},{"not_picked":["All Out Attack","Dagger Spray","Concentrate+1"],"picked":"Backflip","floor":20},{"not_picked":["Burst","Doppelganger","Poison Darts"],"picked":"Echo Form","floor":23},{"not_picked":["Night Terror","Biased Cognition","ReplayTheSpireMod:Omega Cannon"],"picked":"Burst","floor":25},{"not_picked":["Grand Finale","After Image","Bullet Time"],"picked":"Venomology","floor":27},{"not_picked":["Turbo+1","ReplayTheSpireMod:Reroute Power","Dagger Spray"],"picked":"Flying Knee","floor":28},{"not_picked":["Atom Bomb","Corpse Explosion","Biased Cognition"],"picked":"All For One","floor":29},{"not_picked":["Underhanded Strike","Redo","Concentrate"],"picked":"Sweeping Beam","floor":31},{"not_picked":["Die Die Die","Phantasmal Killer","Grand Finale"],"picked":"Seek","floor":33},{"not_picked":["Choke","Blade Dance","BasicCrystalCard+1"],"picked":"ReplaySolidLightProjector","floor":35},{"not_picked":["Rebound+1","Redo","Hologram"],"picked":"Barrage+1","floor":36},{"not_picked":["Prepared","Dagger Throw","Outmaneuver"],"picked":"Cold Snap","floor":37},{"not_picked":["Leap","Deadly Poison","Reprogram"],"picked":"Heel Hook","floor":39},{"not_picked":["Malaise","Fission","Poison Darts"],"picked":"Buffer","floor":41},{"not_picked":["Leap+1","Lockon","Cloak And Dagger+1"],"picked":"Beam Cell","floor":42},{"not_picked":["Tools of the Trade","All For One","Electrodynamics"],"picked":"Bullet Time","floor":44},{"not_picked":["White Noise","Flechettes","Rebound+1"],"picked":"ReplayTheSpireMod:GoodbyeWorld+1","floor":45},{"not_picked":["Envenom","Hyperbeam","Doppelganger"],"picked":"ReplayRNGCard","floor":48}],"player_experience":1367916,"relics_obtained":[{"floor":6,"key":"Lizard Tail"},{"floor":8,"key":"War Paint"},{"floor":9,"key":"Centennial Puzzle"},{"floor":10,"key":"Incense Burner"},{"floor":14,"key":"WingedGreaves"},{"floor":23,"key":"Potion Belt"},{"floor":25,"key":"Ice Cream"},{"floor":26,"key":"ReplayTheSpireMod:Shallot"},{"floor":27,"key":"Boot"},{"floor":29,"key":"Bird Faced Urn"},{"floor":32,"key":"Happy Flower"},{"floor":38,"key":"Bag of Preparation"},{"floor":41,"key":"Replay:Kaleidoscope"},{"floor":43,"key":"Oddly Smooth Stone"},{"floor":44,"key":"Old Coin"},{"floor":48,"key":"StrikeDummy"},{"floor":49,"key":"Torii"}],"event_choices":[{"damage_healed":0,"gold_gain":0,"player_choice":"Got Potions","damage_taken":0,"max_hp_gain":0,"max_hp_loss":0,"event_name":"Lab","floor":11,"gold_loss":0},{"damage_healed":0,"gold_gain":100,"player_choice":"Bet on Murderer","damage_taken":0,"max_hp_gain":0,"max_hp_loss":0,"event_name":"The Joust","floor":19,"gold_loss":50},{"damage_healed":0,"gold_gain":275,"player_choice":"Desecrate","damage_taken":0,"max_hp_gain":0,"max_hp_loss":0,"event_name":"Golden Shrine","floor":22,"gold_loss":0,"cards_obtained":["Regret"]}],"is_beta":false,"boss_relics":[{"not_picked":["Coffee Dripper","FrozenCore"],"picked":"Honey Jar"},{"not_picked":["Runic Dome","Philosopher\u0027s Stone"],"picked":"Inserter"}],"items_purged_floors":[30],"is_endless":false,"potions_floor_spawned":[1,4,10,13,14,20,25,27,28,29,37,42,44,48],"ascension_level":20}}