{"host":"49c2zf0lajbcs427","time":1611563907,"event":{"mods":["AchievementEnabler","BaseMod","Colored Map","Colored Powertips","Highlight Path","Key Reminder","Minty Spire (QoL Compilation)","Relic Stats","StSLib"],"gold_per_floor":[119,119,119,136,136,136,164,164,164,180,214,227,227,239,239,340,340,350,369,369,380,185,185,217,236,236,266,283,283,294,313,313,413,413,426,480,530,530,65,65,65],"floor_reached":40,"language":"ENG","playtime":2705,"items_purged":[],"score":567,"play_id":"cf42640c-34b8-4788-bc78-d5054d5b5a20","local_time":"20210125213827","is_ascension_mode":true,"campfire_choices":[{"data":"Go for the Eyes","floor":6,"key":"SMITH"},{"data":"Self Repair","floor":8,"key":"SMITH"},{"data":"Recycle","floor":13,"key":"SMITH"},{"data":"Fusion","floor":15,"key":"SMITH"},{"data":"Biased Cognition","floor":23,"key":"SMITH"},{"data":"Creative AI","floor":29,"key":"SMITH"},{"data":"Defragment","floor":32,"key":"SMITH"}],"circlet_count":0,"master_deck":["Zap","Dualcast","Melter","Amplify","Doom and Gloom","Ball Lightning","Recycle+1","Rebound","Go for the Eyes+1","Self Repair+1","Fusion+1","Steam","Leap","Multi-Cast","Biased Cognition+1","Coolheaded","Multi-Cast","Redo","Leap","Loop","Go for the Eyes","Creative AI+1","Auto Shields+1","Defragment+1","Amplify","Reboot","Skim+1","All For One","Redo+1","Capacitor+1"],"relics":["Pandora\u0027s Box","CaptainsWheel","Vajra","StrikeDummy","Lantern","Nuclear Battery","Orichalcum","InkBottle","Bird Faced Urn","Blood Vial","keyreminder:keyreminder","SacredBark","Pocketwatch","Incense Burner","Potion Belt","Happy Flower","Orrery"],"acts_visited":["Exordium","TheCity","TheBeyond"],"potions_floor_usage":[25,27,27,40,40],"damage_taken":[{"damage":0,"enemies":"2 Louse","floor":1,"turns":2},{"damage":0,"enemies":"Small Slimes","floor":4,"turns":2},{"damage":10,"enemies":"3 Sentries","floor":7,"turns":2},{"damage":12,"enemies":"Jaw Worm","floor":10,"turns":2},{"damage":2,"enemies":"Lagavulin","floor":11,"turns":4},{"damage":5,"enemies":"Gremlin Gang","floor":12,"turns":2},{"damage":5,"enemies":"Looter","floor":14,"turns":3},{"damage":51,"enemies":"Hexaghost","floor":16,"turns":9},{"damage":11,"enemies":"Shell Parasite","floor":18,"turns":3},{"damage":20,"enemies":"2 Thieves","floor":19,"turns":3},{"damage":0,"enemies":"Sentry and Sphere","floor":21,"turns":2},{"damage":34,"enemies":"Gremlin Leader","floor":24,"turns":6},{"damage":4,"enemies":"Shelled Parasite and Fungi","floor":25,"turns":3},{"damage":8,"enemies":"Book of Stabbing","floor":27,"turns":4},{"damage":22,"enemies":"Snecko","floor":28,"turns":6},{"damage":3,"enemies":"Snake Plant","floor":30,"turns":3},{"damage":19,"enemies":"Shelled Parasite and Fungi","floor":31,"turns":4},{"damage":68,"enemies":"Collector","floor":33,"turns":8},{"damage":0,"enemies":"3 Shapes","floor":35,"turns":1},{"damage":27,"enemies":"2 Orb Walkers","floor":36,"turns":4},{"damage":28,"enemies":"Mind Bloom Boss Battle","floor":37,"turns":9},{"damage":88,"enemies":"Reptomancer","floor":40,"turns":5}],"seed_played":"-8822797974174479174","potions_obtained":[{"floor":4,"key":"SpeedPotion"},{"floor":7,"key":"FearPotion"},{"floor":10,"key":"Energy Potion"},{"floor":14,"key":"Block Potion"},{"floor":19,"key":"PotionOfCapacity"},{"floor":25,"key":"SkillPotion"},{"floor":27,"key":"FocusPotion"},{"floor":37,"key":"EssenceOfSteel"}],"is_trial":false,"path_per_floor":["M","?","?","M","?","R","E","R","T","M","E","M","R","M","R","B",null,"M","M","?","M","$","R","E","M","T","E","M","R","M","M","R","B",null,"M","?","?","?","$","E"],"character_chosen":"DEFECT","items_purchased":["Orichalcum","Leap","Potion Belt","Happy Flower","Orrery"],"campfire_rested":0,"item_purchase_floors":[22,22,39,39,39],"current_hp_per_floor":[68,73,55,55,55,55,45,45,45,43,51,56,56,71,71,30,68,77,67,67,67,67,67,43,39,39,51,55,55,60,49,49,27,67,71,76,80,80,80,0,0],"gold":65,"neow_bonus":"BOSS_RELIC","is_daily":false,"chose_seed":false,"campfire_upgraded":7,"win_rate":0.0,"timestamp":1611563907,"path_taken":["M","?","?","M","?","R","E","R","T","M","E","?","R","M","R","BOSS","M","M","?","M","$","R","E","M","T","E","?","R","?","M","R","BOSS","M","?","?","?","$","E"],"items_purchased_type":["Relic","Card","Relic","Relic","Relic"],"build_version":"2020-12-22","purchased_purges":0,"victory":false,"max_hp_per_floor":[75,80,80,80,80,80,80,80,80,80,80,80,80,80,80,80,80,80,80,80,80,80,80,80,80,80,80,80,80,80,80,80,80,80,80,80,80,80,80,80,80],"relic_stats":{"Blood Vial":14,"Happy Flower":[1],"counters":[22,86],"Bird Faced Urn":[106],"Pandora\u0027s Box":["Melter","Scrape","Electrodynamics","Amplify","Doom and Gloom","Ball Lightning","Recycle","Rebound"],"Orichalcum":[108],"obtain_stats":[{"Potion Belt":39,"Lantern":11,"Happy Flower":39,"SacredBark":34,"Vajra":7,"Incense Burner":37,"Orichalcum":22,"Nuclear Battery":17,"Blood Vial":27,"keyreminder:keyreminder":27,"CaptainsWheel":3,"Bird Faced Urn":26,"Orrery":39,"Pandora\u0027s Box":0,"Cracked Core":0,"StrikeDummy":9,"InkBottle":24,"Pocketwatch":36},{"Potion Belt":21,"Lantern":5,"Happy Flower":21,"SacredBark":18,"Vajra":3,"Incense Burner":21,"Orichalcum":11,"Nuclear Battery":8,"Blood Vial":14,"keyreminder:keyreminder":14,"CaptainsWheel":1,"Bird Faced Urn":13,"Orrery":21,"Pandora\u0027s Box":0,"Cracked Core":0,"StrikeDummy":3,"InkBottle":12,"Pocketwatch":20},{"Potion Belt":81,"Lantern":12,"Happy Flower":81,"SacredBark":67,"Vajra":6,"Incense Burner":81,"Orichalcum":34,"Nuclear Battery":26,"Blood Vial":47,"keyreminder:keyreminder":47,"CaptainsWheel":2,"Bird Faced Urn":43,"Orrery":81,"Pandora\u0027s Box":0,"Cracked Core":0,"StrikeDummy":6,"InkBottle":40,"Pocketwatch":72}],"InkBottle":[18],"Pocketwatch":[6]},"card_choices":[{"not_picked":["Stack","Barrage"],"picked":"Go for the Eyes","floor":1},{"not_picked":["Barrage","Steam Power","Sweeping Beam"],"picked":"SKIP","floor":4},{"not_picked":["Heatsinks","Redo"],"picked":"Self Repair","floor":7},{"not_picked":["Rebound","Go for the Eyes"],"picked":"Fusion","floor":10},{"not_picked":["Turbo","Go for the Eyes"],"picked":"Steam","floor":11},{"not_picked":["Sweeping Beam","Sunder"],"picked":"Leap","floor":12},{"not_picked":["Lockon","Steam Power"],"picked":"Multi-Cast","floor":14},{"not_picked":["Machine Learning","Multi-Cast"],"picked":"Biased Cognition","floor":16},{"not_picked":["Sweeping Beam","Conserve Battery"],"picked":"Coolheaded","floor":18},{"not_picked":["Ball Lightning+1","Sweeping Beam+1"],"picked":"Multi-Cast","floor":19},{"not_picked":["Tempest","Barrage"],"picked":"Redo","floor":21},{"not_picked":["Conserve Battery+1","Gash"],"picked":"Loop","floor":24},{"not_picked":["Melter","Go for the Eyes","Storm"],"picked":"SKIP","floor":25},{"not_picked":["Melter","Storm"],"picked":"Go for the Eyes","floor":25},{"not_picked":["Gash","Auto Shields+1"],"picked":"Creative AI","floor":27},{"not_picked":["Go for the Eyes+1","FTL"],"picked":"Auto Shields+1","floor":28},{"not_picked":["Recycle","Rebound","Gash"],"picked":"SKIP","floor":30},{"not_picked":["Consume","Heatsinks"],"picked":"Defragment","floor":31},{"not_picked":["Creative AI","Reboot"],"picked":"Amplify","floor":33},{"not_picked":["Rebound","Steam+1","Melter"],"picked":"SKIP","floor":35},{"not_picked":["Undo","Ball Lightning+1"],"picked":"Reboot","floor":39},{"not_picked":["Reboot","Sweeping Beam+1"],"picked":"Skim+1","floor":39},{"not_picked":["Streamline","Recycle"],"picked":"All For One","floor":39},{"not_picked":["Streamline","Chill+1"],"picked":"Redo+1","floor":39},{"not_picked":["Chaos","Redo"],"picked":"Capacitor+1","floor":39}],"player_experience":2362350,"relics_obtained":[{"floor":7,"key":"Vajra"},{"floor":9,"key":"StrikeDummy"},{"floor":11,"key":"Lantern"},{"floor":24,"key":"InkBottle"},{"floor":26,"key":"Bird Faced Urn"},{"floor":27,"key":"Blood Vial"},{"floor":36,"key":"Pocketwatch"},{"floor":37,"key":"Incense Burner"}],"event_choices":[{"damage_healed":0,"gold_gain":0,"player_choice":"Donut","damage_taken":0,"max_hp_gain":5,"max_hp_loss":0,"event_name":"Big Fish","floor":2,"gold_loss":0},{"damage_healed":0,"gold_gain":0,"player_choice":"Success","damage_taken":18,"relics_obtained":["CaptainsWheel"],"max_hp_gain":0,"max_hp_loss":0,"event_name":"Scrap Ooze","floor":3,"gold_loss":0},{"damage_healed":0,"gold_gain":0,"player_choice":"Forge","damage_taken":0,"max_hp_gain":0,"max_hp_loss":0,"event_name":"Accursed Blacksmith","floor":5,"gold_loss":0,"cards_upgraded":["Electrodynamics"]},{"cards_removed":["Scrape"],"damage_healed":0,"gold_gain":0,"player_choice":"Purged","damage_taken":0,"max_hp_gain":0,"max_hp_loss":0,"event_name":"Purifier","floor":20,"gold_loss":0},{"damage_healed":0,"gold_gain":0,"player_choice":"Fight","damage_taken":0,"max_hp_gain":0,"max_hp_loss":0,"event_name":"Mysterious Sphere","floor":36,"gold_loss":0},{"damage_healed":0,"gold_gain":0,"player_choice":"Fight","damage_taken":0,"max_hp_gain":0,"max_hp_loss":0,"event_name":"MindBloom","floor":37,"gold_loss":0},{"cards_removed":["Electrodynamics"],"damage_healed":0,"gold_gain":0,"player_choice":"Removed Power","damage_taken":0,"max_hp_gain":0,"max_hp_loss":0,"event_name":"Falling","floor":38,"gold_loss":0}],"is_beta":false,"boss_relics":[{"not_picked":["Black Star","Velvet Choker"],"picked":"Nuclear Battery"},{"not_picked":["Fusion Hammer","Empty Cage"],"picked":"SacredBark"}],"items_purged_floors":[],"is_endless":false,"potions_floor_spawned":[4,7,10,14,16,19,21,25,27,37],"killed_by":"Reptomancer","ascension_level":6}}