{"host":"wkuscavjg97fbbrj","time":1611567733,"event":{"mods":["BaseMod","Colored Powertips","Downfall","Minty Spire (QoL Compilation)","Permanent Neow","Quick Restart","Replay The Spire","StSLib"],"gold_per_floor":[99,119,219,233,243,153,153,170,170,170,170],"floor_reached":9,"language":"ENG","playtime":379,"items_purged":["bronze:Strike"],"score":56,"play_id":"fdf28deb-48ef-48d5-9863-3a1afe56a4da","local_time":"20210125044213","is_ascension_mode":true,"campfire_choices":[],"circlet_count":0,"master_deck":["bronze:Strike","bronze:Strike","bronze:Defend","bronze:Defend","bronze:Defend","bronze:Replicate","bronze:Goto","bronze:SpaghettiCode+1","bronze:Overheat","bronze:GetLatest","bronze:MaxOutput"],"relics":["bronze:BronzeCore","Darkstone Periapt"],"acts_visited":["Exordium"],"potions_floor_usage":[],"damage_taken":[{"damage":7.0,"enemies":"2 Louse","floor":2.0,"turns":2.0},{"damage":0.0,"enemies":"Cultist","floor":4.0,"turns":3.0},{"damage":0.0,"enemies":"Jaw Worm","floor":5.0,"turns":2.0},{"damage":2.0,"enemies":"downfall:FleeingMerchant","floor":6.0,"turns":4.0},{"damage":0.0,"enemies":"Gremlin Gang","floor":8.0,"turns":1.0},{"damage":0,"enemies":"Lagavulin","floor":9,"turns":1}],"seed_played":"-966671466748512345","potions_obtained":[{"floor":2.0,"key":"SkillPotion"},{"floor":8.0,"key":"Strength Potion"}],"is_trial":false,"path_per_floor":["R","M","?","M","M","$","T","M","E"],"character_chosen":"THE_AUTOMATON","items_purchased":[],"campfire_rested":0,"item_purchase_floors":[],"current_hp_per_floor":[63,56,56,56,56,54,54,54,54,54,54],"gold":170,"neow_bonus":"TRANSFORM_TWO_CARDS","is_daily":false,"chose_seed":false,"campfire_upgraded":0,"win_rate":0.0,"timestamp":1611567733,"path_taken":["R","M","?","M","?","$","T","M","E"],"items_purchased_type":[],"build_version":"2020-12-22","purchased_purges":1,"victory":false,"max_hp_per_floor":[63,63,63,63,63,63,63,63,63,63,63],"card_choices":[{"not_picked":["bronze:DelayedGuard","bronze:Iterate"],"picked":"bronze:GetLatest","floor":2.0},{"not_picked":["bronze:OilSpill","bronze:Branch","bronze:ForceShield"],"picked":"SKIP","floor":4.0},{"not_picked":["bronze:Separator","bronze:CloningBeam"],"picked":"bronze:MaxOutput","floor":5.0},{"not_picked":["bronze:DarkDash","bronze:ChildClass","bronze:Constructor"],"picked":"SKIP","floor":6.0},{"not_picked":["bronze:Repair","bronze:BitShift","bronze:Iterate"],"picked":"SKIP","floor":8.0}],"player_experience":162345,"relics_obtained":[{"floor":7.0,"key":"Darkstone Periapt"}],"event_choices":[],"is_beta":false,"boss_relics":[],"items_purged_floors":[6],"is_endless":false,"potions_floor_spawned":[2,8],"killed_by":"Lagavulin","ascension_level":1}}