{"host":"dvpvhz1t6etneyb3","time":1611610643,"event":{"mods":["AchievementEnabler","BaseMod","Colored Map","Highlight Path","Minty Spire (QoL Compilation)","Permanent Neow","Quick Restart"],"gold_per_floor":[211,225,225,10,22,22,55,71,71,103,1,21,21,55,55,128,128,145,145,171,190,190,221,221,248,260,272,299,311,323,34,34,111,111,121,132,157,379,396,425,425,457,508,13,29,42,77,92,92,92,92],"floor_reached":52,"language":"ENG","playtime":3717,"items_purged":["Strike_G","Well Laid Plans+1"],"score":1996,"play_id":"67592656-6d43-454d-87ce-f616853c559d","local_time":"20210125163723","is_ascension_mode":true,"campfire_choices":[{"floor":6.0,"key":"REST"},{"data":"Footwork","floor":13.0,"key":"SMITH"},{"data":"Glass Knife","floor":15.0,"key":"SMITH"},{"data":"Malaise","floor":24.0,"key":"SMITH"},{"data":"Footwork","floor":27.0,"key":"SMITH"},{"data":"Well Laid Plans","floor":32.0,"key":"SMITH"},{"floor":49,"key":"REST"}],"circlet_count":0,"master_deck":["AscendersBane","Strike_G+1","Strike_G+1","Strike_G+1","Strike_G+1","Defend_G+1","Defend_G+1","Defend_G+1","Defend_G+1","Defend_G+1","Survivor+1","Neutralize","Masterful Stab+1","Dagger Spray","Malaise+1","Backstab","Blade Dance","Glass Knife+1","Footwork+1","PiercingWail","Corpse Explosion","Footwork+1","Backstab","Backstab+1","Cloak And Dagger","Adrenaline","Necronomicurse","Glass Knife","After Image","Calculated Gamble","Dodge and Roll","Finisher+1","Tactician+1","Predator","Burst","Transmutation","PiercingWail","Unload","Concentrate+1","Blade Dance+1"],"relics":["Ring of the Snake","Membership Card","MealTicket","Shuriken","Torii","InkBottle","Sozu","Red Mask","Bottled Tornado","MawBank","Girya","Necronomicon","Paper Crane","Lee\u0027s Waffle","Runic Pyramid","Lizard Tail","FossilizedHelix","Tough Bandages","Whetstone","Strawberry","TwistedFunnel","Frozen Egg 2","Potion Belt"],"acts_visited":["Exordium","TheCity","TheBeyond"],"potions_floor_usage":[],"damage_taken":[{"damage":0.0,"enemies":"Cultist","floor":1.0,"turns":4.0},{"damage":4.0,"enemies":"Jaw Worm","floor":2.0,"turns":8.0},{"damage":0.0,"enemies":"Small Slimes","floor":5.0,"turns":3.0},{"damage":18.0,"enemies":"Gremlin Nob","floor":7.0,"turns":4.0},{"damage":1.0,"enemies":"2 Fungi Beasts","floor":8.0,"turns":3.0},{"damage":14.0,"enemies":"Lagavulin","floor":10.0,"turns":7.0},{"damage":0.0,"enemies":"Exordium Wildlife","floor":12.0,"turns":3.0},{"damage":1.0,"enemies":"Gremlin Nob","floor":14.0,"turns":3.0},{"damage":1.0,"enemies":"Slime Boss","floor":16.0,"turns":6.0},{"damage":12.0,"enemies":"Shell Parasite","floor":18.0,"turns":4.0},{"damage":0.0,"enemies":"Masked Bandits","floor":20.0,"turns":3.0},{"damage":7.0,"enemies":"Chosen","floor":21.0,"turns":3.0},{"damage":4.0,"enemies":"Book of Stabbing","floor":23.0,"turns":5.0},{"damage":10.0,"enemies":"Slavers","floor":25.0,"turns":4.0},{"damage":0.0,"enemies":"Centurion and Healer","floor":28.0,"turns":4.0},{"damage":25.0,"enemies":"Automaton","floor":33.0,"turns":9.0},{"damage":6.0,"enemies":"3 Darklings","floor":35.0,"turns":5.0},{"damage":0.0,"enemies":"Orb Walker","floor":36.0,"turns":3.0},{"damage":0.0,"enemies":"Mind Bloom Boss Battle","floor":37.0,"turns":8.0},{"damage":1.0,"enemies":"3 Darklings","floor":39.0,"turns":3.0},{"damage":1.0,"enemies":"Giant Head","floor":40.0,"turns":8.0},{"damage":0.0,"enemies":"Nemesis","floor":42.0,"turns":7.0},{"damage":0.0,"enemies":"Transient","floor":45.0,"turns":6.0},{"damage":0.0,"enemies":"Sphere and 2 Shapes","floor":46.0,"turns":4.0},{"damage":53,"enemies":"Giant Head","floor":47,"turns":9},{"damage":0,"enemies":"Writhing Mass","floor":48,"turns":7},{"damage":25,"enemies":"Awakened One","floor":50,"turns":12},{"damage":13,"enemies":"Time Eater","floor":51,"turns":15}],"seed_played":"-7602641656793201394","potions_obtained":[{"floor":1.0,"key":"Explosive Potion"},{"floor":2.0,"key":"EntropicBrew"},{"floor":10.0,"key":"BlessingOfTheForge"},{"floor":14.0,"key":"CultistPotion"}],"is_trial":false,"path_per_floor":["M","M","?","$","M","R","E","M","T","E","$","M","R","E","R","B",null,"M","?","?","M","?","E","R","E","T","R","M","$","?","$","R","B",null,"M","M","?","?","M","E","?","E","T","$","M","M","E","M","R","B","B",null],"character_chosen":"THE_SILENT","items_purchased":["Membership Card","Masterful Stab","Dagger Spray","Blade Dance","Glass Knife","Well Laid Plans","Paper Crane","Lee\u0027s Waffle","Glass Knife","Strawberry","TwistedFunnel","Frozen Egg 2","Burst","Transmutation"],"campfire_rested":2,"item_purchase_floors":[4,4,4,11,11,31,31,31,31,44,44,44,44,44],"current_hp_per_floor":[59,55,35,35,35,54,36,35,35,21,36,36,36,35,35,34,58,46,46,46,39,52,48,48,38,38,38,38,53,32,73,73,48,67,61,61,61,61,60,59,59,59,59,80,80,80,27,27,51,26,13],"gold":92,"neow_bonus":"HUNDRED_GOLD","is_daily":false,"chose_seed":false,"campfire_upgraded":5,"win_rate":0.0,"timestamp":1611610643,"path_taken":["M","M","?","$","M","R","E","M","T","E","$","M","R","E","R","BOSS","M","?","?","M","?","E","R","E","T","R","M","$","?","$","R","BOSS","M","M","?","?","M","E","?","E","T","$","M","M","E","M","R","BOSS","BOSS"],"items_purchased_type":["Relic","Card","Card","Card","Card","Card","Relic","Relic","Card","Relic","Relic","Relic","Card","Card"],"build_version":"2020-12-22","purchased_purges":2,"victory":true,"max_hp_per_floor":[66,66,66,66,66,66,66,66,66,66,66,66,66,66,66,66,66,66,66,66,66,66,66,66,66,66,66,66,66,66,73,73,73,73,73,73,73,73,73,73,73,73,73,80,80,80,80,80,80,80,80],"card_choices":[{"not_picked":["Expertise","Dodge and Roll","Distraction"],"picked":"SKIP","floor":1.0},{"not_picked":["Blur","Bane","Dodge and Roll"],"picked":"SKIP","floor":2.0},{"not_picked":["Slice","Cloak And Dagger"],"picked":"Dagger Spray","floor":5.0},{"not_picked":["Caltrops","Bouncing Flask"],"picked":"Malaise","floor":7.0},{"not_picked":["Prepared","Slice","Quick Slash"],"picked":"SKIP","floor":8.0},{"not_picked":["Backflip","Skewer"],"picked":"Backstab","floor":10.0},{"not_picked":["PiercingWail","Crippling Poison"],"picked":"Footwork","floor":12.0},{"not_picked":["Terror","Acrobatics"],"picked":"PiercingWail","floor":14.0},{"not_picked":["Glass Knife","Adrenaline"],"picked":"Corpse Explosion","floor":16.0},{"not_picked":["Choke","PiercingWail","Catalyst"],"picked":"SKIP","floor":18.0},{"not_picked":["Finisher","Bane"],"picked":"Footwork","floor":20.0},{"not_picked":["Dagger Throw","Deadly Poison"],"picked":"Backstab","floor":21.0},{"not_picked":["Masterful Stab","Slice"],"picked":"Backstab","floor":23.0},{"not_picked":["Dagger Spray+1","Flechettes"],"picked":"Cloak And Dagger","floor":25.0},{"not_picked":["Backflip","Bouncing Flask"],"picked":"Adrenaline","floor":28.0},{"not_picked":["Doppelganger","Venomology"],"picked":"After Image","floor":33.0},{"not_picked":["Dagger Spray","Heel Hook"],"picked":"Calculated Gamble","floor":35.0},{"not_picked":["Backstab","Poisoned Stab"],"picked":"Dodge and Roll","floor":36.0},{"not_picked":["Escape Plan","Night Terror"],"picked":"Finisher+1","floor":39.0},{"not_picked":["Flying Knee+1","Caltrops"],"picked":"Tactician+1","floor":40.0},{"not_picked":["Sucker Punch","Bane"],"picked":"Predator","floor":42.0},{"not_picked":["Underhanded Strike","Eviscerate"],"picked":"PiercingWail","floor":45.0},{"not_picked":["Poisoned Stab","Backflip"],"picked":"Unload","floor":46.0},{"not_picked":["Underhanded Strike","Predator"],"picked":"Concentrate+1","floor":47},{"not_picked":["Deflect","Sucker Punch"],"picked":"Blade Dance+1","floor":48}],"player_experience":2071288,"relics_obtained":[{"floor":7.0,"key":"MealTicket"},{"floor":9.0,"key":"Shuriken"},{"floor":10.0,"key":"Torii"},{"floor":14.0,"key":"InkBottle"},{"floor":20.0,"key":"Red Mask"},{"floor":23.0,"key":"Bottled Tornado"},{"floor":25.0,"key":"MawBank"},{"floor":26.0,"key":"Girya"},{"floor":30.0,"key":"Necronomicon"},{"floor":37.0,"key":"Lizard Tail"},{"floor":40.0,"key":"FossilizedHelix"},{"floor":42.0,"key":"Tough Bandages"},{"floor":43.0,"key":"Whetstone"},{"floor":47,"key":"Potion Belt"}],"event_choices":[{"damage_healed":0.0,"max_hp_gain":0.0,"max_hp_loss":0.0,"gold_gain":0.0,"event_name":"Shining Light","player_choice":"Entered Light","floor":3.0,"gold_loss":0.0,"damage_taken":20.0,"cards_upgraded":["Strike_G","Survivor"]},{"damage_healed":0.0,"max_hp_gain":0.0,"max_hp_loss":0.0,"gold_gain":0.0,"event_name":"Back to Basics","player_choice":"Simplicity","floor":19.0,"gold_loss":0.0,"damage_taken":0.0,"cards_upgraded":["Strike_G","Strike_G","Strike_G","Defend_G","Defend_G","Defend_G","Defend_G","Defend_G"]},{"damage_healed":0.0,"max_hp_gain":0.0,"max_hp_loss":0.0,"gold_gain":0.0,"event_name":"Masked Bandits","player_choice":"Fought Bandits","floor":20.0,"gold_loss":0.0,"damage_taken":0.0},{"damage_healed":13.0,"max_hp_gain":0.0,"max_hp_loss":0.0,"gold_gain":0.0,"event_name":"The Library","player_choice":"Heal","floor":22.0,"gold_loss":0.0,"damage_taken":0.0},{"damage_healed":0.0,"max_hp_gain":0.0,"max_hp_loss":0.0,"gold_gain":0.0,"event_name":"Cursed Tome","player_choice":"Obtained Book","floor":30.0,"gold_loss":0.0,"damage_taken":21.0},{"damage_healed":0.0,"max_hp_gain":0.0,"max_hp_loss":0.0,"gold_gain":0.0,"event_name":"MindBloom","player_choice":"Fight","floor":37.0,"gold_loss":0.0,"damage_taken":0.0},{"damage_healed":0.0,"max_hp_gain":0.0,"max_hp_loss":0.0,"gold_gain":222.0,"event_name":"Tomb of Lord Red Mask","player_choice":"Wore Mask","floor":38.0,"gold_loss":0.0,"damage_taken":0.0},{"cards_removed":["Dagger Spray"],"damage_healed":0.0,"max_hp_gain":0.0,"max_hp_loss":0.0,"gold_gain":0.0,"event_name":"Falling","player_choice":"Removed Attack","floor":41.0,"gold_loss":0.0,"damage_taken":0.0}],"is_beta":false,"boss_relics":[{"not_picked":["Astrolabe","Fusion Hammer"],"picked":"Sozu"},{"not_picked":["Ring of the Serpent","Black Star"],"picked":"Runic Pyramid"}],"items_purged_floors":[11,44],"is_endless":false,"potions_floor_spawned":[1,2,10,14,18,20,21,28,36,37,45,48],"ascension_level":20}}