{"host":"pcbz64t4k17ey4z1","time":1611602467,"event":{"mods":["2.2 Compatiblity","AchievementEnabler","Act Like it!","Aspiration","BaseMod","Beaked The Cultist","Better Match","Better Third Choice","BetterRewards","Card Forge","Colored Map","Colored Powertips","Conspire","Disable Question Mark Monsters","Fireblade Mod","Friendly Minions","Gensokyo","GifTheSpireLib","Glutton Mod","Googly Eyes","Gremlin Mod","Hermit","Hubris","Infinite Spire","Koishi","Marisa????????","Minty Spire (QoL Compilation)","Permanent Neow","Potionbrewer","Quick Restart","Random Character Button","Rare Cards Sparkle","Relic Filter","Replay The Spire","Robot Space Explorer","Shade Mod","Shop Mod","Spicy Shops","StSLib","Stuff the Spire","SuperFastMode","The Cursed","The Druid","The Gatherer","The Hierophant","The IronCluck","The Jungle","The Marked","The Runesmith","Virulent Crown","Waifu the Spire","Wandering Minibosses"],"gold_per_floor":[115,148,167,183,172,221,260,308,356,408,408,408,424,453,453,578,578,591,602,637,607,607,607],"floor_reached":22,"language":"ENG","playtime":1351,"items_purged":[],"score":399,"play_id":"bb85d8e9-6631-483a-92fa-226ea065b9ec","local_time":"20210125192107","is_ascension_mode":true,"campfire_choices":[{"data":"Shade:LichForm","floor":15,"key":"SMITH"}],"circlet_count":0,"master_deck":["Shade:Strike_Shade+1","Shade:Strike_Shade+1","Shade:Strike_Shade+1","Shade:Defend_Shade+1","Shade:Defend_Shade+1","Shade:Defend_Shade+1","Shade:Defend_Shade+1","Shade:AnimateDead","Shade:CarefulCut","Replay:Bootleg Shield Generator","Shade:Bite_Shade+1","Shade:Bonestorm","Shade:SpectralStrikes","Finesse","Shade:AuraOfUnlife","Shade:Patience+1","Shade:LichForm+1","Shade:UnbarTheGrave","Shade:ExtraLimbs","Shade:LastGasp","Shade:ScuttlingHand","Shade:StitchTogether","Shade:LastGasp","Shade:WallOfFlesh","Shade:AblativeArmor"],"relics":["Hammer of Thor","Seething Fire","Anvil of the Gods","potionbrewer:SalesContract","Mercury Hourglass","StuffTheSpire:RubySignet","Du-Vu Doll","Lee\u0027s Waffle","Pocketwatch","Mirror","infinitespire:Lucky Rock","Blue Doll","Bag of Marbles","Replay:Baseball","Philosopher\u0027s Stone"],"acts_visited":["Exordium","TheCity"],"potions_floor_usage":[],"damage_taken":[{"damage":0,"enemies":"Cultist","floor":1,"turns":3},{"damage":6,"enemies":"Small Slimes","floor":2,"turns":2},{"damage":0,"enemies":"2 Louse","floor":3,"turns":2},{"damage":10,"enemies":"Exordium Thugs","floor":4,"turns":4},{"damage":10,"enemies":"Red Slaver","floor":5,"turns":5},{"damage":0,"enemies":"Lagavulin","floor":6,"turns":6},{"damage":0,"enemies":"3 Louse","floor":7,"turns":3},{"damage":6,"enemies":"Replay:BlueRogue","floor":8,"turns":5},{"damage":10,"enemies":"3 Sentries","floor":10,"turns":4},{"damage":4,"enemies":"Exordium Wildlife","floor":13,"turns":4},{"damage":7,"enemies":"Replay:BlueRogue","floor":14,"turns":5},{"damage":19,"enemies":"Hexaghost","floor":16,"turns":7},{"damage":0,"enemies":"Chosen","floor":18,"turns":4},{"damage":4,"enemies":"2 Thieves","floor":19,"turns":4},{"damage":12,"enemies":"Cultist and Chosen","floor":20,"turns":4},{"damage":65,"enemies":"3 Cultists","floor":21,"turns":6},{"damage":9,"enemies":"Centurion and Healer","floor":22,"turns":3}],"seed_played":"-1884365310241728872","potions_obtained":[],"is_trial":false,"path_per_floor":["M","M","M","M","M","E","M","E","T","E","?","?","M","E","R","B",null,"M","M","M","M","M"],"character_chosen":"SHADE","items_purchased":["potionbrewer:SalesContract","Mercury Hourglass","StuffTheSpire:RubySignet","Replay:Bootleg Shield Generator","Shade:Bite_Shade+1","Shade:Bonestorm","Shade:SpectralStrikes","Finesse","Lee\u0027s Waffle","Pocketwatch","Shade:AuraOfUnlife","Mirror"],"campfire_rested":0,"item_purchase_floors":[0,0,0,0,0,0,0,0,0,0,0,0],"current_hp_per_floor":[72,66,66,59,54,60,63,63,63,53,56,56,55,48,48,45,75,75,74,64,2,0,0],"gold":607,"neow_bonus":"","is_daily":false,"chose_seed":false,"campfire_upgraded":1,"win_rate":0.0,"timestamp":1611602467,"path_taken":["M","M","M","M","?","E","M","E","T","E","?","?","M","E","R","BOSS","M","M","M","M","M"],"items_purchased_type":["Relic","Relic","Relic","Card","Card","Card","Card","Card","Relic","Relic","Card","Relic"],"build_version":"2020-12-22","purchased_purges":0,"victory":false,"max_hp_per_floor":[72,72,72,72,72,72,72,72,72,72,75,75,75,75,75,75,75,75,75,75,75,75,75],"card_choices":[{"not_picked":["Shade:Premonition","Shade:Doomsay"],"picked":"Shade:FleshToFlesh","floor":1},{"not_picked":["Shade:Bonestorm","Shade:Frenzy"],"picked":"Shade:Patience","floor":2},{"not_picked":["Shade:GreyBargain","Shade:Awaken"],"picked":"Shade:LichForm","floor":3},{"not_picked":["Shade:FreshBones","Shade:FleshOffering","Shade:CommandSoldier"],"picked":"SKIP","floor":4},{"not_picked":["Shade:CoffinDance","Shade:SkeletonHug","Shade:Brains"],"picked":"SKIP","floor":5},{"not_picked":["Shade:Trample","Shade:GraveStillness"],"picked":"Shade:UnbarTheGrave","floor":6},{"not_picked":["Shade:GreyBargain","Shade:SanguineRitual"],"picked":"Shade:ExtraLimbs","floor":7},{"not_picked":["Shade:Trample","Shade:FingerOfDeath"],"picked":"Shade:ClawBack","floor":8},{"not_picked":["Shade:Bonestorm","Shade:Awaken"],"picked":"Shade:LastGasp","floor":10},{"not_picked":["Shade:Brains","Shade:CommandSoldier"],"picked":"Shade:ScuttlingHand","floor":13},{"not_picked":["Shade:GraveStillness","Shade:OpenGraves"],"picked":"Shade:StitchTogether","floor":14},{"not_picked":["Shade:SoulPierce","Shade:Consume"],"picked":"Shade:LastGasp","floor":16},{"not_picked":["Shade:CallOfTheGrave+1","Shade:Excise+1","Shade:FingerOfDeath"],"picked":"SKIP","floor":18},{"not_picked":["Shade:PoundOfFlesh","Shade:ExtraLimbs"],"picked":"Shade:WallOfFlesh","floor":19},{"not_picked":["Shade:WallOfFlesh","Shade:FingerOfDeath","Shade:Brains"],"picked":"SKIP","floor":20},{"not_picked":["Shade:Brains+1","Shade:Premonition"],"picked":"Shade:AblativeArmor","floor":21}],"player_experience":3365218,"relics_obtained":[{"floor":6,"key":"Gremlin Food"},{"floor":8,"key":"infinitespire:Lucky Rock"},{"floor":9,"key":"Blue Doll"},{"floor":10,"key":"Bag of Marbles"},{"floor":14,"key":"Replay:Baseball"}],"event_choices":[{"cards_removed":["Shade:Strike_Shade"],"damage_healed":0,"gold_gain":0,"player_choice":"Purged","damage_taken":0,"max_hp_gain":0,"max_hp_loss":0,"event_name":"Purifier","floor":12,"gold_loss":0}],"is_beta":false,"boss_relics":[{"not_picked":["conspire:SpecialSausage","Runic Dome"],"picked":"Philosopher\u0027s Stone"}],"items_purged_floors":[],"is_endless":false,"potions_floor_spawned":[2,6,7,8,10,16,20],"killed_by":"Centurion and Healer","ascension_level":3}}