{"host":"xmr2g8b7eju0288o","time":1611586217,"event":{"mods":["AchievementEnabler","BaseMod","Colored Map","Colored Powertips","Minty Spire (QoL Compilation)","Quick Restart","StSLib","SuperFastMode"],"gold_per_floor":[116,116,66,79,79,79,104,121,121,151,151,182,182,193,193,289,289,302,321,90,110,120,120,120],"floor_reached":23,"language":"KOR","playtime":2266,"items_purged":["Pain"],"score":226,"play_id":"8ea583ed-3e23-4909-a58a-3d0d05ab5151","local_time":"20210125235017","is_ascension_mode":false,"campfire_choices":[{"data":"Cloak And Dagger","floor":6.0,"key":"SMITH"},{"data":"Blade Dance","floor":11.0,"key":"SMITH"},{"data":"Accuracy","floor":15.0,"key":"SMITH"}],"circlet_count":0,"master_deck":["Strike_G","Strike_G","Strike_G","Strike_G","Defend_G","Defend_G","Defend_G","Defend_G","Survivor","Neutralize","Cloak And Dagger+1","Blade Dance+1","Blade Dance","Backflip","Accuracy+1","Phantasmal Killer","Footwork","Deflect+1","Blade Dance"],"relics":["Ring of the Snake","NeowsBlessing","Meat on the Bone","Question Card","Odd Mushroom","Centennial Puzzle","WarpedTongs","WristBlade","Boot"],"acts_visited":["Exordium","TheCity"],"potions_floor_usage":[],"damage_taken":[{"damage":0.0,"enemies":"Jaw Worm","floor":1.0,"turns":1.0},{"damage":0.0,"enemies":"2 Louse","floor":4.0,"turns":1.0},{"damage":0.0,"enemies":"Gremlin Nob","floor":7.0,"turns":1.0},{"damage":1.0,"enemies":"Cultist","floor":8.0,"turns":3.0},{"damage":3.0,"enemies":"The Mushroom Lair","floor":10.0,"turns":6.0},{"damage":2.0,"enemies":"Lagavulin","floor":12.0,"turns":3.0},{"damage":12.0,"enemies":"Exordium Thugs","floor":14.0,"turns":4.0},{"damage":33.0,"enemies":"The Guardian","floor":16.0,"turns":10.0},{"damage":27.0,"enemies":"3 Byrds","floor":18.0,"turns":5.0},{"damage":27.0,"enemies":"2 Thieves","floor":19.0,"turns":3.0},{"damage":2,"enemies":"Shelled Parasite and Fungi","floor":21,"turns":2},{"damage":15,"enemies":"Snecko","floor":22,"turns":3},{"damage":0,"enemies":"Slavers","floor":23,"turns":1}],"seed_played":"8129245797065081976","potions_obtained":[{"floor":8.0,"key":"BlessingOfTheForge"},{"floor":10.0,"key":"PowerPotion"},{"floor":12.0,"key":"SmokeBomb"},{"floor":19.0,"key":"FearPotion"},{"floor":21,"key":"Swift Potion"},{"floor":22,"key":"BlessingOfTheForge"}],"is_trial":false,"path_per_floor":["M","?","?","M","$","R","E","M","T","?","R","E","?","M","R","B",null,"M","M","$","M","M","E"],"character_chosen":"THE_SILENT","items_purchased":["Boot"],"campfire_rested":0,"item_purchase_floors":[20],"current_hp_per_floor":[70,63,63,63,63,63,63,62,62,59,59,57,57,45,45,24,70,43,28,28,38,35,35,35],"gold":120,"neow_bonus":"THREE_ENEMY_KILL","is_daily":false,"chose_seed":false,"campfire_upgraded":3,"win_rate":0.0,"timestamp":1611586217,"path_taken":["M","?","?","M","?","R","E","M","T","?","R","E","?","M","R","BOSS","M","M","$","?","M","E"],"items_purchased_type":["Relic"],"build_version":"2020-12-22","purchased_purges":1,"victory":false,"max_hp_per_floor":[70,70,70,70,70,70,70,70,70,70,70,70,70,70,70,70,70,70,70,70,70,70,70,70],"card_choices":[{"not_picked":["Dodge and Roll","Bane"],"picked":"Cloak And Dagger","floor":1.0},{"not_picked":["Predator","Dagger Throw","Concentrate"],"picked":"SKIP","floor":4.0},{"not_picked":["Heel Hook","Die Die Die"],"picked":"Blade Dance","floor":7.0},{"not_picked":["Slice","Skewer","Masterful Stab"],"picked":"SKIP","floor":8.0},{"not_picked":["Skewer","Night Terror","Noxious Fumes"],"picked":"Blade Dance","floor":10.0},{"not_picked":["Prepared","PiercingWail","Outmaneuver"],"picked":"Backflip","floor":12.0},{"not_picked":["PiercingWail","Underhanded Strike","Deadly Poison"],"picked":"Accuracy","floor":14.0},{"not_picked":["Night Terror","Glass Knife","Adrenaline"],"picked":"Phantasmal Killer","floor":16.0},{"not_picked":["Underhanded Strike","Bouncing Flask","PiercingWail"],"picked":"Footwork","floor":18.0},{"not_picked":["Tactician","Crippling Poison","Reflex+1"],"picked":"Deflect+1","floor":19.0},{"not_picked":["Quick Slash","Choke","Deflect"],"picked":"Blade Dance","floor":21},{"not_picked":["Underhanded Strike","Sucker Punch","Slice","Bouncing Flask"],"picked":"SKIP","floor":22}],"player_experience":104903,"relics_obtained":[{"floor":7.0,"key":"Meat on the Bone"},{"floor":9.0,"key":"Question Card"},{"floor":10.0,"key":"Odd Mushroom"},{"floor":12.0,"key":"Centennial Puzzle"}],"event_choices":[{"cards_removed":["Defend_G"],"damage_healed":0.0,"max_hp_gain":0.0,"max_hp_loss":0.0,"gold_gain":0.0,"event_name":"Golden Wing","player_choice":"Card Removal","floor":2.0,"gold_loss":0.0,"damage_taken":7.0},{"cards_removed":["Strike_G"],"damage_healed":0.0,"max_hp_gain":0.0,"max_hp_loss":0.0,"gold_gain":0.0,"event_name":"The Cleric","player_choice":"Card Removal","floor":3.0,"gold_loss":50.0,"damage_taken":0.0},{"damage_healed":0.0,"max_hp_gain":0.0,"max_hp_loss":0.0,"gold_gain":0.0,"event_name":"Mushrooms","player_choice":"Fought Mushrooms","floor":10.0,"gold_loss":0.0,"damage_taken":0.0},{"damage_healed":0.0,"max_hp_gain":0.0,"max_hp_loss":0.0,"gold_gain":0.0,"event_name":"Accursed Blacksmith","player_choice":"Rummage","floor":13.0,"gold_loss":0.0,"damage_taken":0.0,"relics_obtained":["WarpedTongs"],"cards_obtained":["Pain"]}],"is_beta":false,"boss_relics":[{"not_picked":["Velvet Choker","Fusion Hammer"],"picked":"WristBlade"}],"items_purged_floors":[20],"is_endless":false,"potions_floor_spawned":[8,10,12,19,21,22],"killed_by":"Slavers","ascension_level":0}}