{"host":"8ef2eyqaps3igadt","time":1611609220,"event":{"mods":["AchievementEnabler","Act Like it!","Aspiration","BaseMod","Better Altar","Better Match","Better Skull","Better Third Choice","Better Vampires","BetterRewards","Conspire","Curses Come First","Defuse TimeMaze Blight","Disable Question Mark Monsters","Displayed Cursed Tome","Energized Spire","Fox Events","GifTheSpireLib","Hallownest","Highlight Path","Hubris","Infinite Spire","Marked Mod","Mimic Mod","Minty Spire (QoL Compilation)","Quick Restart","Replay The Spire","Shop Mod","Spicy Shops","Spikes Relics","StS++","StSLib","Stuff the Spire","SuperFastMode","The Marked","Trackpad","Unceasing Turn Reminder","Virulent Crown","Wandering Minibosses"],"gold_per_floor":[112,112,112,127,76,76,76,76,102,154,154,182,182,113,113,114,214,200,200,200,200],"floor_reached":20,"language":"ENG","playtime":388,"items_purged":[],"score":211,"play_id":"4e2aabfb-2926-4431-8fb3-4e0303279fb9","local_time":"20210125221340","is_ascension_mode":true,"campfire_choices":[{"data":"Bash","floor":6.0,"key":"SMITH"},{"data":"Clash","floor":8.0,"key":"SMITH"},{"floor":15.0,"key":"REST"}],"circlet_count":0,"master_deck":["Strike_R","Strike_R","Strike_R","Strike_R","Strike_R","Defend_R","Defend_R","Defend_R","Defend_R","Bash+1","conspire:Charge+1","Clash+1","Regret","ReplayTheSpireMod:Muscle Training","StuffTheSpire:CuriosityCurse","Feed","Invigoration","Clash+1"],"relics":["Burning Blood","NeowsBlessing","Happy Flower","Replay:Wax Seal","hubris:TenFootPole","ReplayTheSpireMod:Lightbulb","StuffTheSpire:RedRose","ShockBauble","Potion Belt","hubris:MedicalManual","Replay:Wanted Poster"],"acts_visited":["Exordium","TheCity"],"potions_floor_usage":[],"damage_taken":[{"damage":0.0,"enemies":"2 Louse","floor":1.0,"turns":1.0},{"damage":0.0,"enemies":"Small Slimes","floor":4.0,"turns":1.0},{"damage":2.0,"enemies":"3 Sentries","floor":12.0,"turns":2.0},{"damage":37.0,"enemies":"Replay:BlueRogue","floor":14.0,"turns":7.0},{"damage":89.0,"enemies":"Fading Forest","floor":16.0,"turns":11.0},{"damage":43.0,"enemies":"2 Thieves","floor":18.0,"turns":4.0},{"damage":57,"enemies":"conspire:FuzzyDice","floor":20,"turns":4}],"seed_played":"2374446090643634843","potions_obtained":[{"floor":1.0,"key":"ColorlessPotion"},{"floor":4.0,"key":"Explosive Potion"}],"is_trial":false,"path_per_floor":["M","?","?","M","$","R","?","R","T","?","?","E","?","E","R","B",null,"M","?","M"],"character_chosen":"IRONCLAD","items_purchased":["Replay:Wax Seal","Clash","hubris:TenFootPole"],"campfire_rested":1,"item_purchase_floors":[5,5,5],"current_hp_per_floor":[80,80,80,80,80,80,80,80,80,80,80,80,80,49,73,10,80,46,46,0,0],"gold":200,"neow_bonus":"THREE_ENEMY_KILL","is_daily":false,"chose_seed":false,"campfire_upgraded":2,"win_rate":0.0,"timestamp":1611609220,"path_taken":["M","?","?","M","$","R","?","R","T","?","?","E","?","E","R","BOSS","M","?","?"],"items_purchased_type":["Relic","Card","Relic"],"build_version":"2020-12-22","purchased_purges":0,"victory":false,"max_hp_per_floor":[80,80,80,80,80,80,80,80,80,80,80,80,80,80,80,80,80,83,83,83,83],"card_choices":[{"not_picked":["Pommel Strike","Metallicize"],"picked":"conspire:Charge","floor":1.0},{"not_picked":["Shrug It Off","ReplayTheSpireMod:Strike From Hell","Power Through"],"picked":"SKIP","floor":4.0},{"not_picked":["Run Through","Offering"],"picked":"ReplayTheSpireMod:Muscle Training","floor":12.0},{"not_picked":["StuffTheSpire:RockThrow","Thunderclap","Iron Wave"],"picked":"SKIP","floor":14.0},{"not_picked":["Hemogenesis","Barricade"],"picked":"Feed","floor":16.0},{"not_picked":["Pommel Strike","Life Link"],"picked":"Invigoration","floor":18.0}],"player_experience":2744,"relics_obtained":[{"floor":2.0,"key":"Happy Flower"},{"floor":9.0,"key":"ReplayTheSpireMod:Lightbulb"},{"floor":12.0,"key":"ShockBauble"},{"floor":14.0,"key":"hubris:MedicalManual"}],"event_choices":[{"damage_healed":0.0,"max_hp_gain":0.0,"max_hp_loss":0.0,"gold_gain":0.0,"event_name":"Living Wall","player_choice":"Grow","floor":3.0,"gold_loss":0.0,"damage_taken":0.0,"cards_upgraded":["conspire:Charge"]},{"damage_healed":0.0,"max_hp_gain":0.0,"max_hp_loss":0.0,"gold_gain":52.0,"event_name":"Golden Wing","player_choice":"Gained Gold","floor":10.0,"gold_loss":0.0,"damage_taken":0.0},{"damage_healed":0.0,"max_hp_gain":0.0,"max_hp_loss":0.0,"gold_gain":0.0,"event_name":"Duplicator","player_choice":"Copied","floor":19.0,"gold_loss":0.0,"damage_taken":0.0,"cards_obtained":["Clash"]}],"is_beta":false,"boss_relics":[{"not_picked":["ReplayTheSpireMod:DimensionalGlitch","ChewingGum"],"picked":"Replay:Wanted Poster"}],"items_purged_floors":[],"is_endless":false,"potions_floor_spawned":[1,4],"killed_by":"conspire:FuzzyDice","ascension_level":1}}