{"host":"ktoxvvst1mwxww91","time":1611550805,"event":{"mods":["BaseMod","Downfall","Minty Spire (QoL Compilation)","StSLib"],"gold_per_floor":[99,119,119,134,148,148,175,175,85,120,132,232,263,279,295,395,395,295,295,313,313,313,644,644,658,658,103,103,88,88,88,106,204,204,104,104,89,89,105,123,123,136,162,176,76,95,61,85,98,98,98,98,98,98],"floor_reached":52,"language":"ENG","playtime":2922,"items_purged":["champ:Strike","champ:ShieldSigil","Shame"],"score":1106,"play_id":"0c106205-e494-49d7-b3fe-d58ba5d67cba","local_time":"20210125060005","is_ascension_mode":true,"campfire_choices":[{"data":"champ:Taunt","floor":1,"key":"SMITH"},{"data":"champ:ShieldWall","floor":6,"key":"SMITH"},{"data":"champ:PreciseThrust","floor":8,"key":"SMITH"},{"data":"champ:SteelEdge","floor":18,"key":"SMITH"},{"data":"Bite","floor":28,"key":"SMITH"},{"floor":30,"key":"RECALL"},{"data":"expansioncontent:StudyTheSpire","floor":35,"key":"SMITH"},{"data":"champ:GladiatorForm","floor":45,"key":"SMITH"}],"circlet_count":0,"master_deck":["champ:Defend","champ:Defend","champ:Defend","champ:Defend","champ:Execute","champ:Taunt+1","champ:ShieldWall+1","champ:PreciseThrust+1","champ:FlashCut","champ:TornadoPunch","champ:FlashCut","champ:StanceDance","champ:PerfectedStrike","champ:Haymaker","champ:FlashCut","champ:SteelEdge+1","champ:BringItOn","champ:RageSigil","champ:DefensiveStyle","champ:RisingSlash+1","Bite+1","Bite","Bite","champ:IgnorePain","expansioncontent:StudyTheSpire+1","champ:ShieldWall","champ:PreemptiveStrike","champ:VampiricStrike","champ:DefensiveShout+1","expansioncontent:YouAreMine","champ:GladiatorForm+1","champ:SwordSigil+1","champ:VampiricStrike","champ:PreciseThrust+1","champ:SwordSigil+1","champ:SkillfulDodge","champ:GutPunch","Normality"],"relics":["Runic Pyramid","Ancient Tea Set","Akabeko","CloakClasp","Bottled Tornado","Velvet Choker","downfall:HeartBlessingGreen","MutagenicStrength","Meat on the Bone","Old Coin","Matryoshka","Bottled Lightning","Cursed Key","downfall:HeartBlessingRed","Regal Pillow","Blood Vial","downfall:HeartBlessingBlue","Bronze Scales","Lantern","Potion Belt"],"acts_visited":["Exordium","TheCity","TheBeyond","TheEnding"],"potions_floor_usage":[11,12,16,23,33,43,50],"damage_taken":[{"damage":12,"enemies":"2 Louse","floor":2,"turns":4},{"damage":17,"enemies":"Small Slimes","floor":4,"turns":4},{"damage":20,"enemies":"Jaw Worm","floor":5,"turns":4},{"damage":10,"enemies":"downfall:FleeingMerchant","floor":9,"turns":4},{"damage":16,"enemies":"Lagavulin","floor":10,"turns":5},{"damage":8,"enemies":"Exordium Thugs","floor":11,"turns":3},{"damage":16,"enemies":"Exordium Thugs","floor":12,"turns":6},{"damage":13,"enemies":"3 Sentries","floor":13,"turns":4},{"damage":0,"enemies":"2 Fungi Beasts","floor":14,"turns":3},{"damage":5,"enemies":"3 Louse","floor":15,"turns":3},{"damage":10,"enemies":"WA_ARCHETYPE_RETAIN","floor":16,"turns":8},{"damage":0,"enemies":"Chosen","floor":19,"turns":1},{"damage":10,"enemies":"Shelled Parasite and Fungi","floor":20,"turns":5},{"damage":16,"enemies":"Slavers","floor":23,"turns":4},{"damage":19,"enemies":"Snecko","floor":25,"turns":3},{"damage":10,"enemies":"downfall:FleeingMerchant","floor":27,"turns":4},{"damage":10,"enemies":"downfall:FleeingMerchant","floor":29,"turns":4},{"damage":0,"enemies":"Centurion and Healer","floor":32,"turns":4},{"damage":19,"enemies":"IC_MUSHROOM_ARCHETYPE","floor":33,"turns":7},{"damage":0,"enemies":"downfall:FleeingMerchant","floor":37,"turns":4},{"damage":0,"enemies":"3 Darklings","floor":39,"turns":5},{"damage":0,"enemies":"Orb Walker","floor":40,"turns":3},{"damage":0,"enemies":"4 Shapes","floor":42,"turns":7},{"damage":42,"enemies":"Reptomancer","floor":43,"turns":6},{"damage":4,"enemies":"3 Darklings","floor":44,"turns":6},{"damage":1,"enemies":"Maw","floor":46,"turns":6},{"damage":5,"enemies":"downfall:FleeingMerchant","floor":47,"turns":4},{"damage":6,"enemies":"Sphere and 2 Shapes","floor":49,"turns":5},{"damage":8,"enemies":"SI_POISON_ARCHETYPE","floor":50,"turns":12},{"damage":109,"enemies":"downfall:CharBossMerchant","floor":52,"turns":10}],"seed_played":"-6222232143092654143","potions_obtained":[{"floor":2,"key":"Weak Potion"},{"floor":5,"key":"Fire Potion"},{"floor":11,"key":"FairyPotion"},{"floor":13,"key":"SteroidPotion"},{"floor":14,"key":"ColorlessPotion"},{"floor":20,"key":"champ:OpenerPotion"},{"floor":32,"key":"champ:CounterPotion"},{"floor":33,"key":"champ:OpenerPotion"},{"floor":40,"key":"Dexterity Potion"},{"floor":43,"key":"Weak Potion"}],"is_trial":false,"path_per_floor":["R","M","?","M","M","R","T","R","$","E","M","?","E","M","M","B",null,"R","M","M","?","T","E","T","M","?","$","R","$","R","?","M","B",null,"R","?","$","?","M","M","T","M","E","M","R","M","$","T","M","B",null,"E"],"character_chosen":"THE_CHAMP","items_purchased":["Bottled Lightning","expansioncontent:StudyTheSpire","Bronze Scales","champ:SkillfulDodge","champ:GutPunch"],"campfire_rested":0,"item_purchase_floors":[27,27,47,47,47],"current_hp_per_floor":[90,88,88,81,81,81,81,81,81,75,67,61,48,48,43,33,90,90,90,90,90,90,74,74,65,62,62,62,62,62,62,62,52,62,62,62,62,62,62,62,62,62,39,41,51,55,55,55,58,67,72,0,0,0],"gold":98,"neow_bonus":"BOSS_RELIC","is_daily":false,"chose_seed":false,"campfire_upgraded":7,"win_rate":0.0,"timestamp":1611550805,"path_taken":["R","M","?","M","M","R","T","R","$","E","M","?","E","M","M","BOSS","R","M","M","?","?","E","T","?","?","$","R","$","R","?","M","BOSS","R","?","$","?","M","M","T","M","E","M","R","M","$","?","M","BOSS","E"],"items_purchased_type":["Relic","Card","Relic","Card","Card"],"build_version":"2020-12-22","purchased_purges":3,"victory":false,"max_hp_per_floor":[90,90,90,90,90,90,90,90,90,90,90,90,90,90,90,90,90,90,90,90,90,90,90,90,90,62,62,62,62,62,62,62,62,62,62,62,62,62,62,62,62,62,62,62,72,72,72,72,72,72,72,72,72,72],"card_choices":[{"not_picked":["champ:CalledShot","champ:GutPunch"],"picked":"champ:ShieldWall","floor":2},{"not_picked":["champ:TornadoPunch","champ:FancyFootwork"],"picked":"champ:PreciseThrust","floor":4},{"not_picked":["champ:GladiatorStyle","champ:PerfectedStrike"],"picked":"champ:FlashCut","floor":5},{"not_picked":["champ:CrookedStrike","champ:EndlessRage"],"picked":"champ:ShieldSigil","floor":9},{"not_picked":["champ:ShieldSigil","champ:IgnorePain"],"picked":"champ:TornadoPunch","floor":10},{"not_picked":["champ:FaceSlap","champ:FocusedDefense"],"picked":"champ:FlashCut","floor":11},{"not_picked":["champ:ShieldSigil","champ:FocusedDefense"],"picked":"champ:StanceDance","floor":12},{"not_picked":["champ:FaceSlap","champ:Shatter"],"picked":"champ:PerfectedStrike","floor":13},{"not_picked":["champ:ViciousMockery","champ:Parry"],"picked":"champ:Haymaker","floor":14},{"not_picked":["champ:Backstep","champ:GutPunch"],"picked":"champ:FlashCut","floor":15},{"not_picked":["champ:LastStand","champ:StrikeOfGenius"],"picked":"champ:SteelEdge","floor":16},{"not_picked":["champ:AdrenalArmor","champ:Haymaker"],"picked":"champ:BringItOn","floor":19},{"not_picked":["champ:ViciousMockery","champ:BladeFlurry"],"picked":"champ:RageSigil","floor":20},{"not_picked":["champ:StanceDance","champ:Backstep"],"picked":"champ:DefensiveStyle","floor":23},{"not_picked":["champ:StanceDance","champ:AdrenalArmor+1"],"picked":"champ:RisingSlash+1","floor":25},{"not_picked":["champ:Shatter+1","champ:SwordSigil"],"picked":"champ:IgnorePain","floor":27},{"not_picked":["champ:DefensiveShout","champ:CrownThrow+1"],"picked":"champ:ShieldWall","floor":29},{"not_picked":["champ:BerserkerStyle","champ:ArenaPreparation"],"picked":"champ:PreemptiveStrike","floor":32},{"not_picked":["champ:UltimateStance","champ:TripleStrike"],"picked":"champ:VampiricStrike","floor":33},{"not_picked":["champ:FocusedBerserking","champ:EnragedBash+1"],"picked":"champ:DefensiveShout+1","floor":37},{"not_picked":["expansioncontent:Hexaburn","expansioncontent:PolyBeam"],"picked":"expansioncontent:YouAreMine","floor":38},{"not_picked":["champ:PreciseThrust+1","champ:ShieldSlam"],"picked":"champ:GladiatorForm","floor":39},{"not_picked":["champ:StanceDance","champ:ShieldSigil+1","champ:FancyFootwork"],"picked":"SKIP","floor":40},{"not_picked":["champ:ViciousMockery+1","champ:BladeFlurry+1"],"picked":"champ:SwordSigil+1","floor":42},{"not_picked":["champ:RapidStrikes","champ:StrikeOfGenius"],"picked":"champ:VampiricStrike","floor":43},{"not_picked":["champ:EndlessRage","champ:Backstep"],"picked":"champ:PreciseThrust+1","floor":44},{"not_picked":["champ:Circumvent","champ:FlashCut","champ:EnragedBash+1"],"picked":"SKIP","floor":46},{"not_picked":["champ:Circumvent+1","champ:ArenaPreparation"],"picked":"champ:SwordSigil+1","floor":47},{"not_picked":["champ:StanceDance+1","champ:FanOfKnives","champ:RisingSlash"],"picked":"SKIP","floor":49}],"player_experience":850070,"relics_obtained":[{"floor":7,"key":"Ancient Tea Set"},{"floor":10,"key":"Akabeko"},{"floor":12,"key":"CloakClasp"},{"floor":13,"key":"Bottled Tornado"},{"floor":22,"key":"Meat on the Bone"},{"floor":23,"key":"Old Coin"},{"floor":24,"key":"Matryoshka"},{"floor":41,"key":"Regal Pillow"},{"floor":43,"key":"Blood Vial"},{"floor":48,"key":"Lantern"},{"floor":48,"key":"Potion Belt"}],"event_choices":[{"damage_healed":0,"gold_gain":0,"player_choice":"Inject Mutagens","damage_taken":0,"relics_obtained":["MutagenicStrength"],"max_hp_gain":0,"max_hp_loss":0,"event_name":"Drug Dealer","floor":21,"gold_loss":0},{"damage_healed":0,"gold_gain":0,"player_choice":"Became a vampire","damage_taken":0,"max_hp_gain":0,"max_hp_loss":28,"event_name":"Vampires","floor":26,"gold_loss":0,"cards_obtained":["Bite","Bite","Bite","Bite","Bite"]},{"cards_removed":["Bite"],"damage_healed":0,"gold_gain":0,"player_choice":"Removed Attack","damage_taken":0,"max_hp_gain":0,"max_hp_loss":0,"event_name":"Falling","floor":36,"gold_loss":0}],"is_beta":false,"boss_relics":[{"not_picked":["Empty Cage","Calling Bell"],"picked":"Velvet Choker"},{"not_picked":["Coffee Dripper","Pandora\u0027s Box"],"picked":"Cursed Key"}],"items_purged_floors":[9,27,47],"is_endless":false,"potions_floor_spawned":[2,5,11,13,14,20,32,33,40,43,44],"killed_by":"downfall:CharBossMerchant","ascension_level":2}}