{"host":"c3lc60y5x60jlt1y","time":1611578545,"event":{"mods":["AchievementEnabler","BaseMod","Bestiary","Colored Map","Minty Spire (QoL Compilation)","Quick Restart","StSLib","ojb\u0027s Info Mod"],"gold_per_floor":[118,268,343,343,394,421,433,47,47,82,93,93,112,126,126,205,205,217,197,212,225,241,241,268,268,316,346,346,346,377,3,3,78,78,92,104,104,117,117,149,165,165,165],"floor_reached":42,"language":"ENG","playtime":8708,"items_purged":["Strike_B","Strike_B"],"score":1042,"play_id":"11bbc051-0b1b-45d4-888f-7dd0aa1cc2ac","local_time":"20210125144225","is_ascension_mode":true,"campfire_choices":[{"data":"Apotheosis","floor":12.0,"key":"SMITH"},{"floor":15.0,"key":"REST"},{"data":"Undo","floor":23.0,"key":"SMITH"},{"floor":25.0,"key":"REST"},{"floor":29.0,"key":"REST"},{"floor":32.0,"key":"REST"}],"circlet_count":0,"master_deck":["AscendersBane","Strike_B+1","Defend_B","Defend_B","Defend_B","Defend_B","Zap","Dualcast","Static Discharge","Skim","Undo+1","Chill","Apotheosis+1","FTL","Hyperbeam","Ball Lightning","Beam Cell","Auto Shields","Electrodynamics","Sweeping Beam","Consume","Coolheaded","Compile Driver+1","Creative AI+1","Glacier","Fusion","Enlightenment","Hologram","Thunder Strike","Chill"],"relics":["Cracked Core","NeowsBlessing","Whetstone","Dead Branch","Shuriken","Blood Vial","Nuclear Battery","Singing Bowl","Dream Catcher","White Beast Statue","Smiling Mask","HandDrill","Fusion Hammer","Pantograph"],"acts_visited":["Exordium","TheCity","TheBeyond"],"potions_floor_usage":[38,40,42,42],"damage_taken":[{"damage":0.0,"enemies":"Small Slimes","floor":1.0,"turns":1.0},{"damage":0.0,"enemies":"3 Sentries","floor":6.0,"turns":2.0},{"damage":0.0,"enemies":"2 Louse","floor":7.0,"turns":1.0},{"damage":32.0,"enemies":"Gremlin Nob","floor":10.0,"turns":4.0},{"damage":5.0,"enemies":"Jaw Worm","floor":11.0,"turns":3.0},{"damage":15.0,"enemies":"3 Louse","floor":13.0,"turns":1.0},{"damage":0.0,"enemies":"Lots of Slimes","floor":14.0,"turns":3.0},{"damage":7.0,"enemies":"Slime Boss","floor":16.0,"turns":5.0},{"damage":5.0,"enemies":"Chosen","floor":18.0,"turns":5.0},{"damage":3.0,"enemies":"3 Byrds","floor":20.0,"turns":4.0},{"damage":5.0,"enemies":"Shelled Parasite and Fungi","floor":21.0,"turns":2.0},{"damage":5.0,"enemies":"Centurion and Healer","floor":22.0,"turns":5.0},{"damage":24.0,"enemies":"Slavers","floor":24.0,"turns":4.0},{"damage":2.0,"enemies":"Gremlin Leader","floor":27.0,"turns":4.0},{"damage":56.0,"enemies":"Book of Stabbing","floor":30.0,"turns":5.0},{"damage":33.0,"enemies":"Automaton","floor":33.0,"turns":10.0},{"damage":13.0,"enemies":"3 Darklings","floor":35.0,"turns":3.0},{"damage":4.0,"enemies":"Orb Walker","floor":36.0,"turns":4.0},{"damage":22,"enemies":"Transient","floor":38,"turns":6},{"damage":27,"enemies":"Reptomancer","floor":40,"turns":7},{"damage":6,"enemies":"3 Darklings","floor":41,"turns":3},{"damage":91,"enemies":"Giant Head","floor":42,"turns":8}],"seed_played":"-575344442589391795","potions_obtained":[{"floor":1.0,"key":"SpeedPotion"},{"floor":10.0,"key":"Fruit Juice"},{"floor":11.0,"key":"EssenceOfDarkness"},{"floor":13.0,"key":"EssenceOfSteel"},{"floor":16.0,"key":"SkillPotion"},{"floor":19.0,"key":"AttackPotion"},{"floor":22.0,"key":"BlessingOfTheForge"},{"floor":24.0,"key":"FearPotion"},{"floor":30.0,"key":"LiquidMemories"},{"floor":33.0,"key":"Swift Potion"},{"floor":35.0,"key":"PotionOfCapacity"},{"floor":36.0,"key":"Dexterity Potion"},{"floor":38,"key":"Block Potion"},{"floor":40,"key":"Energy Potion"},{"floor":41,"key":"Swift Potion"}],"is_trial":false,"path_per_floor":["M","?","?","?","T","E","M","$","T","E","M","R","M","M","R","B",null,"M","?","M","M","M","R","E","R","T","E","?","R","E","$","R","B",null,"M","M","?","M","?","E","M","E"],"character_chosen":"DEFECT","items_purchased":["Chill","Apotheosis","FTL","Enlightenment","HandDrill","Hologram"],"campfire_rested":4,"item_purchase_floors":[8,8,8,31,31,31],"current_hp_per_floor":[64,64,53,46,46,46,46,46,46,14,11,11,3,5,27,22,63,60,60,59,56,53,53,31,53,53,53,53,75,20,20,44,13,62,53,51,51,33,67,42,40,0,0],"gold":165,"neow_bonus":"THREE_ENEMY_KILL","is_daily":false,"chose_seed":false,"campfire_upgraded":2,"win_rate":0.0,"timestamp":1611578545,"path_taken":["M","?","?","?","?","E","M","$","T","E","M","R","?","M","R","BOSS","M","?","?","M","M","R","E","R","T","E","?","R","E","$","R","BOSS","M","?","?","M","?","E","M","E"],"items_purchased_type":["Card","Card","Card","Card","Relic","Card"],"build_version":"2020-12-22","purchased_purges":2,"victory":false,"max_hp_per_floor":[71,71,71,71,71,71,71,71,71,71,71,71,76,76,76,76,76,76,76,76,76,76,76,76,76,76,76,76,76,76,76,78,78,78,80,80,80,82,67,69,71,71,71],"card_choices":[{"not_picked":["Tempest","Go for the Eyes"],"picked":"Static Discharge","floor":1.0},{"not_picked":["Hologram","Skim","Double Energy"],"picked":"SKIP","floor":6.0},{"not_picked":["Hologram","Double Energy"],"picked":"Skim","floor":6.0},{"not_picked":["Static Discharge","Capacitor"],"picked":"Undo","floor":7.0},{"not_picked":["Streamline","Double Energy"],"picked":"Hyperbeam","floor":10.0},{"not_picked":["Turbo","Go for the Eyes"],"picked":"Ball Lightning","floor":11.0},{"not_picked":["Biased Cognition","Barrage"],"picked":"Beam Cell","floor":13.0},{"not_picked":["FTL","Ball Lightning"],"picked":"Auto Shields","floor":14.0},{"not_picked":["Reboot","All For One"],"picked":"Electrodynamics","floor":16.0},{"not_picked":["Beam Cell","Gash","Redo"],"picked":"SKIP","floor":18.0},{"not_picked":["Steam","Gash"],"picked":"Sweeping Beam","floor":20.0},{"not_picked":["Hologram+1","Steam+1"],"picked":"Consume","floor":21.0},{"not_picked":["Hologram","Chaos"],"picked":"Coolheaded","floor":22.0},{"not_picked":["Go for the Eyes+1","Ball Lightning"],"picked":"Compile Driver+1","floor":24.0},{"not_picked":["BootSequence","Leap"],"picked":"Creative AI","floor":27.0},{"not_picked":["Rebound","Gash"],"picked":"Glacier","floor":29.0},{"not_picked":["Coolheaded","Multi-Cast"],"picked":"Fusion","floor":30.0},{"not_picked":["Streamline","Hologram+1","Turbo"],"picked":"Singing Bowl","floor":32.0},{"not_picked":["Seek","Reboot"],"picked":"Thunder Strike","floor":33.0},{"not_picked":["Redo","Rebound+1","Cold Snap"],"picked":"Singing Bowl","floor":35.0},{"not_picked":["Compile Driver+1","Streamline"],"picked":"Chill","floor":36.0},{"not_picked":["Rebound+1","Chaos+1","Streamline+1"],"picked":"Singing Bowl","floor":38},{"not_picked":["Steam","Machine Learning","Genetic Algorithm"],"picked":"Singing Bowl","floor":40},{"not_picked":["Coolheaded","Genetic Algorithm","Sweeping Beam"],"picked":"Singing Bowl","floor":41}],"player_experience":8552490,"relics_obtained":[{"floor":5.0,"key":"Whetstone"},{"floor":6.0,"key":"Dead Branch"},{"floor":9.0,"key":"Shuriken"},{"floor":10.0,"key":"Blood Vial"},{"floor":24.0,"key":"Singing Bowl"},{"floor":26.0,"key":"Dream Catcher"},{"floor":27.0,"key":"White Beast Statue"},{"floor":30.0,"key":"Smiling Mask"},{"floor":40,"key":"Pantograph"}],"event_choices":[{"damage_healed":0.0,"max_hp_gain":0.0,"max_hp_loss":0.0,"gold_gain":150.0,"event_name":"Liars Game","player_choice":"AGREE","floor":2.0,"gold_loss":0.0,"damage_taken":0.0,"cards_obtained":["Doubt"]},{"damage_healed":0.0,"max_hp_gain":0.0,"max_hp_loss":0.0,"gold_gain":75.0,"event_name":"World of Goop","player_choice":"Gather Gold","floor":3.0,"gold_loss":0.0,"damage_taken":11.0},{"cards_removed":["Doubt"],"damage_healed":0.0,"max_hp_gain":0.0,"max_hp_loss":0.0,"gold_gain":0.0,"event_name":"Golden Wing","player_choice":"Card Removal","floor":4.0,"gold_loss":0.0,"damage_taken":7.0},{"damage_healed":0.0,"max_hp_gain":0.0,"max_hp_loss":0.0,"gold_gain":0.0,"event_name":"The Woman in Blue","player_choice":"Bought 1 Potion","floor":19.0,"gold_loss":0.0,"damage_taken":0.0},{"damage_healed":0.0,"max_hp_gain":0.0,"max_hp_loss":0.0,"gold_gain":0.0,"event_name":"Accursed Blacksmith","player_choice":"Forge","floor":28.0,"gold_loss":0.0,"damage_taken":0.0,"cards_upgraded":["Creative AI"]},{"cards_removed":["Strike_B"],"damage_healed":0.0,"max_hp_gain":0.0,"max_hp_loss":0.0,"gold_gain":0.0,"event_name":"Falling","player_choice":"Removed Attack","floor":37.0,"gold_loss":0.0,"damage_taken":0.0},{"damage_healed":67,"gold_gain":0,"player_choice":"Heal","damage_taken":0,"max_hp_gain":0,"max_hp_loss":15,"event_name":"The Moai Head","floor":39,"gold_loss":0}],"is_beta":false,"boss_relics":[{"not_picked":["Snecko Eye","Calling Bell"],"picked":"Nuclear Battery"},{"not_picked":["Cursed Key","Runic Pyramid"],"picked":"Fusion Hammer"}],"items_purged_floors":[8,31],"is_endless":false,"potions_floor_spawned":[1,10,11,13,16,18,22,24,30,33,35,36,38,40,41],"killed_by":"Giant Head","ascension_level":20}}