{"host":"a1eatafr7pisesky","time":1611582993,"event":{"mods":["AchievementEnabler","BaseMod","Colored Map","Keyboard Shortcuts","Minty Spire (QoL Compilation)","Say the Spire","StSLib","SuperFastMode","everything is the same but u backflip on backflip"],"gold_per_floor":[110,126,145,70,80,80,107,107,107,107,170,203,203,224,224,324,324,341,6,16,34,34,34,34,61,61,77,91,271,302,322,322,426,426,443,493,493,220,238,238,272,289,313,92,107,127,138,169,169,169,169,169,15,44,44],"floor_reached":56,"language":"KOR","playtime":1631,"items_purged":["Defend_R","Strike_R","Limit Break","Injury"],"score":1432,"play_id":"e9a5a12c-0f33-4e7d-9125-8d22ca15e4d2","local_time":"20210125225633","is_ascension_mode":false,"campfire_choices":[{"data":"Bash","floor":6.0,"key":"SMITH"},{"floor":8.0,"key":"REST"},{"data":"Corruption","floor":15.0,"key":"SMITH"},{"data":"Body Slam","floor":23.0,"key":"SMITH"},{"data":"Dark Embrace","floor":32.0,"key":"SMITH"},{"floor":49,"key":"RECALL"},{"data":"Evolve","floor":52,"key":"SMITH"}],"circlet_count":0,"master_deck":["Strike_R","Strike_R","Defend_R","Defend_R","Defend_R","Bash+1","Power Through","Cleave","Rage","Corruption+1","Body Slam+1","Pummel","Immolate","Dark Embrace+1","Double Tap","Ghostly","Ghostly","Ghostly","Ghostly","Ghostly","Sword Boomerang+1","Shrug It Off","Pommel Strike+1","Whirlwind+1","Barricade","Burning Pact","Fire Breathing","Sentinel+1","Fire Breathing+1","Evolve+1","Bloodletting+1","Flame Barrier+1"],"relics":["Burning Blood","Thread and Needle","Torii","Shuriken","Oddly Smooth Stone","Art of War","Odd Mushroom","SlaversCollar","Gremlin Horn","Regal Pillow","Molten Egg 2","Cursed Key","TungstenRod","Incense Burner","Vajra","Bottled Lightning","Medical Kit","White Beast Statue"],"acts_visited":["Exordium","TheCity","TheBeyond","TheEnding"],"potions_floor_usage":[55],"damage_taken":[{"damage":8.0,"enemies":"Small Slimes","floor":1.0,"turns":4.0},{"damage":13.0,"enemies":"Jaw Worm","floor":2.0,"turns":3.0},{"damage":11.0,"enemies":"2 Louse","floor":3.0,"turns":3.0},{"damage":12.0,"enemies":"2 Fungi Beasts","floor":5.0,"turns":3.0},{"damage":24.0,"enemies":"Gremlin Nob","floor":7.0,"turns":5.0},{"damage":7.0,"enemies":"3 Sentries","floor":11.0,"turns":7.0},{"damage":14.0,"enemies":"3 Sentries","floor":12.0,"turns":7.0},{"damage":16.0,"enemies":"The Mushroom Lair","floor":14.0,"turns":5.0},{"damage":19.0,"enemies":"Hexaghost","floor":16.0,"turns":8.0},{"damage":0.0,"enemies":"Spheric Guardian","floor":18.0,"turns":4.0},{"damage":16.0,"enemies":"2 Thieves","floor":20.0,"turns":2.0},{"damage":0.0,"enemies":"Snecko","floor":21.0,"turns":5.0},{"damage":2.0,"enemies":"Book of Stabbing","floor":25.0,"turns":6.0},{"damage":0.0,"enemies":"Snake Plant","floor":27.0,"turns":6.0},{"damage":0.0,"enemies":"Cultist and Chosen","floor":28.0,"turns":6.0},{"damage":0.0,"enemies":"Gremlin Leader","floor":30.0,"turns":5.0},{"damage":0.0,"enemies":"Snecko","floor":31.0,"turns":5.0},{"damage":6.0,"enemies":"Collector","floor":33.0,"turns":7.0},{"damage":21.0,"enemies":"3 Shapes","floor":35.0,"turns":3.0},{"damage":0.0,"enemies":"Mind Bloom Boss Battle","floor":36.0,"turns":5.0},{"damage":0.0,"enemies":"3 Darklings","floor":39.0,"turns":5.0},{"damage":0.0,"enemies":"Reptomancer","floor":41.0,"turns":5.0},{"damage":25.0,"enemies":"Transient","floor":42.0,"turns":5.0},{"damage":0.0,"enemies":"Writhing Mass","floor":45.0,"turns":5.0},{"damage":0.0,"enemies":"4 Shapes","floor":46.0,"turns":2.0},{"damage":0.0,"enemies":"Jaw Worm Horde","floor":47.0,"turns":3.0},{"damage":11.0,"enemies":"Giant Head","floor":48.0,"turns":9.0},{"damage":30,"enemies":"Awakened One","floor":50,"turns":9},{"damage":0,"enemies":"Shield and Spear","floor":54,"turns":5},{"damage":0,"enemies":"The Heart","floor":55,"turns":8}],"seed_played":"1520489572996915205","potions_obtained":[{"floor":1.0,"key":"GamblersBrew"},{"floor":7.0,"key":"Explosive Potion"},{"floor":11.0,"key":"Swift Potion"},{"floor":14.0,"key":"AttackPotion"},{"floor":20.0,"key":"SpeedPotion"},{"floor":21.0,"key":"Dexterity Potion"},{"floor":28.0,"key":"Fire Potion"},{"floor":31.0,"key":"PowerPotion"},{"floor":36.0,"key":"DistilledChaos"},{"floor":41.0,"key":"BloodPotion"},{"floor":54,"key":"Weak Potion"}],"is_trial":false,"path_per_floor":["M","M","M","$","M","R","E","R","T","?","?","E","?","?","R","B",null,"M","$","M","M","?","R","T","E","T","M","M","?","E","M","R","B",null,"M","?","?","$","M","?","E","M","T","$","M","M","M","E","R","B",null,"R","$","E","B",null],"character_chosen":"IRONCLAD","items_purchased":["Double Tap","DuplicationPotion","Fire Breathing","Ancient Potion","Evolve","Medical Kit"],"campfire_rested":1,"item_purchase_floors":[19,19,38,38,44,53],"current_hp_per_floor":[78,71,66,66,60,60,42,66,66,41,40,32,37,27,27,14,85,85,85,75,81,42,42,42,42,42,42,42,23,29,35,35,35,42,27,33,33,33,39,36,42,23,23,23,29,35,41,36,36,12,42,42,42,42,42],"gold":44,"neow_bonus":"REMOVE_CARD","is_daily":false,"chose_seed":false,"campfire_upgraded":5,"win_rate":0.0,"timestamp":1611582993,"path_taken":["M","M","M","$","M","R","E","R","T","?","?","E","?","?","R","BOSS","M","$","M","M","?","R","?","E","T","?","M","?","E","?","R","BOSS","M","?","?","$","?","?","E","M","T","$","M","M","M","E","R","BOSS","R","$","E","BOSS"],"items_purchased_type":["Card","Potion","Card","Potion","Card","Relic"],"build_version":"2020-12-22","purchased_purges":4,"victory":true,"max_hp_per_floor":[80,80,80,80,80,80,80,80,80,80,80,80,85,85,85,85,85,85,85,85,85,42,42,42,42,42,42,42,42,42,42,42,42,42,42,42,42,42,42,42,42,42,42,42,42,42,42,42,42,42,42,42,42,42,42],"card_choices":[{"not_picked":["Metallicize","Rupture","Perfected Strike"],"picked":"SKIP","floor":1.0},{"not_picked":["Clash","Shrug It Off"],"picked":"Power Through","floor":2.0},{"not_picked":["Perfected Strike","Iron Wave"],"picked":"Cleave","floor":3.0},{"not_picked":["Warcry","Sword Boomerang"],"picked":"Rage","floor":5.0},{"not_picked":["Sever Soul","Rage"],"picked":"Corruption","floor":7.0},{"not_picked":["Carnage","Clothesline"],"picked":"Body Slam","floor":11.0},{"not_picked":["Power Through","Iron Wave"],"picked":"Pummel","floor":12.0},{"not_picked":["Corruption","Reaper"],"picked":"Immolate","floor":16.0},{"not_picked":["True Grit","Heavy Blade"],"picked":"Dark Embrace","floor":18.0},{"not_picked":["Warcry","Clash","Headbutt+1"],"picked":"SKIP","floor":20.0},{"not_picked":["Blood for Blood","Bloodletting","Clothesline"],"picked":"SKIP","floor":21.0},{"not_picked":["Combust","Rage"],"picked":"Sword Boomerang+1","floor":25.0},{"not_picked":["Hemokinesis","Sword Boomerang+1"],"picked":"Shrug It Off","floor":27.0},{"not_picked":["Anger","Havoc"],"picked":"Pommel Strike+1","floor":28.0},{"not_picked":["Wild Strike+1","Iron Wave+1","Perfected Strike+1"],"picked":"SKIP","floor":30.0},{"not_picked":["Entrench+1","Sword Boomerang+1"],"picked":"Whirlwind+1","floor":31.0},{"not_picked":["Corruption","Impervious"],"picked":"Barricade","floor":33.0},{"not_picked":["Heavy Blade+1","Anger+1","Intimidate+1"],"picked":"SKIP","floor":35.0},{"not_picked":["Cleave+1","Twin Strike+1"],"picked":"Burning Pact","floor":36.0},{"not_picked":["Havoc","Rage","Anger+1"],"picked":"SKIP","floor":39.0},{"not_picked":["Heavy Blade+1","Pommel Strike+1"],"picked":"Sentinel+1","floor":41.0},{"not_picked":["Blood for Blood+1","Sword Boomerang+1"],"picked":"Fire Breathing+1","floor":42.0},{"not_picked":["Armaments","Iron Wave+1","Sever Soul+1"],"picked":"SKIP","floor":45.0},{"not_picked":["Ghostly Armor+1","Reckless Charge+1"],"picked":"Bloodletting+1","floor":46.0},{"not_picked":["True Grit","Whirlwind+1","Infernal Blade"],"picked":"SKIP","floor":47.0},{"not_picked":["Bloodletting","Combust+1","Demon Form"],"picked":"SKIP","floor":48},{"not_picked":["Inflame+1","Battle Trance+1"],"picked":"Flame Barrier+1","floor":54}],"player_experience":353457,"relics_obtained":[{"floor":7.0,"key":"Thread and Needle"},{"floor":9.0,"key":"Torii"},{"floor":12.0,"key":"Art of War"},{"floor":14.0,"key":"Odd Mushroom"},{"floor":24.0,"key":"Gremlin Horn"},{"floor":25.0,"key":"Regal Pillow"},{"floor":30.0,"key":"Molten Egg 2"},{"floor":36.0,"key":"TungstenRod"},{"floor":41.0,"key":"Incense Burner"},{"floor":43.0,"key":"Vajra"},{"floor":48,"key":"Bottled Lightning"},{"floor":54,"key":"White Beast Statue"}],"event_choices":[{"damage_healed":0.0,"max_hp_gain":0.0,"max_hp_loss":0.0,"gold_gain":0.0,"event_name":"Scrap Ooze","player_choice":"Success","floor":10.0,"gold_loss":0.0,"damage_taken":25.0,"relics_obtained":["Shuriken"]},{"damage_healed":0.0,"max_hp_gain":0.0,"max_hp_loss":0.0,"gold_gain":0.0,"event_name":"Dead Adventurer","player_choice":"Searched \u00272\u0027 times","floor":11.0,"gold_loss":0.0,"damage_taken":0.0,"relics_obtained":["Oddly Smooth Stone"]},{"damage_healed":0.0,"max_hp_gain":5.0,"max_hp_loss":0.0,"gold_gain":0.0,"event_name":"Big Fish","player_choice":"Donut","floor":13.0,"gold_loss":0.0,"damage_taken":0.0},{"damage_healed":0.0,"max_hp_gain":0.0,"max_hp_loss":0.0,"gold_gain":0.0,"event_name":"Mushrooms","player_choice":"Fought Mushrooms","floor":14.0,"gold_loss":0.0,"damage_taken":0.0},{"damage_healed":0.0,"max_hp_gain":0.0,"max_hp_loss":43.0,"gold_gain":0.0,"event_name":"Ghosts","player_choice":"Became a Ghost","floor":22.0,"gold_loss":0.0,"damage_taken":0.0,"cards_obtained":["Ghostly","Ghostly","Ghostly","Ghostly","Ghostly"]},{"damage_healed":0.0,"max_hp_gain":0.0,"max_hp_loss":0.0,"gold_gain":180.0,"event_name":"Knowing Skull","player_choice":"GOLD GOLD ","floor":29.0,"potions_obtained":[],"gold_loss":0.0,"damage_taken":19.0,"cards_obtained":[]},{"damage_healed":0.0,"max_hp_gain":0.0,"max_hp_loss":0.0,"gold_gain":0.0,"event_name":"MindBloom","player_choice":"Fight","floor":36.0,"gold_loss":0.0,"damage_taken":0.0},{"damage_healed":0.0,"max_hp_gain":0.0,"max_hp_loss":0.0,"gold_gain":0.0,"cards_transformed":["Strike_R"],"event_name":"Transmorgrifier","player_choice":"Transformed","floor":37.0,"gold_loss":0.0,"damage_taken":0.0,"cards_obtained":["Limit Break"]},{"damage_healed":0.0,"max_hp_gain":0.0,"max_hp_loss":0.0,"gold_gain":0.0,"event_name":"Wheel of Change","player_choice":"Damaged","floor":40.0,"gold_loss":0.0,"damage_taken":4.0}],"is_beta":false,"boss_relics":[{"not_picked":["Sozu","Calling Bell"],"picked":"SlaversCollar"},{"not_picked":["Empty Cage","Philosopher\u0027s Stone"],"picked":"Cursed Key"}],"items_purged_floors":[4,19,38,44],"is_endless":false,"potions_floor_spawned":[1,7,11,14,20,21,28,31,36,41,54],"ascension_level":0}}