{"host":"dztixnx9b0gu6w9i","time":1611606128,"event":{"mods":["BaseMod","Bestiary","Minty Spire (QoL Compilation)","Relic Stats","Slay the Relics Exporter","SpireBot","ojb\u0027s Better Paths Mod","ojb\u0027s Info Mod"],"gold_per_floor":[110,35,35,50,60,60,86,105,105,131,131,181,214,224,224,303,303,323,350,20,20,32,32,60,60,110,110,124,159,80,96,96,175,175,192,192,192,211,433,466,479,479,505,537,146,160,185,219,219,219,219,219,219,47,74,74],"floor_reached":57,"language":"ENG","playtime":8138,"items_purged":["Decay"],"score":2942,"play_id":"1d4d25db-f527-418d-bd0a-f5a4ec4aab50","local_time":"20210125152208","is_ascension_mode":true,"campfire_choices":[{"data":"Twin Strike","floor":6.0,"key":"SMITH"},{"data":"Armaments","floor":11.0,"key":"SMITH"},{"data":"Carnage","floor":15,"key":"SMITH"},{"data":"Offering","floor":23,"key":"SMITH"},{"data":"Corruption","floor":25,"key":"SMITH"},{"data":"Disarm","floor":27,"key":"SMITH"},{"data":"Feel No Pain","floor":32,"key":"SMITH"},{"data":"Heavy Blade","floor":42,"key":"SMITH"},{"floor":49,"key":"RECALL"},{"data":"Pommel Strike","floor":53,"key":"SMITH"}],"circlet_count":0,"master_deck":["AscendersBane","Strike_R","Strike_R","Strike_R","Strike_R","Defend_R","Defend_R","Defend_R","Defend_R","Bash","Impervious","Pommel Strike+1","Twin Strike+1","Headbutt","Armaments+1","Shockwave","Offering+1","Carnage+1","Corruption+1","CurseOfTheBell","Twin Strike","Shockwave+1","Necronomicurse","Disarm+1","Shrug It Off+1","Feel No Pain+1","Disarm","Disarm","Impervious","Violence","Secret Technique","Thinking Ahead","True Grit+1","Heavy Blade+1","Exhume+1","Spot Weakness+1","Carnage","Offering+1","Flame Barrier+1"],"relics":["Burning Blood","Ancient Tea Set","Eternal Feather","Mango","Singing Bowl","Calling Bell","Happy Flower","Shuriken","Du-Vu Doll","Red Mask","PreservedInsect","Frozen Eye","Necronomicon","Juzu Bracelet","Omamori","Blood Vial","SlaversCollar","Toxic Egg 2","Oddly Smooth Stone","Toolbox","Magic Flower","Strawberry","Mummified Hand"],"acts_visited":["Exordium","TheCity","TheBeyond","TheEnding"],"potions_floor_usage":[14,16,19,22,28,29,35,56,56],"damage_taken":[{"damage":16.0,"enemies":"Jaw Worm","floor":1.0,"turns":6.0},{"damage":0.0,"enemies":"Small Slimes","floor":4.0,"turns":4.0},{"damage":2.0,"enemies":"Cultist","floor":5.0,"turns":4.0},{"damage":8.0,"enemies":"Gremlin Nob","floor":7.0,"turns":3.0},{"damage":13.0,"enemies":"Blue Slaver","floor":8.0,"turns":4.0},{"damage":20.0,"enemies":"Lagavulin","floor":10.0,"turns":5.0},{"damage":15.0,"enemies":"3 Sentries","floor":13.0,"turns":6.0},{"damage":6,"enemies":"3 Louse","floor":14,"turns":4},{"damage":26,"enemies":"Hexaghost","floor":16,"turns":7},{"damage":6,"enemies":"Chosen","floor":18,"turns":5},{"damage":13,"enemies":"Masked Bandits","floor":19,"turns":2},{"damage":9,"enemies":"2 Thieves","floor":22,"turns":3},{"damage":6,"enemies":"Gremlin Leader","floor":24,"turns":3},{"damage":10,"enemies":"Cultist and Chosen","floor":28,"turns":4},{"damage":6,"enemies":"Book of Stabbing","floor":29,"turns":3},{"damage":0,"enemies":"3 Cultists","floor":31,"turns":5},{"damage":13,"enemies":"Automaton","floor":33,"turns":5},{"damage":6,"enemies":"Orb Walker","floor":35,"turns":2},{"damage":18,"enemies":"3 Darklings","floor":38,"turns":3},{"damage":15,"enemies":"Giant Head","floor":40,"turns":3},{"damage":10,"enemies":"Spire Growth","floor":41,"turns":5},{"damage":8,"enemies":"Reptomancer","floor":44,"turns":4},{"damage":12,"enemies":"Transient","floor":46,"turns":6},{"damage":0,"enemies":"Mind Bloom Boss Battle","floor":47,"turns":6},{"damage":27,"enemies":"Nemesis","floor":48,"turns":3},{"damage":30,"enemies":"Donu and Deca","floor":50,"turns":8},{"damage":23,"enemies":"Awakened One","floor":51,"turns":9},{"damage":0,"enemies":"Shield and Spear","floor":55,"turns":3},{"damage":61,"enemies":"The Heart","floor":56,"turns":8}],"seed_played":"-3650136742515922456","potions_obtained":[{"floor":7.0,"key":"Swift Potion"},{"floor":8.0,"key":"Fire Potion"},{"floor":10.0,"key":"BloodPotion"},{"floor":14,"key":"LiquidMemories"},{"floor":16,"key":"SmokeBomb"},{"floor":18,"key":"EssenceOfSteel"},{"floor":19,"key":"Weak Potion"},{"floor":22,"key":"Fruit Juice"},{"floor":28,"key":"Swift Potion"},{"floor":33,"key":"DistilledChaos"},{"floor":40,"key":"Weak Potion"},{"floor":46,"key":"EssenceOfSteel"}],"is_trial":false,"path_per_floor":["M","$","?","M","M","R","E","M","T","E","R","?","E","M","R","B",null,"M","?","$","?","M","R","E","R","T","R","M","E","$","M","R","B",null,"M","?","?","M","?","E","M","R","T","E","$","M","?","E","R","B","B",null,"R","$","E","B",null],"character_chosen":"IRONCLAD","items_purchased":["PreservedInsect","Frozen Eye","Disarm","Exhume+1","Toolbox","Spot Weakness+1","Offering+1"],"campfire_rested":0,"item_purchase_floors":[20,20,30,45,45,45,54],"current_hp_per_floor":[58,58,51,57,61,61,59,52,52,52,61,53,44,61,70,50,79,79,72,72,51,50,62,62,74,74,86,87,87,87,95,96,89,94,98,98,88,78,78,73,71,89,89,91,91,87,97,91,112,92,81,105,113,113,113,61],"gold":74,"neow_bonus":"THREE_RARE_CARDS","is_daily":false,"chose_seed":false,"campfire_upgraded":9,"win_rate":0.0,"timestamp":1611606128,"path_taken":["M","$","?","M","M","R","E","M","T","E","R","?","E","M","R","BOSS","M","?","$","?","M","R","E","R","T","R","M","E","?","M","R","BOSS","M","?","?","M","?","E","M","R","T","E","?","M","?","E","R","BOSS","BOSS","R","$","E","BOSS"],"items_purchased_type":["Relic","Relic","Card","Card","Relic","Card","Card"],"build_version":"2020-12-22","purchased_purges":1,"victory":true,"max_hp_per_floor":[75,75,75,75,75,75,75,75,75,89,89,89,89,89,89,89,89,89,89,89,89,91,91,91,91,91,91,96,96,96,96,96,96,96,98,98,98,98,98,100,100,100,100,102,102,102,104,113,113,113,113,113,113,113,113,113],"relic_stats":{"Singing Bowl":12,"Happy Flower":[30],"counters":[29,133],"Magic Flower":[14],"Eternal Feather":102,"PreservedInsect":412,"Juzu Bracelet":1,"Burning Blood":180,"Blood Vial":23,"Shuriken":[35],"Mummified Hand":[1],"Necronomicon":[45],"obtain_stats":[{"Singing Bowl":13,"Happy Flower":17,"Oddly Smooth Stone":44,"Magic Flower":47,"Eternal Feather":9,"Mango":10,"PreservedInsect":20,"Juzu Bracelet":24,"Omamori":26,"Ancient Tea Set":7,"Burning Blood":0,"Calling Bell":17,"Du-Vu Doll":17,"Blood Vial":29,"Frozen Eye":20,"SlaversCollar":34,"Shuriken":17,"Mummified Hand":55,"Strawberry":48,"Toolbox":45,"Red Mask":19,"Necronomicon":21,"Toxic Egg 2":40},{"Singing Bowl":7,"Happy Flower":9,"Oddly Smooth Stone":22,"Magic Flower":24,"Eternal Feather":5,"Mango":6,"PreservedInsect":11,"Juzu Bracelet":13,"Omamori":13,"Ancient Tea Set":4,"Burning Blood":0,"Calling Bell":9,"Du-Vu Doll":9,"Blood Vial":15,"Frozen Eye":11,"SlaversCollar":17,"Shuriken":9,"Mummified Hand":28,"Strawberry":25,"Toolbox":22,"Red Mask":11,"Necronomicon":11,"Toxic Egg 2":20},{"Singing Bowl":32,"Happy Flower":43,"Oddly Smooth Stone":90,"Magic Flower":102,"Eternal Feather":21,"Mango":26,"PreservedInsect":50,"Juzu Bracelet":56,"Omamori":56,"Ancient Tea Set":17,"Burning Blood":0,"Calling Bell":43,"Du-Vu Doll":43,"Blood Vial":63,"Frozen Eye":50,"SlaversCollar":73,"Shuriken":43,"Mummified Hand":125,"Strawberry":105,"Toolbox":90,"Red Mask":50,"Necronomicon":50,"Toxic Egg 2":81}]},"card_choices":[{"not_picked":["Bludgeon","Barricade"],"picked":"Impervious","floor":0.0},{"not_picked":["Flex","Rampage"],"picked":"Pommel Strike","floor":1.0},{"not_picked":["Intimidate","Seeing Red"],"picked":"Twin Strike","floor":4.0},{"not_picked":["Wild Strike","Clash"],"picked":"Headbutt","floor":5.0},{"not_picked":["Havoc","Flex"],"picked":"Armaments","floor":7.0},{"not_picked":["Dark Embrace","Perfected Strike","Headbutt"],"picked":"SKIP","floor":8.0},{"not_picked":["Twin Strike","Clothesline"],"picked":"Shockwave","floor":10.0},{"not_picked":["Seeing Red","Clothesline"],"picked":"Offering","floor":13.0},{"not_picked":["Rampage","Sever Soul"],"picked":"Carnage","floor":14},{"not_picked":["Impervious","Juggernaut"],"picked":"Corruption","floor":16},{"not_picked":["Thunderclap","Metallicize"],"picked":"Twin Strike","floor":18},{"not_picked":["Iron Wave","Armaments"],"picked":"Shockwave+1","floor":19},{"not_picked":["Pommel Strike","True Grit","Havoc"],"picked":"Singing Bowl","floor":22},{"not_picked":["Anger+1","Thunderclap"],"picked":"Disarm","floor":24},{"not_picked":["Combust","Inflame"],"picked":"Shrug It Off+1","floor":28},{"not_picked":["Pommel Strike","Anger"],"picked":"Feel No Pain","floor":29},{"not_picked":["Entrench","Clash"],"picked":"Disarm","floor":31},{"not_picked":["Feed","Bludgeon"],"picked":"Impervious","floor":33},{"not_picked":["Metallicize","Thunderclap","Rage"],"picked":"Singing Bowl","floor":35},{"not_picked":["Impatience","Transmutation"],"picked":"Violence","floor":37},{"not_picked":["Madness","Mind Blast"],"picked":"Secret Technique","floor":37},{"not_picked":["Trip","Magnetism"],"picked":"Thinking Ahead","floor":37},{"not_picked":["Twin Strike","Iron Wave"],"picked":"True Grit+1","floor":38},{"not_picked":["Inflame","Clash","Wild Strike"],"picked":"Singing Bowl","floor":40},{"not_picked":["Pommel Strike","Combust"],"picked":"Heavy Blade","floor":41},{"not_picked":["Combust+1","Headbutt","Perfected Strike"],"picked":"Singing Bowl","floor":44},{"not_picked":["Inflame","Pommel Strike"],"picked":"Carnage","floor":46},{"not_picked":["Clash+1","Perfected Strike","Armaments+1"],"picked":"Singing Bowl","floor":47},{"not_picked":["Clash","Thunderclap","Intimidate+1"],"picked":"Singing Bowl","floor":48},{"not_picked":["Blood for Blood","Pommel Strike"],"picked":"Flame Barrier+1","floor":55}],"player_experience":8303878,"relics_obtained":[{"floor":7.0,"key":"Ancient Tea Set"},{"floor":9.0,"key":"Eternal Feather"},{"floor":10.0,"key":"Mango"},{"floor":13.0,"key":"Singing Bowl"},{"floor":17,"key":"Happy Flower"},{"floor":17,"key":"Shuriken"},{"floor":17,"key":"Du-Vu Doll"},{"floor":19,"key":"Red Mask"},{"floor":21,"key":"Necronomicon"},{"floor":24,"key":"Juzu Bracelet"},{"floor":26,"key":"Omamori"},{"floor":29,"key":"Blood Vial"},{"floor":40,"key":"Toxic Egg 2"},{"floor":44,"key":"Oddly Smooth Stone"},{"floor":47,"key":"Magic Flower"},{"floor":48,"key":"Strawberry"},{"floor":55,"key":"Mummified Hand"}],"event_choices":[{"cards_removed":["Strike_R"],"damage_healed":0.0,"max_hp_gain":0.0,"max_hp_loss":0.0,"gold_gain":0.0,"event_name":"Golden Wing","player_choice":"Card Removal","floor":3.0,"gold_loss":0.0,"damage_taken":7.0},{"damage_healed":0.0,"max_hp_gain":0.0,"max_hp_loss":0.0,"gold_gain":50.0,"event_name":"FaceTrader","player_choice":"Touch","floor":12.0,"gold_loss":0.0,"damage_taken":8.0},{"damage_healed":0,"gold_gain":0,"player_choice":"Fought Bandits","damage_taken":0,"max_hp_gain":0,"max_hp_loss":0,"event_name":"Masked Bandits","floor":19,"gold_loss":0},{"damage_healed":0,"gold_gain":0,"player_choice":"Obtained Book","damage_taken":21,"max_hp_gain":0,"max_hp_loss":0,"event_name":"Cursed Tome","floor":21,"gold_loss":0},{"damage_healed":20,"gold_gain":0,"player_choice":"Writhe","damage_taken":0,"max_hp_gain":0,"max_hp_loss":0,"event_name":"Winding Halls","floor":36,"gold_loss":0,"cards_obtained":["Writhe"]},{"damage_healed":0,"gold_gain":0,"player_choice":"Memory 3","damage_taken":10,"max_hp_gain":0,"max_hp_loss":0,"event_name":"SensoryStone","floor":37,"gold_loss":0},{"damage_healed":0,"gold_gain":222,"player_choice":"Wore Mask","damage_taken":0,"max_hp_gain":0,"max_hp_loss":0,"event_name":"Tomb of Lord Red Mask","floor":39,"gold_loss":0},{"damage_healed":0,"gold_gain":0,"player_choice":"Fight","damage_taken":0,"max_hp_gain":0,"max_hp_loss":0,"event_name":"MindBloom","floor":47,"gold_loss":0}],"is_beta":false,"boss_relics":[{"not_picked":["Sozu","Empty Cage"],"picked":"Calling Bell"},{"not_picked":["Busted Crown","Velvet Choker"],"picked":"SlaversCollar"}],"items_purged_floors":[2],"is_endless":false,"potions_floor_spawned":[7,8,10,14,16,18,19,22,28,33,40,46,47],"ascension_level":20}}