{"host":"f4xk8spljo3akohx","time":1611563877,"event":{"mods":["Act Like it!","Arknights The Spire","BaseMod","Better Third Choice","Downfall","Ekko","Gensokyo","GifTheSpireLib","Hallownest","Hermit","Highlight Path","Luminous","Marisa£®ÏF”Í°°ƒß¿Ì…≥£©","Minty Spire (QoL Compilation)","Quick Restart","Reimu£®≤©¿ˆ¡È√Œ£©","Remilia£®¿Ÿ√◊¿Ú—«£©","Replay The Spire","StSLib","The Bug Knight","The Cursed","The Marked","The Runesmith","The Senshi","The Servant 0.9.4","Waifu the Spire","WarShipGirlsR/’ΩΩ¢…Ÿ≈ÆR mod","Yakumo Yukari mod","Youmu£®ªÍ∆«—˝√Œ£©","Yuyuko","°æ“≈ŒÔø®≈∆°øREMEMod"],"gold_per_floor":[112,42,60,79,91,120,120,72,72,72,72,72,72],"floor_reached":12,"language":"ZHS","playtime":496,"items_purged":[],"score":78,"play_id":"357fdcce-d307-4b73-b805-aab7cd0afaf6","local_time":"20210125163757","is_ascension_mode":false,"campfire_choices":[{"data":"ats:Ignite","floor":7.0,"key":"SMITH"},{"data":"ats:Calcification","floor":10.0,"key":"SMITH"}],"circlet_count":0,"master_deck":["ats:Strike C+1","ats:Strike G","ats:Strike S","ats:Strike V","ats:Armor Crushing Shot","ats:Defend+1","ats:Defend","ats:Defend","ats:Defend","ats:Emotion Absorption","ats:Ignite+1","ats:Closed Bolt Burst Fire","ats:Apocalypse","ats:Poison Spread","ats:Calcification+1","Gensokyo:Shovel"],"relics":["ats:Sanity","REME_ComplimentaryCards","NeowsBlessing","ats:Originium","RuthlessExorcism:ReiMu","HollowMod:StagPassRelic","Gensokyo:PortableGap"],"acts_visited":["Gensokyo:Gensokyo"],"potions_floor_usage":[12],"damage_taken":[{"damage":0.0,"enemies":"Gensokyo:Gryphon","floor":1.0,"turns":1.0},{"damage":0.0,"enemies":"Gensokyo:2_Kodama","floor":3.0,"turns":1.0},{"damage":0.0,"enemies":"Gensokyo:Python","floor":4.0,"turns":1.0},{"damage":8.0,"enemies":"Gensokyo:Kitsune","floor":5.0,"turns":4.0},{"damage":43.0,"enemies":"Gensokyo:Aya","floor":6.0,"turns":6.0},{"damage":57,"enemies":"Gensokyo:Cirno","floor":12,"turns":11}],"seed_played":"-2024931135860832580","potions_obtained":[{"floor":5.0,"key":"SpeedPotion"}],"is_trial":false,"path_per_floor":["M","?","M","M","M","E","R","COS","T","R","?","E"],"character_chosen":"DOCTOR_CLASS","items_purchased":[],"campfire_rested":0,"item_purchase_floors":[],"current_hp_per_floor":[72,72,72,72,66,33,33,33,33,33,33,0,0],"gold":72,"neow_bonus":"THREE_ENEMY_KILL","is_daily":false,"chose_seed":false,"campfire_upgraded":2,"win_rate":0.0,"timestamp":1611563877,"path_taken":["M","?","M","M","M","E","R","COS","T","R","?","E"],"items_purchased_type":[],"build_version":"2020-12-22","purchased_purges":0,"victory":false,"max_hp_per_floor":[72,72,72,72,72,72,72,72,72,72,65,65,65],"card_choices":[{"not_picked":["ats:Apocalypse","ats:Flexible Camouflage"],"picked":"ats:Ignite","floor":1.0},{"not_picked":["ats:Directed Diagnosis","ats:Revitalization"],"picked":"ats:Closed Bolt Burst Fire","floor":3.0},{"not_picked":["ats:Shell Defense","ats:Assault Order"],"picked":"ats:Apocalypse","floor":4.0},{"not_picked":["ats:Revitalization","ats:Directed Diagnosis"],"picked":"ats:Poison Spread","floor":5.0},{"not_picked":["ats:Encircling Forest","ats:Part Time Job"],"picked":"ats:Calcification","floor":6.0}],"player_experience":67118,"relics_obtained":[{"floor":6.0,"key":"ats:Originium"},{"floor":6.0,"key":"RuthlessExorcism:ReiMu"},{"floor":9.0,"key":"HollowMod:StagPassRelic"}],"event_choices":[],"is_beta":false,"boss_relics":[],"items_purged_floors":[],"is_endless":false,"potions_floor_spawned":[5],"killed_by":"Gensokyo:Cirno","ascension_level":0}}