{"host":"ygf22gznhdznt0qf","time":1611549591,"event":{"mods":["10 clothes from DAL","Act Like it!","Arknights The Spire","Ascension Reborn","BaseMod","Library of Ruina","Library of Ruina Extra","Lobotomy","LobotomyExtend","Minty Spire (QoL Compilation)","Quick Restart","StSLib","TestMod","The Runesmith","Waifu the Spire","【功能Mod】聪明的最终Boss","篝火指南"],"gold_per_floor":[120,134,146,162,182,182,182],"floor_reached":6,"language":"ZHS","playtime":419,"items_purged":[],"score":42,"play_id":"1decfda2-b832-43d5-bba3-722c8bb928ab","local_time":"20210125123951","is_ascension_mode":true,"campfire_choices":[],"circlet_count":0,"master_deck":["SpecialBullet","SpecialBullet","SpecialBullet","SpecialBullet","SpecialBullet","SpecialBullet","SpecialBullet","SpecialBullet","ControlCode","InformationCode","CentralCode","PunishingBird","Laetitia_ego","UniverseFragment","CherryBlossom","CUTE","Harvest","Diffraction"],"relics":["CogitoBucket","testmod-TestBox","testmod-Fortitude","LetterFromLob"],"acts_visited":["Exordium"],"potions_floor_usage":[],"damage_taken":[{"damage":0,"enemies":"2 Louse","floor":1,"turns":2},{"damage":6,"enemies":"Small Slimes","floor":2,"turns":3},{"damage":1,"enemies":"Cultist","floor":3,"turns":3},{"damage":5,"enemies":"2 Fungi Beasts","floor":4,"turns":3},{"damage":26,"enemies":"Gremlin Gang","floor":5,"turns":4},{"damage":48,"enemies":"3 Sentries","floor":6,"turns":4}],"seed_played":"8539043560264440283","potions_obtained":[{"floor":0,"key":"DistilledChaos"},{"floor":0,"key":"testmod-EscapePotion"},{"floor":0,"key":"GamblersBrew"}],"is_trial":false,"path_per_floor":["M","M","M","M","M","E"],"character_chosen":"Angela","items_purchased":[],"campfire_rested":0,"item_purchase_floors":[],"current_hp_per_floor":[70,64,63,58,34,0,0],"gold":182,"neow_bonus":"THREE_SMALL_POTIONS","is_daily":false,"chose_seed":false,"campfire_upgraded":0,"win_rate":0.0,"timestamp":1611549591,"path_taken":["M","M","M","M","M","E"],"items_purchased_type":[],"build_version":"2020-12-22","purchased_purges":0,"victory":false,"max_hp_per_floor":[70,70,70,70,70,70,70],"card_choices":[{"not_picked":["Bloodbath","SpiderBud"],"picked":"PunishingBird","floor":1},{"not_picked":["Noise"],"picked":"Laetitia_ego","floor":1},{"not_picked":["QueenBee","MHz"],"picked":"UniverseFragment","floor":2},{"not_picked":["Penitence"],"picked":"CherryBlossom","floor":2},{"not_picked":["Rudolta","OSAHOGD"],"picked":"Mercenary","floor":3},{"not_picked":["SomewhereSpear"],"picked":"CUTE","floor":3},{"not_picked":["BeautyBeast","MeatLantern"],"picked":"LongBird","floor":4},{"not_picked":["Noise"],"picked":"Harvest","floor":4},{"not_picked":["MeatLantern","Murderer"],"picked":"DespairKnight","floor":5},{"not_picked":["Discord"],"picked":"Diffraction","floor":5}],"player_experience":59061,"relics_obtained":[{"floor":2,"key":"LetterFromLob"}],"event_choices":[],"is_beta":false,"boss_relics":[],"items_purged_floors":[],"is_endless":false,"potions_floor_spawned":[1,3],"killed_by":"3 Sentries","ascension_level":1}}