{"host":"6p0attdrtjqaih7v","time":1611541252,"event":{"mods":["2.2 Compatiblity","AchievementEnabler","Bard","BaseMod","Better Skull","Better Third Choice","Colored Powertips","Hermit","Highlight Path","Jorbs\u0027s Wanderer Trilogy","Key Reminder","Minty Spire (QoL Compilation)","Permanent Neow","Quick Restart","Random Character Button","Relic Stats","Replay The Spire","Robot Space Explorer","StSLib"],"gold_per_floor":[114,189,27,47,61,87,87,45,70,70,70,30,61,84,84,175,175,198,211,211,225,140,140,140,140],"floor_reached":24,"language":"ENG","playtime":1146,"items_purged":[],"score":408,"play_id":"249fbefc-3647-4430-adf6-866964fcd247","local_time":"20210124212052","is_ascension_mode":true,"campfire_choices":[{"data":"hermit:Adapt","floor":7,"key":"SMITH"},{"floor":11,"key":"REST"},{"data":"hermit:WideOpen","floor":15,"key":"SMITH"},{"data":"hermit:NoHoldsBarred","floor":23,"key":"SMITH"}],"circlet_count":0,"master_deck":["AscendersBane","hermit:Strike_Hermit","hermit:Strike_Hermit","hermit:Strike_Hermit","hermit:Strike_Hermit","hermit:Defend_Hermit","hermit:Defend_Hermit","hermit:Defend_Hermit","hermit:Defend_Hermit","hermit:Snapshot","hermit:Covet","hermit:Vantage","hermit:Shortfuse","hermit:WideOpen+1","hermit:TrackingShot","hermit:Adapt+1","hermit:NoHoldsBarred+1","hermit:Deadeye","hermit:FatalDesire","hermit:Midnight","hermit:FromBeyond","hermit:Glare","Ghostly","Ghostly","Ghostly"],"relics":["hermit:Momento","Toy Ornithopter","Happy Flower","ReplayFunnel","Golden Idol","Pantograph","ChewingGum","WingedGreaves"],"acts_visited":["Exordium","TheCity"],"potions_floor_usage":[6,16,24,24],"damage_taken":[{"damage":2,"enemies":"2 Louse","floor":1,"turns":3},{"damage":3,"enemies":"Small Slimes","floor":4,"turns":3},{"damage":7,"enemies":"Jaw Worm","floor":5,"turns":4},{"damage":20,"enemies":"3 Sentries","floor":6,"turns":6},{"damage":1,"enemies":"Looter","floor":12,"turns":4},{"damage":1,"enemies":"Replay:BlueRogue","floor":13,"turns":5},{"damage":3,"enemies":"Blue Slaver","floor":14,"turns":5},{"damage":10,"enemies":"Hexaghost","floor":16,"turns":8},{"damage":14,"enemies":"Chosen","floor":18,"turns":5},{"damage":17,"enemies":"Shell Parasite","floor":19,"turns":4},{"damage":12,"enemies":"3 Cultists","floor":21,"turns":5},{"damage":33,"enemies":"Gremlin Leader","floor":24,"turns":4}],"seed_played":"7367606160119211275","potions_obtained":[{"floor":1,"key":"Adrenaline Potion"},{"floor":6,"key":"hermit:Tonic"},{"floor":14,"key":"Weak Potion"},{"floor":19,"key":"Ancient Potion"}],"is_trial":false,"path_per_floor":["M","?","$","M","M","E","R","$","T","?","R","M","E","M","R","B",null,"M","M","?","M","?","R","E"],"character_chosen":"HERMIT","items_purchased":["Toy Ornithopter","hermit:NoHoldsBarred"],"campfire_rested":1,"item_purchase_floors":[3,8],"current_hp_per_floor":[62,51,51,48,41,26,26,26,26,26,45,44,43,40,40,54,62,48,31,31,19,19,19,0,0],"gold":140,"neow_bonus":"THREE_CARDS","is_daily":false,"chose_seed":false,"campfire_upgraded":3,"win_rate":0.0,"timestamp":1611541252,"path_taken":["M","?","$","M","M","E","R","$","T","?","R","M","E","M","R","BOSS","M","M","?","M","?","R","E"],"items_purchased_type":["Relic","Card"],"build_version":"2020-12-22","purchased_purges":0,"victory":false,"max_hp_per_floor":[71,71,71,71,71,71,71,71,71,64,64,64,64,64,64,64,64,64,64,32,32,32,32,32,32],"relic_stats":{"Happy Flower":[13],"counters":[12,56],"Golden Idol":40,"Pantograph":24,"obtain_stats":[{"ReplayFunnel":9,"Happy Flower":6,"Golden Idol":10,"Pantograph":13,"ChewingGum":17,"WingedGreaves":22,"hermit:Momento":0,"Toy Ornithopter":3},{"ReplayFunnel":4,"Happy Flower":4,"Golden Idol":4,"Pantograph":6,"ChewingGum":8,"WingedGreaves":11,"hermit:Momento":0,"Toy Ornithopter":1},{"ReplayFunnel":16,"Happy Flower":16,"Golden Idol":16,"Pantograph":25,"ChewingGum":38,"WingedGreaves":52,"hermit:Momento":0,"Toy Ornithopter":3}],"Toy Ornithopter":15},"card_choices":[{"not_picked":["hermit:Coalescence","hermit:CalledShot"],"picked":"hermit:Vantage","floor":0},{"not_picked":["hermit:LuckOfTheDraw","hermit:LowProfile"],"picked":"hermit:Shortfuse","floor":1},{"not_picked":["hermit:WideOpen","hermit:HoleUp","hermit:TakeCover"],"picked":"SKIP","floor":4},{"not_picked":["hermit:HoleUp","hermit:TakeCover"],"picked":"hermit:WideOpen","floor":4},{"not_picked":["hermit:HighCaliber","hermit:Vantage"],"picked":"hermit:TrackingShot","floor":5},{"not_picked":["hermit:Roulette","hermit:Enervate"],"picked":"hermit:Adapt","floor":6},{"not_picked":["hermit:Coalescence","hermit:WideOpen"],"picked":"hermit:Deadeye","floor":12},{"not_picked":["hermit:TrackingShot","hermit:CursedWeapon"],"picked":"hermit:FatalDesire","floor":13},{"not_picked":["hermit:Dive","hermit:Cheat"],"picked":"hermit:Midnight","floor":14},{"not_picked":["hermit:Roughhouse","hermit:Dissolve"],"picked":"hermit:FromBeyond","floor":16},{"not_picked":["hermit:TrackingShot","hermit:Headshot","hermit:Manifest"],"picked":"SKIP","floor":18},{"not_picked":["hermit:Grudge","hermit:Roulette"],"picked":"hermit:Glare","floor":19},{"not_picked":["hermit:Snipe","hermit:Dive","hermit:Ricochet"],"picked":"SKIP","floor":21}],"player_experience":940692,"relics_obtained":[{"floor":6,"key":"Happy Flower"},{"floor":9,"key":"ReplayFunnel"},{"floor":13,"key":"Pantograph"}],"event_choices":[{"damage_healed":0,"gold_gain":75,"player_choice":"Gather Gold","damage_taken":11,"max_hp_gain":0,"max_hp_loss":0,"event_name":"World of Goop","floor":2,"gold_loss":0},{"damage_healed":0,"gold_gain":0,"player_choice":"Lose Max HP","damage_taken":0,"relics_obtained":["Golden Idol"],"max_hp_gain":0,"max_hp_loss":7,"event_name":"Golden Idol","floor":10,"gold_loss":0},{"damage_healed":0,"gold_gain":0,"player_choice":"Became a Ghost","damage_taken":0,"max_hp_gain":0,"max_hp_loss":32,"event_name":"Ghosts","floor":20,"gold_loss":0,"cards_obtained":["Ghostly","Ghostly","Ghostly"]},{"damage_healed":0,"gold_gain":0,"player_choice":"Obtained Relic","damage_taken":0,"relics_obtained":["WingedGreaves"],"max_hp_gain":0,"max_hp_loss":0,"event_name":"Addict","floor":22,"gold_loss":85}],"is_beta":false,"boss_relics":[{"not_picked":["Calling Bell","Busted Crown"],"picked":"ChewingGum"}],"items_purged_floors":[],"is_endless":false,"potions_floor_spawned":[1,6,14,19],"killed_by":"Gremlin Leader","ascension_level":20}}