{"host":"mhr97lg0mj90r8b2","time":1611554425,"event":{"mods":["BaseMod","Lobotomy","Minty Spire (QoL Compilation)","Quick Restart","StSLib","The Servant 0.9.4"],"gold_per_floor":[117,136,86,106,123,153,166,177,204,222,232,245,245,245,245,245,245],"floor_reached":16,"language":"ZHS","playtime":794,"items_purged":[],"score":108,"play_id":"a548559d-ca5b-4ec6-a440-143e8f5a6433","local_time":"20210125140025","is_ascension_mode":false,"campfire_choices":[{"floor":15,"key":"REST"}],"circlet_count":0,"master_deck":["Strike_S+1","Strike_S","Strike_S+1","Defend_S","Defend_S","Defend_S","Defend_S","KidneyShot","Exchange","UniverseFragment","Sabotage","BeautyBeast","Revamp","Variant","Scorched","BottledTime","QueenBee","Deny","Alriune","Misdirection","WallGazer","Spin","MeatLantern","Starlight","BlueStar","Barrier","Parasite"],"relics":["Uniform","CogitoBucket","MealTicket","ChangeAnything","Whetstone"],"acts_visited":["Exordium"],"potions_floor_usage":[10,10,16],"damage_taken":[{"damage":9,"enemies":"Cultist","floor":1,"turns":5},{"damage":0,"enemies":"2 Louse","floor":2,"turns":3},{"damage":0,"enemies":"Small Slimes","floor":4,"turns":5},{"damage":21,"enemies":"Blue Slaver","floor":5,"turns":7},{"damage":17,"enemies":"3 Sentries","floor":6,"turns":5},{"damage":7,"enemies":"Looter","floor":7,"turns":2},{"damage":4,"enemies":"2 Fungi Beasts","floor":8,"turns":3},{"damage":0,"enemies":"Exordium Wildlife","floor":10,"turns":1},{"damage":2,"enemies":"3 Louse","floor":11,"turns":2},{"damage":2,"enemies":"Red Slaver","floor":12,"turns":4},{"damage":71,"enemies":"The Guardian","floor":16,"turns":4}],"seed_played":"-8792644578692208137","potions_obtained":[{"floor":4,"key":"Ancient Potion"},{"floor":6,"key":"PowerPotion"},{"floor":8,"key":"GamblersBrew"},{"floor":12,"key":"DuplicationPotion"}],"is_trial":false,"path_per_floor":["M","M","?","M","M","E","M","M","T","M","M","M","?","?","R","B"],"character_chosen":"THE_SERVANT","items_purchased":[],"campfire_rested":1,"item_purchase_floors":[],"current_hp_per_floor":[56,56,56,56,35,18,11,7,7,7,5,3,19,40,59,0,0],"gold":245,"neow_bonus":"","is_daily":false,"chose_seed":false,"campfire_upgraded":0,"win_rate":0.0,"timestamp":1611554425,"path_taken":["M","?","?","M","M","E","M","M","T","M","M","M","?","?","R","BOSS"],"items_purchased_type":[],"build_version":"2020-12-22","purchased_purges":0,"victory":false,"max_hp_per_floor":[65,65,65,65,65,65,65,65,65,65,65,65,65,65,65,65,65],"card_choices":[{"not_picked":["Variant","CherryBlossoms"],"picked":"UniverseFragment","floor":1},{"not_picked":["Contraction","TimeWarp"],"picked":"Sabotage","floor":1},{"not_picked":["Murderer","OldLady","PunishingBird"],"picked":"Singing Bowl","floor":2},{"not_picked":["Bloodbath","HeroicMonk"],"picked":"BeautyBeast","floor":2},{"not_picked":["Defy","Rewind"],"picked":"Revamp","floor":2},{"not_picked":["LittleHelper","VoidDream"],"picked":"Variant","floor":4},{"not_picked":["Spin","ShatteredReality","PendulumOfEternity"],"picked":"SKIP","floor":4},{"not_picked":["CrumblingArmor","OldLady"],"picked":"Scorched","floor":5},{"not_picked":["DualDimension","Defy"],"picked":"BottledTime","floor":5},{"not_picked":["MHz","PunishingBird","Wellcheers"],"picked":"Singing Bowl","floor":6},{"not_picked":["MHz","CherryBlossoms"],"picked":"QueenBee","floor":6},{"not_picked":["Rewind","Ricochet"],"picked":"Deny","floor":6},{"not_picked":["CherryBlossoms","WallGazer"],"picked":"Alriune","floor":7},{"not_picked":["Spin","Ricochet"],"picked":"Misdirection","floor":7},{"not_picked":["FastForward","SilverBlades","RealityMarble"],"picked":"SKIP","floor":8},{"not_picked":["FastForward","SilverBlades","RealityMarble"],"picked":"SKIP","floor":8},{"not_picked":["OSAHOGD","WhitesApple","Wellcheers"],"picked":"Singing Bowl","floor":10},{"not_picked":["CherryBlossoms","PunishingBird"],"picked":"WallGazer","floor":10},{"not_picked":["Ricochet","TimeWarp"],"picked":"Spin","floor":10},{"not_picked":["ShyLook","PunishingBird","SpiderBud"],"picked":"Singing Bowl","floor":11},{"not_picked":["Laetitia","Murderer"],"picked":"MeatLantern","floor":11},{"not_picked":["RealityMarble","Replace"],"picked":"Starlight","floor":11},{"not_picked":["ShyLook","Bloodbath","VoidDream"],"picked":"Singing Bowl","floor":12},{"not_picked":["VoidDream","FairyFestival"],"picked":"BlueStar","floor":12},{"not_picked":["ShatteredReality","Potential"],"picked":"Barrier","floor":12}],"player_experience":107045,"relics_obtained":[{"floor":6,"key":"MealTicket"},{"floor":9,"key":"Whetstone"}],"event_choices":[{"cards_removed":["Strike_S"],"damage_healed":0,"gold_gain":0,"player_choice":"Card Removal","damage_taken":0,"max_hp_gain":0,"max_hp_loss":0,"event_name":"The Cleric","floor":3,"gold_loss":50},{"damage_healed":16,"gold_gain":0,"player_choice":"Healed and dodged fight","damage_taken":0,"max_hp_gain":0,"max_hp_loss":0,"event_name":"Mushrooms","floor":13,"gold_loss":0,"cards_obtained":["Parasite"]},{"damage_healed":21,"gold_gain":0,"player_choice":"Banana","damage_taken":0,"max_hp_gain":0,"max_hp_loss":0,"event_name":"Big Fish","floor":14,"gold_loss":0}],"is_beta":false,"boss_relics":[],"items_purged_floors":[],"is_endless":false,"potions_floor_spawned":[4,6,8,12],"killed_by":"The Guardian","ascension_level":0}}