{"host":"cjhtzh7tp54jdfyv","time":1611578895,"event":{"mods":["AchievementEnabler","BaseMod","Colored Map","Colored Powertips","Curses Come First","DeckTracker","Filter the Spire","Minty Spire (QoL Compilation)","RNG Fix","Relic Sorter","Relic Stats","StSLib","UnlockEverythingMod","ojb\u0027s Better Paths Mod","ojb\u0027s Info Mod"],"gold_per_floor":[11,11,31,41,41,41,67,10,33,62,62,95,95,115,115,189,189,205,205,205,216,216,251,251,251,251,266,297,314,314,324,324,401,401,414,166,181,8,33,33,44,77,77,109,122,155,54,87,87,87,87,87,87,30,64,64],"floor_reached":57,"language":"ENG","playtime":6459,"items_purged":["Parasite"],"score":3352,"play_id":"e649db25-025a-4b8f-ac7e-a6378b823e74","local_time":"20210125074815","is_ascension_mode":true,"campfire_choices":[{"data":"Noxious Fumes","floor":6,"key":"SMITH"},{"floor":11,"key":"REST"},{"data":"Wraith Form v2","floor":13,"key":"SMITH"},{"data":"Strike_G","floor":15,"key":"PURGE"},{"data":"Defend_G+1","floor":30,"key":"PURGE"},{"data":"Defend_G+1","floor":32,"key":"PURGE"},{"floor":40,"key":"RECALL"},{"data":"Defend_G+1","floor":49,"key":"PURGE"},{"data":"Defend_G+1","floor":53,"key":"PURGE"}],"circlet_count":0,"master_deck":["AscendersBane","Strike_G+1","Strike_G+1","Strike_G+1","Defend_G+1","Survivor","Neutralize","Tools of the Trade","Tactician","Noxious Fumes+1","Bane","Dagger Throw","Wraith Form v2+1","Eviscerate","Dagger Spray","After Image","Eviscerate","Deadly Poison+1","Ghostly","Ghostly","Ghostly","Backstab","Terror","Reflex","Leg Sweep","Bullet Time","Endless Agony+1","Backstab+1","Leg Sweep","After Image","Concentrate","Backflip","Blade Dance","Backflip+1"],"relics":["Ring of the Snake","Toy Ornithopter","HornCleat","War Paint","Peace Pipe","Bronze Scales","Fusion Hammer","Shuriken","Dead Branch","Mercury Hourglass","Centennial Puzzle","Cursed Key","Frozen Eye","Potion Belt","Ice Cream","Meat on the Bone","Art of War","Question Card","Blue Candle","Mummified Hand"],"acts_visited":["Exordium","TheCity","TheBeyond","TheEnding"],"potions_floor_usage":[10,16,18,28,29,33,37,48,51,55,56],"damage_taken":[{"damage":6,"enemies":"Jaw Worm","floor":1,"turns":7},{"damage":0,"enemies":"Cultist","floor":3,"turns":4},{"damage":0,"enemies":"Small Slimes","floor":4,"turns":4},{"damage":21,"enemies":"3 Sentries","floor":7,"turns":8},{"damage":18,"enemies":"Lagavulin","floor":10,"turns":8},{"damage":13,"enemies":"3 Sentries","floor":12,"turns":8},{"damage":2,"enemies":"Blue Slaver","floor":14,"turns":4},{"damage":10,"enemies":"The Guardian","floor":16,"turns":11},{"damage":4,"enemies":"Shell Parasite","floor":18,"turns":5},{"damage":6,"enemies":"Spheric Guardian","floor":21,"turns":4},{"damage":0,"enemies":"Book of Stabbing","floor":23,"turns":6},{"damage":0,"enemies":"Centurion and Healer","floor":27,"turns":6},{"damage":0,"enemies":"Slavers","floor":28,"turns":4},{"damage":0,"enemies":"Cultist and Chosen","floor":29,"turns":5},{"damage":0,"enemies":"Snake Plant","floor":31,"turns":3},{"damage":4,"enemies":"Champ","floor":33,"turns":11},{"damage":20,"enemies":"3 Shapes","floor":35,"turns":4},{"damage":0,"enemies":"3 Darklings","floor":37,"turns":2},{"damage":0,"enemies":"Mind Bloom Boss Battle","floor":39,"turns":3},{"damage":0,"enemies":"Writhing Mass","floor":41,"turns":6},{"damage":0,"enemies":"Nemesis","floor":42,"turns":3},{"damage":3,"enemies":"Reptomancer","floor":44,"turns":5},{"damage":0,"enemies":"Spire Growth","floor":45,"turns":3},{"damage":0,"enemies":"Nemesis","floor":46,"turns":5},{"damage":5,"enemies":"Giant Head","floor":48,"turns":6},{"damage":0,"enemies":"Donu and Deca","floor":50,"turns":7},{"damage":0,"enemies":"Awakened One","floor":51,"turns":11},{"damage":12,"enemies":"Shield and Spear","floor":55,"turns":8},{"damage":0,"enemies":"The Heart","floor":56,"turns":6}],"seed_played":"-8071213381004390199","potions_obtained":[{"floor":10,"key":"SneckoOil"},{"floor":14,"key":"Dexterity Potion"},{"floor":16,"key":"LiquidMemories"},{"floor":27,"key":"SkillPotion"},{"floor":28,"key":"Ancient Potion"},{"floor":29,"key":"Weak Potion"},{"floor":39,"key":"Block Potion"},{"floor":41,"key":"Fire Potion"},{"floor":42,"key":"SkillPotion"},{"floor":48,"key":"BlessingOfTheForge"}],"is_trial":false,"path_per_floor":["M","?","M","M","?","R","E","$","T","E","R","E","R","M","R","B",null,"M","?","?","M","?","E","T","?","T","M","E","M","R","M","R","B",null,"M","$","M","$","?","R","M","E","T","E","M","E","$","E","R","B","B",null,"R","$","E","B",null],"character_chosen":"THE_SILENT","items_purchased":["Block Potion","Frozen Eye","DuplicationPotion","Potion Belt","Backflip","BlessingOfTheForge"],"campfire_rested":1,"item_purchase_floors":[8,36,36,38,47,54],"current_hp_per_floor":[53,53,53,53,42,42,21,21,21,8,27,14,14,12,12,7,51,52,52,52,46,33,33,33,33,33,33,33,33,33,33,33,33,33,13,13,18,18,18,18,18,18,18,27,27,27,27,25,25,25,30,30,30,30,23,28],"gold":64,"neow_bonus":"THREE_RARE_CARDS","is_daily":false,"chose_seed":false,"campfire_upgraded":2,"win_rate":0.0,"timestamp":1611578895,"path_taken":["M","?","M","M","?","R","E","?","T","E","R","E","R","M","R","BOSS","M","?","?","M","?","E","?","?","T","M","E","?","R","M","R","BOSS","M","?","M","$","?","R","M","E","T","E","?","E","?","E","R","BOSS","BOSS","R","$","E","BOSS"],"items_purchased_type":["Potion","Relic","Potion","Relic","Card","Potion"],"build_version":"2020-12-22","purchased_purges":1,"victory":true,"max_hp_per_floor":[66,66,66,66,66,66,66,66,66,66,66,66,66,66,66,66,66,66,66,66,66,33,33,33,33,33,33,33,33,33,33,33,33,33,33,33,33,33,33,33,33,33,33,33,33,33,30,30,30,30,30,30,30,30,30,30],"relic_stats":{"counters":[29,166],"Dead Branch":[215],"Blue Candle":[0],"War Paint":["Defend_G","Defend_G"],"Cursed Key":1,"Question Card":2,"Mercury Hourglass":[335],"Peace Pipe":5,"Centennial Puzzle":[15],"Shuriken":[77],"Mummified Hand":[13],"Bronze Scales":[426],"Art of War":[5],"obtain_stats":[{"Potion Belt":38,"Ice Cream":39,"Dead Branch":24,"Blue Candle":48,"War Paint":9,"Cursed Key":34,"Question Card":46,"Mercury Hourglass":26,"Peace Pipe":10,"Frozen Eye":36,"Centennial Puzzle":28,"HornCleat":7,"Shuriken":23,"Mummified Hand":55,"Bronze Scales":12,"Fusion Hammer":17,"Art of War":44,"Toy Ornithopter":5,"Ring of the Snake":0,"Meat on the Bone":42},{"Potion Belt":18,"Ice Cream":19,"Dead Branch":11,"Blue Candle":25,"War Paint":4,"Cursed Key":16,"Question Card":24,"Mercury Hourglass":11,"Peace Pipe":5,"Frozen Eye":17,"Centennial Puzzle":13,"HornCleat":4,"Shuriken":11,"Mummified Hand":28,"Bronze Scales":6,"Fusion Hammer":8,"Art of War":22,"Toy Ornithopter":3,"Ring of the Snake":0,"Meat on the Bone":21},{"Potion Belt":104,"Ice Cream":107,"Dead Branch":69,"Blue Candle":134,"War Paint":23,"Cursed Key":98,"Question Card":128,"Mercury Hourglass":69,"Peace Pipe":31,"Frozen Eye":102,"Centennial Puzzle":79,"HornCleat":23,"Shuriken":69,"Mummified Hand":160,"Bronze Scales":39,"Fusion Hammer":54,"Art of War":121,"Toy Ornithopter":15,"Ring of the Snake":0,"Meat on the Bone":116}],"Toy Ornithopter":42,"Ring of the Snake":[59],"Meat on the Bone":12},"card_choices":[{"not_picked":["Doppelganger","Bullet Time"],"picked":"Tools of the Trade","floor":0},{"not_picked":["Sucker Punch","Blur"],"picked":"Tactician","floor":1},{"not_picked":["Acrobatics","Dodge and Roll"],"picked":"Noxious Fumes","floor":3},{"not_picked":["Sucker Punch","Dodge and Roll"],"picked":"Bane","floor":4},{"not_picked":["Deadly Poison","Dagger Spray"],"picked":"Dagger Throw","floor":7},{"not_picked":["Deadly Poison","Endless Agony"],"picked":"Wraith Form v2","floor":10},{"not_picked":["Sucker Punch","Flying Knee"],"picked":"Eviscerate","floor":12},{"not_picked":["Quick Slash","PiercingWail"],"picked":"Dagger Spray","floor":14},{"not_picked":["Unload","Phantasmal Killer"],"picked":"After Image","floor":16},{"not_picked":["Distraction","Dodge and Roll","Deflect"],"picked":"SKIP","floor":18},{"not_picked":["Choke","Noxious Fumes"],"picked":"Deadly Poison+1","floor":21},{"not_picked":["Prepared","Caltrops","Outmaneuver"],"picked":"SKIP","floor":23},{"not_picked":["Riddle With Holes","Backflip"],"picked":"Backstab","floor":27},{"not_picked":["Poisoned Stab","Tactician"],"picked":"Terror","floor":28},{"not_picked":["Outmaneuver","Underhanded Strike"],"picked":"Reflex","floor":29},{"not_picked":["Deadly Poison+1","Blur"],"picked":"Leg Sweep","floor":31},{"not_picked":["Unload","Tools of the Trade"],"picked":"Bullet Time","floor":33},{"not_picked":["Skewer","Underhanded Strike","Deadly Poison"],"picked":"SKIP","floor":35},{"not_picked":["Sucker Punch","Skewer"],"picked":"Endless Agony+1","floor":37},{"not_picked":["Blur","PiercingWail"],"picked":"Backstab+1","floor":39},{"not_picked":["Dagger Spray","Footwork","Prepared"],"picked":"SKIP","floor":41},{"not_picked":["Slice","Dagger Spray"],"picked":"Leg Sweep","floor":42},{"not_picked":["Burst","Quick Slash+1"],"picked":"After Image","floor":44},{"not_picked":["Accuracy+1","Quick Slash+1"],"picked":"Concentrate","floor":45},{"not_picked":["Blur","Deadly Poison","Finisher"],"picked":"SKIP","floor":46},{"not_picked":["Bane+1","Underhanded Strike","Poisoned Stab"],"picked":"Blade Dance","floor":48},{"not_picked":["Endless Agony+1","Noxious Fumes","Flechettes"],"picked":"Backflip+1","floor":55}],"player_experience":4663491,"relics_obtained":[{"floor":7,"key":"HornCleat"},{"floor":9,"key":"War Paint"},{"floor":10,"key":"Peace Pipe"},{"floor":12,"key":"Bronze Scales"},{"floor":23,"key":"Shuriken"},{"floor":24,"key":"Dead Branch"},{"floor":26,"key":"Mercury Hourglass"},{"floor":28,"key":"Centennial Puzzle"},{"floor":39,"key":"Ice Cream"},{"floor":42,"key":"Meat on the Bone"},{"floor":44,"key":"Art of War"},{"floor":46,"key":"Question Card"},{"floor":48,"key":"Blue Candle"},{"floor":55,"key":"Mummified Hand"}],"event_choices":[{"damage_healed":0,"gold_gain":0,"player_choice":"Ignored","damage_taken":0,"max_hp_gain":0,"max_hp_loss":0,"event_name":"Liars Game","floor":2,"gold_loss":0},{"damage_healed":0,"gold_gain":0,"player_choice":"Success","damage_taken":11,"relics_obtained":["Toy Ornithopter"],"max_hp_gain":0,"max_hp_loss":0,"event_name":"Scrap Ooze","floor":5,"gold_loss":0},{"damage_healed":0,"gold_gain":0,"player_choice":"Read","damage_taken":0,"max_hp_gain":0,"max_hp_loss":0,"event_name":"The Library","floor":19,"gold_loss":0,"cards_obtained":["Eviscerate"]},{"cards_removed":["Strike_G"],"damage_healed":0,"gold_gain":0,"player_choice":"Purged","damage_taken":0,"max_hp_gain":0,"max_hp_loss":0,"event_name":"Purifier","floor":20,"gold_loss":0},{"damage_healed":0,"gold_gain":0,"player_choice":"Became a Ghost","damage_taken":0,"max_hp_gain":0,"max_hp_loss":33,"event_name":"Ghosts","floor":22,"gold_loss":0,"cards_obtained":["Ghostly","Ghostly","Ghostly"]},{"damage_healed":0,"gold_gain":0,"player_choice":"Simplicity","damage_taken":0,"max_hp_gain":0,"max_hp_loss":0,"event_name":"Back to Basics","floor":25,"gold_loss":0,"cards_upgraded":["Strike_G","Strike_G","Strike_G","Defend_G","Defend_G","Defend_G"]},{"damage_healed":0,"gold_gain":0,"player_choice":"Fight","damage_taken":0,"max_hp_gain":0,"max_hp_loss":0,"event_name":"MindBloom","floor":39,"gold_loss":0}],"is_beta":false,"boss_relics":[{"not_picked":["Ectoplasm","Calling Bell"],"picked":"Fusion Hammer"},{"not_picked":["Pandora\u0027s Box","Empty Cage"],"picked":"Cursed Key"}],"items_purged_floors":[47],"is_endless":false,"potions_floor_spawned":[10,14,16,27,28,29,39,41,42,48],"ascension_level":20}}