{"host":"51f0ad793vly1w6u","time":1611578478,"event":{"mods":["BaseMod","Colored Map","DeckTracker","Minty Spire (QoL Compilation)","Replay The Spire","StSLib","SuperFastMode"],"gold_per_floor":[113,113,113,130,148,178,178,214,214,239,239,262,262,300,300,300,300],"floor_reached":16,"language":"KOR","playtime":571,"items_purged":[],"score":120,"play_id":"51d8f460-907a-48c8-b598-69bcf978e66a","local_time":"20210125214118","is_ascension_mode":false,"campfire_choices":[{"data":"ReplayTheSpireMod:Speed Training","floor":11,"key":"SMITH"},{"data":"Neutralize","floor":13,"key":"SMITH"}],"circlet_count":0,"master_deck":["Strike_G","Strike_G","Strike_G","Strike_G","Defend_G","Defend_G","Defend_G","Defend_G","Survivor+1","Neutralize+1","Predator+1","Dagger Spray","Backstab","ReplayTheSpireMod:Speed Training+1","Deflect","ReplayTheSpireMod:Tripwire","PiercingWail"],"relics":["Ring of the Snake","Meat on the Bone","Golden Idol","Bird Faced Urn","Unceasing Top","Chameleon Ring"],"acts_visited":["Exordium"],"potions_floor_usage":[6,14],"damage_taken":[{"damage":0,"enemies":"Small Slimes","floor":1,"turns":3},{"damage":0,"enemies":"2 Louse","floor":4,"turns":2},{"damage":0,"enemies":"Jaw Worm","floor":5,"turns":2},{"damage":9,"enemies":"Replay:BlueRogue","floor":6,"turns":5},{"damage":18,"enemies":"Lagavulin","floor":8,"turns":9},{"damage":5,"enemies":"Blue Slaver","floor":10,"turns":2},{"damage":0,"enemies":"Large Slime","floor":12,"turns":5},{"damage":11,"enemies":"3 Sentries","floor":14,"turns":8},{"damage":12,"enemies":"Hexaghost","floor":16,"turns":11}],"seed_played":"4139612456581540677","potions_obtained":[{"floor":1,"key":"Adrenaline Potion"},{"floor":10,"key":"SteroidPotion"},{"floor":12,"key":"Explosive Potion"},{"floor":15,"key":"LifebloodPotion"},{"floor":15,"key":"LiquidMemories"}],"is_trial":false,"path_per_floor":["M","?","?","M","M","E","?","E","T","M","R","M","R","E","R","B"],"character_chosen":"THE_SILENT","items_purchased":[],"campfire_rested":0,"item_purchase_floors":[],"current_hp_per_floor":[63,63,50,50,50,41,41,35,35,30,30,30,30,31,31,19,19],"gold":300,"neow_bonus":"REMOVE_TWO","is_daily":false,"chose_seed":false,"campfire_upgraded":2,"win_rate":0.0,"timestamp":1611578478,"path_taken":["M","?","?","?","M","E","?","E","T","M","R","M","R","E","R","BOSS"],"items_purchased_type":[],"build_version":"2020-12-22","purchased_purges":0,"victory":false,"max_hp_per_floor":[63,63,63,63,63,63,58,58,58,58,58,58,58,58,58,58,58],"card_choices":[{"not_picked":["Dodge and Roll","Underhanded Strike"],"picked":"Predator","floor":1},{"not_picked":["Sneak Up","Replay:Poison Smokescreen"],"picked":"Dagger Spray","floor":4},{"not_picked":["Concentrate","Reflex"],"picked":"Backstab","floor":5},{"not_picked":["Blade Dance","Acrobatics"],"picked":"ReplayTheSpireMod:Speed Training","floor":6},{"not_picked":["Doppelganger","Infinite Blades"],"picked":"Deflect","floor":8},{"not_picked":["Outmaneuver","Bane"],"picked":"ReplayTheSpireMod:Tripwire","floor":10},{"not_picked":["Prepared","Dagger Spray","Sucker Punch"],"picked":"SKIP","floor":12},{"not_picked":["Finisher","Hidden Blade"],"picked":"PiercingWail","floor":14}],"player_experience":1417846,"relics_obtained":[{"floor":6,"key":"Meat on the Bone"},{"floor":8,"key":"Bird Faced Urn"},{"floor":9,"key":"Unceasing Top"},{"floor":14,"key":"Chameleon Ring"}],"event_choices":[{"damage_healed":0,"gold_gain":0,"player_choice":"Ignored","damage_taken":0,"max_hp_gain":0,"max_hp_loss":0,"event_name":"Liars Game","floor":2,"gold_loss":0},{"damage_healed":0,"gold_gain":0,"player_choice":"Entered Light","damage_taken":13,"max_hp_gain":0,"max_hp_loss":0,"event_name":"Shining Light","floor":3,"gold_loss":0,"cards_upgraded":["Survivor","Predator"]},{"damage_healed":0,"gold_gain":0,"player_choice":"Lose Max HP","damage_taken":0,"relics_obtained":["Golden Idol"],"max_hp_gain":0,"max_hp_loss":5,"event_name":"Golden Idol","floor":7,"gold_loss":0}],"is_beta":false,"boss_relics":[],"items_purged_floors":[],"is_endless":false,"potions_floor_spawned":[1,10,12],"killed_by":"Hexaghost","ascension_level":0}}