{"host":"y15j0sqd0it1yzon","time":1611606920,"event":{"mods":["AchievementEnabler","BaseMod","Lobotomy","Minty Spire (QoL Compilation)","StSLib"],"gold_per_floor":[111,111,42,61,74,106,125,135,135,135,152,152,178,196,196,300,300,300,300],"floor_reached":18,"language":"ENG","playtime":4019,"items_purged":[],"score":174,"play_id":"abfbafd8-4830-4952-9d51-abc0ecd954ba","local_time":"20210125203520","is_ascension_mode":false,"campfire_choices":[{"data":"Noxious Fumes","floor":15,"key":"SMITH"}],"circlet_count":0,"master_deck":["Strike_G","Strike_G","Strike_G","Defend_G","Defend_G","Defend_G","Defend_G","Defend_G","Survivor","Neutralize","Wellcheers","Backstab+1","UniverseFragment","PiercingWail","Scorched","OldLady","Blade Dance","BigBadWolf","NakedNest","Infinite Blades","BeautyBeast","Footwork","Freischutz","DreamingCurrent","Noxious Fumes+1","OSAHOGD","Corpse Explosion"],"relics":["Ring of the Snake","CogitoBucket","Unceasing Top","LuminousBracelet","Kunai","Bag of Marbles","HoveringKite"],"acts_visited":["Exordium","TheCity"],"potions_floor_usage":[16,16,16],"damage_taken":[{"damage":5.0,"enemies":"Cultist","floor":1.0,"turns":6.0},{"damage":0.0,"enemies":"Small Slimes","floor":4.0,"turns":5.0},{"damage":0.0,"enemies":"Jaw Worm","floor":5.0,"turns":6.0},{"damage":18.0,"enemies":"Lagavulin","floor":6.0,"turns":7.0},{"damage":0.0,"enemies":"Gremlin Gang","floor":7.0,"turns":2.0},{"damage":0,"enemies":"Large Slime","floor":8,"turns":1},{"damage":1,"enemies":"Blue Slaver","floor":11,"turns":4},{"damage":13,"enemies":"3 Sentries","floor":13,"turns":6},{"damage":0,"enemies":"Exordium Thugs","floor":14,"turns":4},{"damage":53,"enemies":"The Guardian","floor":16,"turns":8},{"damage":94,"enemies":"2 Thieves","floor":18,"turns":2}],"seed_played":"3985940682613041696","potions_obtained":[{"floor":1.0,"key":"PowerPotion"},{"floor":6.0,"key":"Poison Potion"},{"floor":7.0,"key":"SkillPotion"},{"floor":8,"key":"Poison Potion"}],"is_trial":false,"path_per_floor":["M","?","$","M","M","E","M","M","T","?","M","?","E","M","R","B",null,"M"],"character_chosen":"THE_SILENT","items_purchased":["Backstab"],"campfire_rested":0,"item_purchase_floors":[3],"current_hp_per_floor":[65,65,65,68,70,55,55,70,70,75,74,74,63,63,63,62,80,0,0],"gold":300,"neow_bonus":"","is_daily":false,"chose_seed":false,"campfire_upgraded":1,"win_rate":0.0,"timestamp":1611606920,"path_taken":["M","?","$","M","?","E","M","M","T","?","M","?","E","M","R","BOSS","M"],"items_purchased_type":["Card"],"build_version":"2020-12-22","purchased_purges":0,"victory":false,"max_hp_per_floor":[70,70,70,70,70,70,70,85,85,90,90,90,90,90,90,80,80,80,80],"card_choices":[{"not_picked":["SpiderBud","BeautyBeast"],"picked":"Wellcheers","floor":1.0},{"not_picked":["Eviscerate","Well Laid Plans"],"picked":"PiercingWail","floor":1.0},{"not_picked":["SpiderBud","LittleHelper"],"picked":"UniverseFragment","floor":4.0},{"not_picked":["Concentrate","Slice"],"picked":"PiercingWail","floor":4.0},{"not_picked":["FairyFestival","NakedNest"],"picked":"Scorched","floor":5.0},{"not_picked":["Leg Sweep","Well Laid Plans","Sucker Punch"],"picked":"SKIP","floor":5.0},{"not_picked":["VoidDream","WallGazer"],"picked":"OldLady","floor":6.0},{"not_picked":["Choke","Envenom"],"picked":"Blade Dance","floor":6.0},{"not_picked":["MHz","Murderer"],"picked":"BigBadWolf","floor":7.0},{"not_picked":["Distraction","Sucker Punch","Underhanded Strike"],"picked":"SKIP","floor":7.0},{"not_picked":["MeatLantern","ShyLook"],"picked":"NakedNest","floor":8},{"not_picked":["Predator","Blade Dance"],"picked":"Infinite Blades","floor":8},{"not_picked":["PunishingBird","FieryBird"],"picked":"BeautyBeast","floor":11},{"not_picked":["Dagger Spray","Slice"],"picked":"Footwork","floor":11},{"not_picked":["VoidDream","HappyTeddy"],"picked":"Freischutz","floor":13},{"not_picked":["Tactician","Caltrops","Dagger Throw"],"picked":"SKIP","floor":13},{"not_picked":["Tactician","Caltrops","Dagger Throw"],"picked":"SKIP","floor":13},{"not_picked":["ShyLook","BigBird"],"picked":"DreamingCurrent","floor":14},{"not_picked":["Dagger Spray","Predator"],"picked":"Noxious Fumes","floor":14},{"not_picked":["BigBird","Murderer"],"picked":"OSAHOGD","floor":16},{"not_picked":["Doppelganger","Glass Knife"],"picked":"Corpse Explosion","floor":16}],"player_experience":425008,"relics_obtained":[{"floor":6.0,"key":"Unceasing Top"},{"floor":9,"key":"Kunai"},{"floor":13,"key":"Bag of Marbles"}],"event_choices":[{"damage_healed":0.0,"max_hp_gain":0.0,"max_hp_loss":0.0,"gold_gain":0.0,"event_name":"Upgrade Shrine","player_choice":"Upgraded","floor":2.0,"gold_loss":0.0,"damage_taken":0.0,"cards_upgraded":["PiercingWail"]},{"damage_healed":0,"gold_gain":0,"player_choice":"Donut","damage_taken":0,"max_hp_gain":5,"max_hp_loss":0,"event_name":"Big Fish","floor":10,"gold_loss":0},{"damage_healed":0,"gold_gain":0,"player_choice":"Forge","damage_taken":0,"max_hp_gain":0,"max_hp_loss":0,"event_name":"Accursed Blacksmith","floor":12,"gold_loss":0,"cards_upgraded":["Backstab"]}],"is_beta":false,"boss_relics":[{"not_picked":["Cursed Key","Tiny House"],"picked":"HoveringKite"}],"items_purged_floors":[],"is_endless":false,"potions_floor_spawned":[1,6,7,8,13],"killed_by":"2 Thieves","ascension_level":0}}