{"host":"sc0o2qwpf9j16a4i","time":1611605242,"event":{"mods":["AchievementEnabler","BaseMod","BetterRewards","Block Reminder","Colored Map","Colored Powertips","Custom Start","Highlight Path","Minty Spire (QoL Compilation)","Relic Stats"],"gold_per_floor":[117,117,117,132,207,207,242,242,242,242,261,280,307,307,307,411,411,429,429,429,429,439,439,468,383,409,424,436,436,470,32,32,32,32],"floor_reached":33,"language":"ENG","playtime":966,"items_purged":[],"score":416,"play_id":"95b5bf6b-64c1-4834-8128-5e1b61e0e3fc","local_time":"20210125220722","daily_mods":["Draft","Blue Cards","Terminal"],"is_ascension_mode":false,"campfire_choices":[{"data":"Beam Cell","floor":6,"key":"SMITH"},{"data":"Calculated Gamble","floor":8,"key":"SMITH"},{"data":"Recycle","floor":10,"key":"SMITH"},{"data":"Calculated Gamble","floor":15,"key":"SMITH"},{"data":"Well Laid Plans","floor":32,"key":"SMITH"}],"circlet_count":0,"master_deck":["Leap","Calculated Gamble+1","Turbo","Skewer","Dagger Spray","Quick Slash","Predator","Well Laid Plans+1","Quick Slash","Dagger Throw","Beam Cell+1","Recycle+1","Dagger Spray","Masterful Stab","Calculated Gamble+1","All For One","Hologram","Eviscerate","Loop","Rainbow","Eviscerate","Predator","Underhanded Strike","Glacier+1","Adrenaline","Ghostly","Ghostly","Ghostly","Ghostly","Ghostly","Footwork","Underhanded Strike","Turbo"],"relics":["Ring of the Snake","Bottled Tornado","The Specimen","Dream Catcher","MealTicket","Snecko Eye","Toy Ornithopter","Prayer Wheel","Vajra","Juzu Bracelet","Strawberry","Ancient Tea Set"],"acts_visited":["Exordium","TheCity"],"potions_floor_usage":[7,7,16,16,24,27,30],"damage_taken":[{"damage":0,"enemies":"2 Louse","floor":1,"turns":1},{"damage":0,"enemies":"Small Slimes","floor":4,"turns":2},{"damage":4,"enemies":"3 Sentries","floor":7,"turns":3},{"damage":0,"enemies":"Jaw Worm","floor":11,"turns":2},{"damage":0,"enemies":"Large Slime","floor":12,"turns":2},{"damage":0,"enemies":"Gremlin Nob","floor":13,"turns":2},{"damage":0,"enemies":"Slime Boss","floor":16,"turns":4},{"damage":0,"enemies":"2 Thieves","floor":18,"turns":1},{"damage":2,"enemies":"Chosen","floor":22,"turns":2},{"damage":0,"enemies":"Slavers","floor":24,"turns":3},{"damage":0,"enemies":"Snake Plant","floor":27,"turns":3},{"damage":0,"enemies":"Cultist and Chosen","floor":28,"turns":2},{"damage":7,"enemies":"Book of Stabbing","floor":30,"turns":2},{"damage":0,"enemies":"Champ","floor":33,"turns":10}],"seed_played":"3587508637916484705","potions_obtained":[{"floor":1,"key":"EntropicBrew"},{"floor":11,"key":"Energy Potion"},{"floor":12,"key":"CultistPotion"},{"floor":22,"key":"Explosive Potion"},{"floor":24,"key":"Block Potion"}],"is_trial":true,"path_per_floor":["M","$","?","M","?","R","E","R","T","R","M","M","E","?","R","B",null,"M","?","?","?","M","?","E","?","T","M","M","?","E","$","R","B"],"character_chosen":"THE_SILENT","items_purchased":["Footwork","Strawberry","Underhanded Strike","Ancient Tea Set","Turbo"],"campfire_rested":0,"item_purchase_floors":[31,31,31,31,31],"current_hp_per_floor":[68,67,66,65,54,54,50,50,50,50,50,50,50,47,47,47,52,51,43,43,43,41,41,41,41,41,46,46,22,20,27,26,26,26],"gold":32,"neow_bonus":"","is_daily":false,"chose_seed":false,"campfire_upgraded":5,"win_rate":0.0,"timestamp":1611605242,"path_taken":["M","$","?","M","?","R","E","R","T","R","M","M","E","?","R","BOSS","M","?","?","?","M","?","E","?","T","?","M","?","E","?","R","BOSS"],"items_purchased_type":["Card","Relic","Card","Relic","Card"],"build_version":"2020-12-22","purchased_purges":0,"victory":false,"max_hp_per_floor":[68,67,66,65,64,63,62,61,60,59,58,57,56,55,54,53,52,51,55,54,53,52,51,50,49,48,47,46,22,21,27,26,26,26],"relic_stats":{"Dream Catcher":0,"counters":[14,39],"Snecko Eye":[66,63,61,69],"MealTicket":1,"Prayer Wheel":2,"Juzu Bracelet":0,"obtain_stats":[{"Dream Catcher":13,"The Specimen":9,"Strawberry":31,"Snecko Eye":17,"Vajra":26,"MealTicket":14,"Prayer Wheel":25,"Juzu Bracelet":30,"Bottled Tornado":7,"Ancient Tea Set":31,"Toy Ornithopter":24,"Ring of the Snake":0},{"Dream Catcher":6,"The Specimen":3,"Strawberry":13,"Snecko Eye":7,"Vajra":10,"MealTicket":6,"Prayer Wheel":10,"Juzu Bracelet":13,"Bottled Tornado":3,"Ancient Tea Set":13,"Toy Ornithopter":10,"Ring of the Snake":0},{"Dream Catcher":12,"The Specimen":6,"Strawberry":29,"Snecko Eye":16,"Vajra":22,"MealTicket":12,"Prayer Wheel":22,"Juzu Bracelet":29,"Bottled Tornado":6,"Ancient Tea Set":29,"Toy Ornithopter":22,"Ring of the Snake":0}],"Toy Ornithopter":10,"Ring of the Snake":[28]},"card_choices":[{"not_picked":["Capacitor","Cold Snap"],"picked":"Quick Slash","floor":0},{"not_picked":["Quick Slash","Hologram"],"picked":"Leap","floor":0},{"not_picked":["Double Energy","Dodge and Roll"],"picked":"Flying Knee","floor":0},{"not_picked":["Go for the Eyes","Cold Snap"],"picked":"Calculated Gamble","floor":0},{"not_picked":["Setup","Chill"],"picked":"Turbo","floor":0},{"not_picked":["Streamline","Cold Snap"],"picked":"Skewer","floor":0},{"not_picked":["Blizzard","Go for the Eyes"],"picked":"Dagger Spray","floor":0},{"not_picked":["PiercingWail","Fusion"],"picked":"Quick Slash","floor":0},{"not_picked":["Auto Shields","Conserve Battery"],"picked":"Predator","floor":0},{"not_picked":["Static Discharge","Coolheaded"],"picked":"Rebound","floor":0},{"not_picked":["BootSequence","Backflip"],"picked":"Well Laid Plans","floor":0},{"not_picked":["Outmaneuver","Compile Driver"],"picked":"Quick Slash","floor":0},{"not_picked":["Conserve Battery","Leap"],"picked":"Dagger Throw","floor":0},{"not_picked":["FTL","Prepared"],"picked":"Beam Cell","floor":0},{"not_picked":["Quick Slash","Steam"],"picked":"Recycle","floor":0},{"not_picked":["Setup","Poisoned Stab"],"picked":"Dagger Spray","floor":1},{"not_picked":["Dagger Throw","All Out Attack","Gash"],"picked":"SKIP","floor":4},{"not_picked":["Distraction","Expertise","Ball Lightning"],"picked":"SKIP","floor":7},{"not_picked":["Poisoned Stab","Deadly Poison","Well Laid Plans"],"picked":"SKIP","floor":11},{"not_picked":["Ball Lightning","Barrage"],"picked":"Masterful Stab","floor":12},{"not_picked":["Redo","Rebound"],"picked":"Calculated Gamble","floor":13},{"not_picked":["A Thousand Cuts","Electrodynamics"],"picked":"All For One","floor":16},{"not_picked":["Heatsinks","Sweeping Beam"],"picked":"Hologram","floor":18},{"not_picked":["Redo","Dagger Spray"],"picked":"Eviscerate","floor":22},{"not_picked":["Dodge and Roll+1","Sucker Punch"],"picked":"Predator","floor":24},{"not_picked":["Dagger Throw","Rebound"],"picked":"Underhanded Strike","floor":27},{"not_picked":["Coolheaded","Streamline"],"picked":"Glacier+1","floor":27},{"not_picked":["Go for the Eyes","Cold Snap"],"picked":"Adrenaline","floor":28},{"not_picked":["Riddle With Holes","Outmaneuver","Cloak And Dagger"],"picked":"SKIP","floor":28},{"not_picked":["Die Die Die","Dagger Throw","Chill"],"picked":"SKIP","floor":30}],"player_experience":967655,"relics_obtained":[{"floor":7,"key":"Bottled Tornado"},{"floor":9,"key":"The Specimen"},{"floor":13,"key":"Dream Catcher"},{"floor":24,"key":"Toy Ornithopter"},{"floor":26,"key":"Vajra"},{"floor":30,"key":"Juzu Bracelet"}],"event_choices":[{"damage_healed":0,"gold_gain":0,"player_choice":"Leave","damage_taken":0,"max_hp_gain":0,"max_hp_loss":0,"event_name":"The Cleric","floor":3,"gold_loss":0},{"damage_healed":0,"gold_gain":75,"player_choice":"Gather Gold","damage_taken":11,"max_hp_gain":0,"max_hp_loss":0,"event_name":"World of Goop","floor":5,"gold_loss":0},{"damage_healed":0,"gold_gain":0,"player_choice":"Success","damage_taken":3,"relics_obtained":["MealTicket"],"max_hp_gain":0,"max_hp_loss":0,"event_name":"Scrap Ooze","floor":14,"gold_loss":0},{"damage_healed":0,"gold_gain":0,"player_choice":"Shed Blood","damage_taken":13,"max_hp_gain":5,"max_hp_loss":0,"event_name":"Forgotten Altar","floor":19,"gold_loss":0},{"damage_healed":0,"gold_gain":0,"player_choice":"Read","damage_taken":0,"max_hp_gain":0,"max_hp_loss":0,"event_name":"The Library","floor":20,"gold_loss":0,"cards_obtained":["Eviscerate"]},{"damage_healed":0,"gold_gain":0,"cards_transformed":["Flying Knee","Quick Slash"],"player_choice":"Became Test Subject","damage_taken":0,"max_hp_gain":0,"max_hp_loss":0,"event_name":"Drug Dealer","floor":21,"gold_loss":0,"cards_obtained":["Loop","Rainbow"]},{"cards_removed":["Rebound"],"damage_healed":0,"gold_gain":0,"player_choice":"Elegance","damage_taken":0,"max_hp_gain":0,"max_hp_loss":0,"event_name":"Back to Basics","floor":23,"gold_loss":0},{"damage_healed":0,"gold_gain":0,"player_choice":"Obtained Relic","damage_taken":0,"relics_obtained":["Prayer Wheel"],"max_hp_gain":0,"max_hp_loss":0,"event_name":"Addict","floor":25,"gold_loss":85},{"damage_healed":0,"gold_gain":0,"player_choice":"Became a Ghost","damage_taken":0,"max_hp_gain":0,"max_hp_loss":23,"event_name":"Ghosts","floor":29,"gold_loss":0,"cards_obtained":["Ghostly","Ghostly","Ghostly","Ghostly","Ghostly"]}],"is_beta":false,"boss_relics":[{"not_picked":["Runic Pyramid","Calling Bell"],"picked":"Snecko Eye"}],"items_purged_floors":[],"is_endless":false,"potions_floor_spawned":[1,11,12,22,24],"killed_by":"Champ","ascension_level":0}}