{"host":"Mute","time":1611592209,"event":{"mods":["BaseMod","Colored Map","Downfall","Minty Spire (QoL Compilation)","StSLib"],"gold_per_floor":[99,110,210,227,238,264,301,346,377,401,413,444,456,494,523,535,535,535],"floor_reached":16,"language":"ENG","playtime":1511,"items_purged":[],"score":149,"play_id":"4aeb4a37-898a-40d5-8a16-181f41b600c6","local_time":"20210125113009","is_ascension_mode":false,"campfire_choices":[{"data":"bronze:Replicate","floor":1,"key":"SMITH"},{"data":"bronze:Return","floor":11,"key":"SMITH"},{"data":"bronze:Fortify","floor":13,"key":"SMITH"}],"circlet_count":0,"master_deck":["bronze:Strike","bronze:Strike","bronze:Strike","bronze:Strike","bronze:Defend","bronze:Defend","bronze:Defend","bronze:Defend","bronze:Replicate+1","bronze:Goto","bronze:WhirlingStrike","bronze:Return+1","bronze:Branch","bronze:FollowUp","bronze:Frontload","bronze:DelayedGuard","bronze:Boost","bronze:Fortify+1","bronze:BronzeOrb","bronze:WhirlingStrike"],"relics":["bronze:BronzeCore","MawBank","Nunchaku","Gremlin Horn","Toxic Egg 2"],"acts_visited":["Exordium"],"potions_floor_usage":[],"damage_taken":[{"damage":0,"enemies":"Small Slimes","floor":2,"turns":3},{"damage":1,"enemies":"Cultist","floor":4,"turns":3},{"damage":11,"enemies":"Jaw Worm","floor":5,"turns":2},{"damage":6,"enemies":"Gremlin Nob","floor":6,"turns":4},{"damage":0,"enemies":"3 Sentries","floor":8,"turns":5},{"damage":18,"enemies":"Large Slime","floor":9,"turns":5},{"damage":3,"enemies":"Blue Slaver","floor":10,"turns":5},{"damage":0,"enemies":"Red Slaver","floor":12,"turns":3},{"damage":14,"enemies":"Gremlin Nob","floor":14,"turns":5},{"damage":9,"enemies":"3 Louse","floor":15,"turns":3},{"damage":16,"enemies":"IC_STATUS_ARCHETYPE","floor":16,"turns":10}],"seed_played":"2965599172422519030","potions_obtained":[{"floor":4,"key":"ColorlessPotion"},{"floor":8,"key":"DistilledChaos"},{"floor":12,"key":"GamblersBrew"}],"is_trial":false,"path_per_floor":["R","M","?","M","M","E","T","E","M","M","R","M","R","E","M","B"],"character_chosen":"THE_AUTOMATON","items_purchased":[],"campfire_rested":0,"item_purchase_floors":[],"current_hp_per_floor":[77,77,77,76,65,59,59,59,41,38,38,38,38,24,15,0,0,0],"gold":535,"neow_bonus":"TEN_PERCENT_HP_BONUS","is_daily":false,"chose_seed":false,"campfire_upgraded":3,"win_rate":0.0,"timestamp":1611592209,"path_taken":["R","M","?","?","M","E","T","E","M","M","R","M","R","E","M","BOSS"],"items_purchased_type":[],"build_version":"2020-12-18","purchased_purges":0,"victory":false,"max_hp_per_floor":[77,77,77,77,77,77,77,77,77,77,77,77,77,77,77,77,77,77],"card_choices":[{"not_picked":["bronze:BugBarrage","bronze:BronzeOrb"],"picked":"bronze:WhirlingStrike","floor":2},{"not_picked":["bronze:Invalidate","bronze:BuggyMess"],"picked":"bronze:Return","floor":4},{"not_picked":["bronze:Overheat","bronze:Invalidate"],"picked":"bronze:Branch","floor":5},{"not_picked":["bronze:Verify","bronze:Frontload"],"picked":"bronze:FollowUp","floor":6},{"not_picked":["bronze:ItsAFeature","bronze:BugBarrage"],"picked":"bronze:Frontload","floor":8},{"not_picked":["bronze:BronzeArmor","bronze:Overload"],"picked":"bronze:DelayedGuard","floor":9},{"not_picked":["bronze:Fortify","bronze:Repair"],"picked":"bronze:Boost","floor":10},{"not_picked":["bronze:Overheat","bronze:ChildClass"],"picked":"bronze:Fortify","floor":12},{"not_picked":["bronze:CloningBeam","bronze:WildBeam"],"picked":"bronze:BronzeOrb","floor":14},{"not_picked":["bronze:BugBarrage","bronze:WildBeam"],"picked":"bronze:WhirlingStrike","floor":15}],"player_experience":441560,"relics_obtained":[{"floor":6,"key":"MawBank"},{"floor":7,"key":"Nunchaku"},{"floor":8,"key":"Gremlin Horn"},{"floor":14,"key":"Toxic Egg 2"}],"event_choices":[],"is_beta":true,"boss_relics":[],"items_purged_floors":[],"is_endless":false,"potions_floor_spawned":[4,8,12,14,15],"killed_by":"IC_STATUS_ARCHETYPE","ascension_level":0}}