{"host":"qeogwbudlaqzb6hy","time":1611543161,"event":{"mods":["BaseMod","Downfall","Minty Spire (QoL Compilation)","StSLib"],"gold_per_floor":[99,99,99,51,51,77,77,88,104,129,304,214,214,230,246,246,246,246],"floor_reached":16,"language":"ENG","playtime":769,"items_purged":["Doubt"],"score":108,"play_id":"408e1cfc-296a-4184-88b3-53f43f9f3ba9","local_time":"20210125125241","is_ascension_mode":false,"campfire_choices":[{"data":"bronze:Replicate","floor":1,"key":"SMITH"},{"data":"bronze:Goto","floor":13,"key":"SMITH"}],"circlet_count":0,"master_deck":["bronze:Strike","bronze:Strike","bronze:Strike","bronze:Defend","bronze:Defend","bronze:Defend","bronze:Defend","bronze:Replicate+1","bronze:Goto+1","bronze:ChosenStrike","bronze:Return","bronze:Shell","bronze:WhirlingStrike","bronze:DelayedSlice","bronze:Frontload","bronze:Constructor","bronze:Repair","bronze:CloningBeam","bronze:ClassDefault","bronze:ForceShield"],"relics":["bronze:BronzeCore","downfall:HeartsMalice","Anchor","Matryoshka","bronze:SilverBullet"],"acts_visited":["Exordium"],"potions_floor_usage":[],"damage_taken":[{"damage":0,"enemies":"Small Slimes","floor":2,"turns":1},{"damage":0,"enemies":"Jaw Worm","floor":3,"turns":1},{"damage":0,"enemies":"downfall:FleeingMerchant","floor":4,"turns":1},{"damage":21,"enemies":"Lagavulin","floor":6,"turns":7},{"damage":1,"enemies":"Cultist","floor":8,"turns":3},{"damage":6,"enemies":"Gremlin Gang","floor":9,"turns":5},{"damage":6,"enemies":"Gremlin Nob","floor":10,"turns":5},{"damage":0,"enemies":"downfall:FleeingMerchant","floor":12,"turns":4},{"damage":2,"enemies":"Blue Slaver","floor":14,"turns":3},{"damage":0,"enemies":"3 Louse","floor":15,"turns":1},{"damage":63,"enemies":"SI_SHIV_ARCHETYPE","floor":16,"turns":8}],"seed_played":"2229025244041133256","potions_obtained":[{"floor":6,"key":"LiquidMemories"},{"floor":9,"key":"bronze:FreeFunctionsPotion"},{"floor":15,"key":"Slimebound:ThreeZeroPotion"}],"is_trial":false,"path_per_floor":["R","M","M","$","?","E","T","M","M","E","?","$","R","M","M","B"],"character_chosen":"THE_AUTOMATON","items_purchased":["bronze:WhirlingStrike"],"campfire_rested":0,"item_purchase_floors":[4],"current_hp_per_floor":[70,70,70,70,70,49,49,48,42,36,36,43,43,41,48,0,0,0],"gold":246,"neow_bonus":"THREE_ENEMY_KILL","is_daily":false,"chose_seed":false,"campfire_upgraded":2,"win_rate":0.0,"timestamp":1611543161,"path_taken":["R","M","M","$","?","E","T","M","M","E","?","?","R","?","M","BOSS"],"items_purchased_type":["Card"],"build_version":"2020-12-22","purchased_purges":1,"victory":false,"max_hp_per_floor":[70,70,70,70,70,70,70,70,70,70,70,70,70,70,70,70,70,70],"card_choices":[{"not_picked":["bronze:WhirlingStrike","bronze:Overheat"],"picked":"bronze:ChosenStrike","floor":2},{"not_picked":["bronze:Safeguard","bronze:CutThrough"],"picked":"bronze:Return","floor":3},{"not_picked":["bronze:BugBarrage","bronze:FineTuning"],"picked":"bronze:Shell","floor":4},{"not_picked":["bronze:ItsAFeature","bronze:Iterate"],"picked":"bronze:DelayedSlice","floor":6},{"not_picked":["bronze:Deprecate","bronze:WildBeam"],"picked":"bronze:Frontload","floor":8},{"not_picked":["bronze:CutThrough","bronze:FineTuning"],"picked":"bronze:Constructor","floor":9},{"not_picked":["bronze:Iterate","bronze:ChosenStrike"],"picked":"bronze:Repair","floor":10},{"not_picked":["bronze:ChosenStrike","bronze:Allocate"],"picked":"bronze:CloningBeam","floor":12},{"not_picked":["bronze:Fortify","bronze:WildBeam"],"picked":"bronze:ClassDefault","floor":14},{"not_picked":["bronze:Frontload","bronze:Constructor"],"picked":"bronze:ForceShield","floor":15}],"player_experience":314507,"relics_obtained":[{"floor":6,"key":"Anchor"},{"floor":7,"key":"Matryoshka"},{"floor":10,"key":"bronze:SilverBullet"}],"event_choices":[{"cards_removed":["bronze:Strike"],"damage_healed":0,"gold_gain":0,"player_choice":"Card Removal","damage_taken":0,"max_hp_gain":0,"max_hp_loss":0,"event_name":"The Cleric","floor":5,"gold_loss":0}],"is_beta":false,"boss_relics":[],"items_purged_floors":[12],"is_endless":false,"potions_floor_spawned":[6,9,15],"killed_by":"SI_SHIV_ARCHETYPE","ascension_level":0}}