{"host":"sc0o2qwpf9j16a4i","time":1611570405,"event":{"mods":["AchievementEnabler","BaseMod","BetterRewards","Block Reminder","Colored Map","Colored Powertips","Custom Start","Highlight Path","Minty Spire (QoL Compilation)","Relic Stats"],"gold_per_floor":[110,122,122,122,147,147,182,182,182,195,211,235,18,57,57,151,151,172,188,188,188,188,217,217,245,245,245,280,310,334,363,375,459,471,499,523,548,560,587,599,625,666,731,773,805,457,503,522,522,522,522,522,522,43,43,43],"floor_reached":55,"language":"ENG","playtime":2925,"items_purged":["Strike_P","Strike_P"],"score":2027,"play_id":"7bcd755f-8ca9-44ad-8fe7-aefd9801212f","local_time":"20210125122645","is_ascension_mode":true,"campfire_choices":[{"data":"EmptyFist","floor":6.0,"key":"SMITH"},{"floor":8.0,"key":"REST"},{"floor":15.0,"key":"REST"},{"data":"Ragnarok","floor":24.0,"key":"SMITH"},{"data":"WheelKick","floor":27.0,"key":"SMITH"},{"data":"Meditate","floor":32.0,"key":"SMITH"},{"floor":40.0,"key":"RECALL"},{"floor":49,"key":"REST"},{"data":"Discovery","floor":53,"key":"SMITH"}],"circlet_count":0,"master_deck":["AscendersBane","Strike_P","Strike_P","Defend_P","Defend_P","Defend_P","Defend_P","Eruption","Vigilance","EmptyFist+1","CutThroughFate","MentalFortress","DevaForm","CrushJoints","MentalFortress","Evaluate","Apotheosis","EmptyMind","Ragnarok+1","WheelKick+1","Vault","Meditate+1","MentalFortress","Protect","Blasphemy","Wireheading","ThirdEye","Discovery+1","Enlightenment","ThirdEye","Fasting2","Protect","ConjureBlade","Wish","MentalFortress"],"relics":["PureWater","Bloody Idol","StrikeDummy","HornCleat","Damaru","Snecko Eye","Centennial Puzzle","Bag of Preparation","Mercury Hourglass","MawBank","VioletLotus","Bottled Flame","Unceasing Top","TeardropLocket","Bird Faced Urn","Oddly Smooth Stone"],"acts_visited":["Exordium","TheCity","TheBeyond","TheEnding"],"potions_floor_usage":[51],"damage_taken":[{"damage":0.0,"enemies":"Small Slimes","floor":1.0,"turns":2.0},{"damage":4.0,"enemies":"Jaw Worm","floor":2.0,"turns":3.0},{"damage":3.0,"enemies":"2 Louse","floor":5.0,"turns":4.0},{"damage":15.0,"enemies":"Lagavulin","floor":7.0,"turns":6.0},{"damage":5.0,"enemies":"Exordium Thugs","floor":10.0,"turns":4.0},{"damage":1.0,"enemies":"2 Fungi Beasts","floor":11.0,"turns":3.0},{"damage":5.0,"enemies":"Large Slime","floor":12.0,"turns":4.0},{"damage":12.0,"enemies":"3 Sentries","floor":14.0,"turns":5.0},{"damage":14.0,"enemies":"The Guardian","floor":16.0,"turns":9.0},{"damage":0.0,"enemies":"Spheric Guardian","floor":18.0,"turns":4.0},{"damage":6.0,"enemies":"2 Thieves","floor":19.0,"turns":4.0},{"damage":2.0,"enemies":"Book of Stabbing","floor":23.0,"turns":4.0},{"damage":0.0,"enemies":"Gremlin Leader","floor":25.0,"turns":4.0},{"damage":8.0,"enemies":"Book of Stabbing","floor":28.0,"turns":4.0},{"damage":0.0,"enemies":"Cultist and Chosen","floor":29.0,"turns":3.0},{"damage":0.0,"enemies":"Centurion and Healer","floor":30.0,"turns":5.0},{"damage":6.0,"enemies":"Chosen and Byrds","floor":31.0,"turns":3.0},{"damage":10.0,"enemies":"Automaton","floor":33.0,"turns":9.0},{"damage":0.0,"enemies":"3 Shapes","floor":35.0,"turns":5.0},{"damage":0.0,"enemies":"3 Darklings","floor":36.0,"turns":3.0},{"damage":2.0,"enemies":"Writhing Mass","floor":37.0,"turns":4.0},{"damage":9.0,"enemies":"4 Shapes","floor":39.0,"turns":7.0},{"damage":13.0,"enemies":"3 Darklings","floor":41.0,"turns":4.0},{"damage":22.0,"enemies":"Reptomancer","floor":42.0,"turns":5.0},{"damage":12.0,"enemies":"Nemesis","floor":44.0,"turns":8.0},{"damage":25.0,"enemies":"Maw","floor":45.0,"turns":6.0},{"damage":4,"enemies":"2 Orb Walkers","floor":47,"turns":5},{"damage":24,"enemies":"Writhing Mass","floor":48,"turns":5},{"damage":27,"enemies":"Awakened One","floor":50,"turns":14},{"damage":35,"enemies":"Donu and Deca","floor":51,"turns":7},{"damage":67,"enemies":"Shield and Spear","floor":55,"turns":6}],"seed_played":"-8370679068670766360","potions_obtained":[{"floor":2.0,"key":"Fire Potion"},{"floor":11.0,"key":"PowerPotion"},{"floor":12.0,"key":"Dexterity Potion"},{"floor":16.0,"key":"Weak Potion"},{"floor":23.0,"key":"FearPotion"},{"floor":31.0,"key":"PowerPotion"},{"floor":42.0,"key":"PowerPotion"},{"floor":45.0,"key":"DistilledChaos"}],"is_trial":false,"path_per_floor":["M","M","?","?","M","R","E","R","T","M","M","M","$","E","R","B",null,"M","M","?","?","?","E","R","E","T","R","E","M","M","M","R","B",null,"M","M","M","?","M","R","M","E","T","E","M","$","?","M","R","B","B",null,"R","$","E"],"character_chosen":"WATCHER","items_purchased":["Apotheosis","TeardropLocket","Wish","Oddly Smooth Stone","MentalFortress"],"campfire_rested":3,"item_purchase_floors":[13,46,54,54,54],"current_hp_per_floor":[61,57,57,62,59,59,44,64,64,59,58,53,53,41,61,47,62,62,56,56,56,56,59,59,64,64,64,61,67,67,66,67,62,67,67,67,67,57,58,63,59,47,57,55,40,45,46,35,55,38,13,54,54,54,0,0],"gold":43,"neow_bonus":"","is_daily":false,"chose_seed":false,"campfire_upgraded":5,"win_rate":0.0,"timestamp":1611570405,"path_taken":["M","M","?","?","M","R","E","R","T","M","M","M","$","E","R","BOSS","M","M","?","?","?","E","R","E","T","R","E","M","M","M","R","BOSS","M","M","M","?","M","R","M","E","T","E","M","$","?","M","R","BOSS","BOSS","R","$","E"],"items_purchased_type":["Card","Relic","Card","Relic","Card"],"build_version":"2020-12-22","purchased_purges":2,"victory":false,"max_hp_per_floor":[68,68,62,67,67,67,67,67,67,67,67,67,67,67,67,67,67,67,67,67,67,67,67,67,67,67,67,67,67,67,67,67,67,67,67,67,67,67,67,67,67,67,67,67,67,67,67,67,67,67,67,67,67,67,67,67],"relic_stats":{"Centennial Puzzle":[42],"counters":[36,182],"Bloody Idol":118,"Bird Faced Urn":[40],"Snecko Eye":[262,248,264,224],"VioletLotus":[35],"Bag of Preparation":[36],"MawBank":216,"obtain_stats":[{"Golden Idol":3,"Damaru":14,"Oddly Smooth Stone":54,"CloakClasp":0,"Bag of Preparation":25,"TeardropLocket":46,"MawBank":28,"Mercury Hourglass":26,"Centennial Puzzle":23,"Bottled Flame":42,"HornCleat":9,"Bloody Idol":20,"Bird Faced Urn":47,"Snecko Eye":17,"VioletLotus":34,"PureWater":0,"StrikeDummy":7,"Unceasing Top":44},{"Golden Idol":7,"Damaru":13,"Oddly Smooth Stone":35,"CloakClasp":0,"Bag of Preparation":18,"TeardropLocket":31,"MawBank":19,"Mercury Hourglass":18,"Centennial Puzzle":17,"Bottled Flame":29,"HornCleat":9,"Bloody Idol":16,"Bird Faced Urn":32,"Snecko Eye":14,"VioletLotus":23,"PureWater":0,"StrikeDummy":9,"Unceasing Top":30},{"Golden Idol":29,"Damaru":55,"Oddly Smooth Stone":176,"CloakClasp":0,"Bag of Preparation":80,"TeardropLocket":145,"MawBank":84,"Mercury Hourglass":80,"Centennial Puzzle":76,"Bottled Flame":131,"HornCleat":39,"Bloody Idol":72,"Bird Faced Urn":150,"Snecko Eye":64,"VioletLotus":104,"PureWater":0,"StrikeDummy":39,"Unceasing Top":139}],"Unceasing Top":[0],"Mercury Hourglass":[480]},"card_choices":[{"not_picked":["BowlingBash","JustLucky"],"picked":"EmptyFist","floor":1.0},{"not_picked":["ForeignInfluence","Indignation"],"picked":"CutThroughFate","floor":2.0},{"not_picked":["Crescendo","EmptyFist"],"picked":"MentalFortress","floor":5.0},{"not_picked":["PathToVictory","Pray"],"picked":"DevaForm","floor":7.0},{"not_picked":["SignatureMove","JustLucky"],"picked":"CrushJoints","floor":10.0},{"not_picked":["Pray","Evaluate"],"picked":"MentalFortress","floor":11.0},{"not_picked":["BowlingBash","FlurryOfBlows"],"picked":"Evaluate","floor":12.0},{"not_picked":["FlurryOfBlows","BowlingBash"],"picked":"EmptyMind","floor":14.0},{"not_picked":["ConjureBlade","Devotion"],"picked":"Ragnarok","floor":16.0},{"not_picked":["WreathOfFlame","ForeignInfluence"],"picked":"WheelKick","floor":18.0},{"not_picked":["FollowUp","Prostrate","SashWhip"],"picked":"SKIP","floor":19.0},{"not_picked":["FollowUp","CrushJoints","ClearTheMind"],"picked":"SKIP","floor":23.0},{"not_picked":["LessonLearned","ThirdEye+1"],"picked":"Vault","floor":25.0},{"not_picked":["MasterReality","ClearTheMind","EmptyFist"],"picked":"SKIP","floor":28.0},{"not_picked":["Swivel","Conclude"],"picked":"Meditate","floor":29.0},{"not_picked":["EmptyBody","EmptyFist"],"picked":"MentalFortress","floor":30.0},{"not_picked":["Consecrate","PathToVictory+1"],"picked":"Protect","floor":31.0},{"not_picked":["ConjureBlade","LessonLearned"],"picked":"Blasphemy","floor":33.0},{"not_picked":["Indignation","Crescendo"],"picked":"Wireheading","floor":35.0},{"not_picked":["FollowUp+1","Halt","Prostrate"],"picked":"SKIP","floor":36.0},{"not_picked":["PathToVictory+1","Pray"],"picked":"ThirdEye","floor":37.0},{"not_picked":["Deep Breath","Good Instincts"],"picked":"Discovery","floor":38.0},{"not_picked":["Jack Of All Trades","Secret Technique"],"picked":"Enlightenment","floor":38.0},{"not_picked":["Evaluate","FlurryOfBlows+1","EmptyFist+1"],"picked":"SKIP","floor":39.0},{"not_picked":["EmptyFist","Consecrate+1","ClearTheMind"],"picked":"SKIP","floor":41.0},{"not_picked":["DevaForm","FollowUp+1"],"picked":"ThirdEye","floor":42.0},{"not_picked":["EmptyBody","Swivel+1"],"picked":"Fasting2","floor":44.0},{"not_picked":["Wireheading","EmptyMind"],"picked":"Protect","floor":45.0},{"not_picked":["CutThroughFate","BattleHymn+1"],"picked":"ConjureBlade","floor":48}],"player_experience":931586,"relics_obtained":[{"floor":7.0,"key":"StrikeDummy"},{"floor":9.0,"key":"HornCleat"},{"floor":14.0,"key":"Damaru"},{"floor":23.0,"key":"Centennial Puzzle"},{"floor":25.0,"key":"Bag of Preparation"},{"floor":26.0,"key":"Mercury Hourglass"},{"floor":28.0,"key":"MawBank"},{"floor":42.0,"key":"Bottled Flame"},{"floor":44.0,"key":"Unceasing Top"},{"floor":47,"key":"Bird Faced Urn"}],"event_choices":[{"damage_healed":0.0,"max_hp_gain":0.0,"max_hp_loss":6.0,"gold_gain":0.0,"event_name":"Golden Idol","player_choice":"Lose Max HP","floor":3.0,"gold_loss":0.0,"damage_taken":0.0,"relics_obtained":["Golden Idol"]},{"damage_healed":0.0,"max_hp_gain":5.0,"max_hp_loss":0.0,"gold_gain":0.0,"event_name":"Big Fish","player_choice":"Donut","floor":4.0,"gold_loss":0.0,"damage_taken":0.0},{"damage_healed":0.0,"max_hp_gain":0.0,"max_hp_loss":0.0,"gold_gain":0.0,"event_name":"Forgotten Altar","player_choice":"Gave Idol","floor":20.0,"relics_lost":["Golden Idol"],"gold_loss":0.0,"damage_taken":0.0,"relics_obtained":["Bloody Idol"]},{"damage_healed":0.0,"max_hp_gain":0.0,"max_hp_loss":0.0,"gold_gain":0.0,"event_name":"The Mausoleum","player_choice":"Ignored","floor":21.0,"gold_loss":0.0,"damage_taken":0.0},{"damage_healed":0.0,"max_hp_gain":0.0,"max_hp_loss":0.0,"gold_gain":0.0,"event_name":"Ghosts","player_choice":"Ignored","floor":22.0,"gold_loss":0.0,"damage_taken":0.0},{"damage_healed":0.0,"max_hp_gain":0.0,"max_hp_loss":0.0,"gold_gain":0.0,"event_name":"SensoryStone","player_choice":"Memory 3","floor":38.0,"gold_loss":0.0,"damage_taken":10.0},{"damage_healed":0,"gold_gain":0,"player_choice":"Fight","damage_taken":0,"max_hp_gain":0,"max_hp_loss":0,"event_name":"Mysterious Sphere","floor":47,"gold_loss":0}],"is_beta":false,"boss_relics":[{"not_picked":["Fusion Hammer","Runic Pyramid"],"picked":"Snecko Eye"},{"not_picked":["Coffee Dripper","Tiny House"],"picked":"VioletLotus"}],"items_purged_floors":[46,54],"is_endless":false,"potions_floor_spawned":[2,11,12,16,18,23,31,33,37,42,44,45,47],"killed_by":"Shield and Spear","ascension_level":20}}