{"host":"vyjryxuuuxkt43k4","time":1611574648,"event":{"mods":["AchievementEnabler","BaseMod","Colored Map","DeckTracker","Keyboard Shortcuts","Minty Spire (QoL Compilation)","Permanent Neow","Quick Restart","Rare Cards Sparkle","StSLib","SuperFastMode","everything is the same but u backflip on backflip"],"gold_per_floor":[110,120,70,70,88,113,113,124,124,157,157,157,157,184,184,281,281,295,309,77,7,7,7,7,7],"floor_reached":24,"language":"KOR","playtime":1015,"items_purged":["Strike_B"],"score":297,"play_id":"b1df5615-40a2-4b03-b83e-e4914a9b979e","local_time":"20210125203728","is_ascension_mode":true,"campfire_choices":[{"data":"Creative AI","floor":7.0,"key":"SMITH"},{"data":"Dualcast","floor":11.0,"key":"SMITH"},{"data":"Coolheaded","floor":13.0,"key":"SMITH"},{"floor":15.0,"key":"REST"},{"data":"Consume","floor":23,"key":"SMITH"}],"circlet_count":0,"master_deck":["Strike_B","Strike_B","Defend_B","Defend_B","Defend_B","Defend_B","Zap","Dualcast+1","Auto Shields","Capacitor","Glacier","Streamline","Creative AI+1","Coolheaded+1","Ball Lightning","Electrodynamics","Reboot","Consume+1","Melter","Self Repair"],"relics":["Cracked Core","PreservedInsect","Omamori","Eternal Feather","WingedGreaves","Sundial","Calling Bell","Anchor","Mercury Hourglass","Ice Cream","Medical Kit","Question Card"],"acts_visited":["Exordium","TheCity"],"potions_floor_usage":[24],"damage_taken":[{"damage":4.0,"enemies":"2 Louse","floor":1.0,"turns":3.0},{"damage":0.0,"enemies":"Small Slimes","floor":2.0,"turns":4.0},{"damage":1.0,"enemies":"Jaw Worm","floor":5.0,"turns":9.0},{"damage":5.0,"enemies":"3 Sentries","floor":6.0,"turns":8.0},{"damage":27.0,"enemies":"Exordium Thugs","floor":8.0,"turns":7.0},{"damage":25.0,"enemies":"Gremlin Nob","floor":10.0,"turns":4.0},{"damage":12.0,"enemies":"3 Sentries","floor":14.0,"turns":7.0},{"damage":26.0,"enemies":"The Guardian","floor":16.0,"turns":14.0},{"damage":18,"enemies":"Spheric Guardian","floor":18,"turns":4},{"damage":19,"enemies":"2 Thieves","floor":19,"turns":4},{"damage":36,"enemies":"Book of Stabbing","floor":24,"turns":6}],"seed_played":"-7132624479627792828","potions_obtained":[{"floor":1.0,"key":"FocusPotion"},{"floor":5.0,"key":"Strength Potion"},{"floor":14.0,"key":"Fire Potion"},{"floor":16.0,"key":"Ancient Potion"},{"floor":19,"key":"Energy Potion"}],"is_trial":false,"path_per_floor":["M","M","?","?","M","E","R","M","T","E","R","?","R","E","R","B",null,"M","M","$","$","?","R","E"],"character_chosen":"DEFECT","items_purchased":["Medical Kit","Self Repair"],"campfire_rested":1,"item_purchase_floors":[20,21],"current_hp_per_floor":[64,64,64,64,63,58,58,31,31,6,15,15,24,12,43,17,61,43,24,24,24,24,36,0,0],"gold":7,"neow_bonus":"THREE_CARDS","is_daily":false,"chose_seed":false,"campfire_upgraded":4,"win_rate":0.0,"timestamp":1611574648,"path_taken":["M","M","?","?","M","E","R","M","T","E","R","?","R","E","R","BOSS","M","M","$","$","?","R","E"],"items_purchased_type":["Relic","Card"],"build_version":"2020-12-22","purchased_purges":1,"victory":false,"max_hp_per_floor":[75,75,75,75,75,75,75,75,75,75,75,75,75,75,75,75,75,75,75,75,75,75,75,75,75],"card_choices":[{"not_picked":["Consume","Steam Power"],"picked":"Auto Shields","floor":0.0},{"not_picked":["Storm","Leap"],"picked":"Capacitor","floor":1.0},{"not_picked":["Streamline","Ball Lightning"],"picked":"Glacier","floor":2.0},{"not_picked":["Beam Cell","Scrape"],"picked":"Streamline","floor":5.0},{"not_picked":["Leap","Reinforced Body"],"picked":"Creative AI","floor":6.0},{"not_picked":["Redo","Conserve Battery"],"picked":"Coolheaded","floor":8.0},{"not_picked":["Gash","Sweeping Beam"],"picked":"Ball Lightning","floor":10.0},{"not_picked":["Capacitor","White Noise"],"picked":"Electrodynamics","floor":14.0},{"not_picked":["Fission","Amplify"],"picked":"Reboot","floor":16.0},{"not_picked":["Doom and Gloom+1","Barrage+1"],"picked":"Consume","floor":18},{"not_picked":["Gash","Glacier"],"picked":"Melter","floor":19}],"player_experience":334806,"relics_obtained":[{"floor":6.0,"key":"PreservedInsect"},{"floor":9.0,"key":"Omamori"},{"floor":10.0,"key":"Eternal Feather"},{"floor":14.0,"key":"Sundial"},{"floor":17,"key":"Anchor"},{"floor":17,"key":"Mercury Hourglass"},{"floor":17,"key":"Ice Cream"}],"event_choices":[{"cards_removed":["Strike_B"],"damage_healed":0.0,"max_hp_gain":0.0,"max_hp_loss":0.0,"gold_gain":0.0,"event_name":"The Cleric","player_choice":"Card Removal","floor":3.0,"gold_loss":50.0,"damage_taken":0.0},{"damage_healed":0.0,"max_hp_gain":0.0,"max_hp_loss":0.0,"gold_gain":0.0,"event_name":"Liars Game","player_choice":"Ignored","floor":4.0,"gold_loss":0.0,"damage_taken":0.0},{"damage_healed":0.0,"max_hp_gain":0.0,"max_hp_loss":0.0,"gold_gain":0.0,"event_name":"Dead Adventurer","player_choice":"Searched \u00271\u0027 times","floor":12.0,"gold_loss":0.0,"damage_taken":0.0,"relics_obtained":["WingedGreaves"]},{"damage_healed":0,"gold_gain":0,"player_choice":"Gave Potion","damage_taken":0,"relics_obtained":["Question Card"],"max_hp_gain":0,"max_hp_loss":0,"event_name":"WeMeetAgain","floor":22,"gold_loss":0}],"is_beta":false,"boss_relics":[{"not_picked":["Pandora\u0027s Box","SlaversCollar"],"picked":"Calling Bell"}],"items_purged_floors":[20],"is_endless":false,"potions_floor_spawned":[1,5,14,16,19],"killed_by":"Book of Stabbing","ascension_level":8}}