{"host":"6l14a1yoo52x3x71","time":1611578347,"event":{"mods":["2.2 Compatiblity","AchievementEnabler","Act Like it!","BaseMod","Better Third Choice","Colored Map","Googly Eyes","Lobotomy","Minty Spire (QoL Compilation)","Permanent Neow","Quick Restart","StSLib"],"gold_per_floor":[114,114,114,114,133,133,133,133,133,148,166,221,221,236,236,236,236],"floor_reached":16,"language":"ENG","playtime":593,"items_purged":[],"score":115,"play_id":"018ce90b-c004-49ca-a6a7-45403b70528a","local_time":"20210125143907","is_ascension_mode":false,"campfire_choices":[{"data":"Rampage","floor":6,"key":"SMITH"},{"data":"Reaper","floor":8,"key":"SMITH"},{"data":"Bash","floor":15,"key":"SMITH"}],"circlet_count":0,"master_deck":["Strike_R","Strike_R","Strike_R","Strike_R","Defend_R","Defend_R","Defend_R","Defend_R","Bash+1","BigBird","Reaper+1","MHz","Rampage+1","OSAHOGD","Havoc+1","Shrug It Off+1"],"relics":["Burning Blood","CogitoBucket","Toxic Egg 2","Pear","Ornamental Fan"],"acts_visited":["Exordium"],"potions_floor_usage":[16],"damage_taken":[{"damage":3,"enemies":"Jaw Worm","floor":1,"turns":4},{"damage":9,"enemies":"2 Louse","floor":5,"turns":4},{"damage":5,"enemies":"Small Slimes","floor":10,"turns":4},{"damage":10,"enemies":"Looter","floor":11,"turns":3},{"damage":22,"enemies":"Gremlin Nob","floor":12,"turns":4},{"damage":58,"enemies":"Large Slime","floor":14,"turns":7},{"damage":60,"enemies":"Hexaghost","floor":16,"turns":14}],"seed_played":"8471131071498185752","potions_obtained":[{"floor":1,"key":"Ancient Potion"},{"floor":10,"key":"Ancient Potion"}],"is_trial":false,"path_per_floor":["M","?","?","?","M","R","T","R","T","M","M","?","$","M","R","B"],"character_chosen":"IRONCLAD","items_purchased":[],"campfire_rested":0,"item_purchase_floors":[],"current_hp_per_floor":[80,80,85,78,78,78,78,78,88,94,91,82,82,48,48,0,0],"gold":236,"neow_bonus":"","is_daily":false,"chose_seed":false,"campfire_upgraded":3,"win_rate":0.0,"timestamp":1611578347,"path_taken":["M","?","?","?","M","R","?","R","T","M","M","?","?","?","R","BOSS"],"items_purchased_type":[],"build_version":"2020-12-22","purchased_purges":0,"victory":false,"max_hp_per_floor":[80,80,85,85,85,85,85,85,95,95,95,95,95,95,95,95,95],"card_choices":[{"not_picked":["GreedKing","Porccubus"],"picked":"BigBird","floor":1},{"not_picked":["Pommel Strike","Body Slam"],"picked":"Reaper","floor":1},{"not_picked":["BlackSwan","WallGazer"],"picked":"MHz","floor":5},{"not_picked":["Pommel Strike","Dropkick"],"picked":"Rampage","floor":5},{"not_picked":["CherryBlossoms","OldLady"],"picked":"OSAHOGD","floor":10},{"not_picked":["Anger","Clash"],"picked":"Havoc+1","floor":10},{"not_picked":["Blood for Blood","Sword Boomerang","Twin Strike"],"picked":"SKIP","floor":11},{"not_picked":["Cleave","Burning Pact+1"],"picked":"Shrug It Off+1","floor":12},{"not_picked":["Shrug It Off+1","Headbutt","Heavy Blade"],"picked":"SKIP","floor":14}],"player_experience":140157,"relics_obtained":[{"floor":7,"key":"Toxic Egg 2"},{"floor":9,"key":"Pear"},{"floor":12,"key":"Ornamental Fan"}],"event_choices":[{"damage_healed":0,"gold_gain":0,"player_choice":"Ignored","damage_taken":0,"max_hp_gain":0,"max_hp_loss":0,"event_name":"Golden Idol","floor":2,"gold_loss":0},{"damage_healed":0,"gold_gain":0,"player_choice":"Donut","damage_taken":0,"max_hp_gain":5,"max_hp_loss":0,"event_name":"Big Fish","floor":3,"gold_loss":0},{"cards_removed":["Strike_R"],"damage_healed":0,"gold_gain":0,"player_choice":"Card Removal","damage_taken":7,"max_hp_gain":0,"max_hp_loss":0,"event_name":"Golden Wing","floor":4,"gold_loss":0},{"damage_healed":0,"gold_gain":0,"player_choice":"Searched \u00271\u0027 times","damage_taken":0,"max_hp_gain":0,"max_hp_loss":0,"event_name":"Dead Adventurer","floor":12,"gold_loss":0}],"is_beta":false,"boss_relics":[],"items_purged_floors":[],"is_endless":false,"potions_floor_spawned":[1,10],"killed_by":"Hexaghost","ascension_level":0}}