{"host":"lzzv50t0ea3gz1kk","time":1611547723,"event":{"mods":["ATMod(°¢èªMod)","Act Like it!","Aspiration","BaseMod","Colored Powertips","Conspire","Downfall","Gensokyo","Hallownest","Hermit","Marisa£¨ìFÓê¡¡Ä§ÀíÉ³£©","Minty Spire (QoL Compilation)","Robot Space Explorer","SIMod","StSLib","The Saiyan"],"gold_per_floor":[99,113,124,124,124,124,124,74,59,78,92,107,135,149,159,263,263,163,179,14,29,29,29,29,45,45,57,57,42,42,54,64,161,161,61,79,79,92,108,18,97,97,97,111,134,34,54,54,69,69,69,103,103,103,103,103],"floor_reached":57,"language":"ZHS","playtime":5466,"items_purged":["Pain"],"score":1158,"play_id":"fc060632-4ae5-43db-ab47-f6989fab748e","local_time":"20210125120843","is_ascension_mode":false,"campfire_choices":[{"data":"champ:Taunt","floor":1.0,"key":"SMITH"},{"floor":18.0,"key":"RECALL"},{"data":"champ:Backstep","floor":23.0,"key":"SMITH"},{"floor":26.0,"key":"REST"},{"data":"champ:SetATrap","floor":28.0,"key":"SMITH"},{"data":"champ:LastStand","floor":30.0,"key":"SMITH"},{"data":"champ:GladiatorForm","floor":35.0,"key":"SMITH"},{"floor":43.0,"key":"REST"},{"data":"champ:CalledShot","floor":46.0,"key":"SMITH"},{"data":"champ:EnGarde","floor":54.0,"key":"SMITH"}],"circlet_count":1,"master_deck":["conspire:GhostlyStrike","conspire:GhostlyStrike","conspire:GhostlyDefend+1","conspire:GhostlyDefend","conspire:GhostlyDefend","conspire:GhostlyDefend","champ:Execute","champ:Taunt+1","champ:LastStand+1","champ:CalledShot+1","champ:Backstep+1","champ:TripleStrike+1","champ:SetATrap+1","champ:FanOfKnives+1","champ:ShieldSlam+1","champ:GutPunch","champ:VampiricStrike","champ:FocusedDefense","champ:Haymaker+1","champ:EnGarde+1","champ:ShieldWall+1","champ:GladiatorForm+1","champ:FancyFootwork+1","champ:FancyFootwork+1","champ:BringItOn+1","champ:EnGarde+1","champ:ViciousMockery+1"],"relics":["champ:ChampionCrown","AT_ATBox","Gremlin Horn","Peace Pipe","conspire:SlowCooker","downfall:HeartBlessingGreen","Circlet","aspiration:HummingbirdHeart","Philosopher\u0027s Stone","downfall:HeartBlessingRed","WarpedTongs","AT_ChloranthyRing","downfall:HeartBlessingBlue","conspire:DecoderRing","War Paint"],"acts_visited":["Exordium","TheCity","TheBeyond","TheEnding"],"potions_floor_usage":[],"damage_taken":[{"damage":6.0,"enemies":"conspire:RoseBush","floor":2.0,"turns":5.0},{"damage":12.0,"enemies":"2 Louse","floor":3.0,"turns":4.0},{"damage":20.0,"enemies":"downfall:FleeingMerchant","floor":8.0,"turns":4.0},{"damage":10.0,"enemies":"downfall:FleeingMerchant","floor":9.0,"turns":4.0},{"damage":15.0,"enemies":"Jaw Worm","floor":10.0,"turns":3.0},{"damage":40.0,"enemies":"Large Slime","floor":11.0,"turns":6.0},{"damage":29.0,"enemies":"Exordium Thugs","floor":12.0,"turns":6.0},{"damage":34.0,"enemies":"3 Sentries","floor":13.0,"turns":7.0},{"damage":16.0,"enemies":"Lots of Slimes","floor":14.0,"turns":3.0},{"damage":6.0,"enemies":"2 Fungi Beasts","floor":15.0,"turns":4.0},{"damage":65.0,"enemies":"DF_ARCHETYPE_STREAMLINE","floor":16.0,"turns":8.0},{"damage":15.0,"enemies":"3 Byrds","floor":19.0,"turns":5.0},{"damage":26.0,"enemies":"downfall:FleeingMerchant","floor":20.0,"turns":4.0},{"damage":19.0,"enemies":"Chosen","floor":21.0,"turns":3.0},{"damage":39.0,"enemies":"Centurion and Healer","floor":25.0,"turns":6.0},{"damage":10.0,"enemies":"Chosen and Byrds","floor":27.0,"turns":6.0},{"damage":15.0,"enemies":"downfall:FleeingMerchant","floor":29.0,"turns":4.0},{"damage":41.0,"enemies":"conspire:HollyBat","floor":31.0,"turns":9.0},{"damage":25.0,"enemies":"Cultist and Chosen","floor":32.0,"turns":6.0},{"damage":78.0,"enemies":"WA_ARCHETYPE_CALM","floor":33.0,"turns":10.0},{"damage":10.0,"enemies":"3 Shapes","floor":36.0,"turns":5.0},{"damage":41.0,"enemies":"3 Darklings","floor":38.0,"turns":4.0},{"damage":27.0,"enemies":"Writhing Mass","floor":39.0,"turns":6.0},{"damage":0.0,"enemies":"downfall:FleeingMerchant","floor":40.0,"turns":4.0},{"damage":14.0,"enemies":"Jaw Worm Horde","floor":44.0,"turns":3.0},{"damage":23.0,"enemies":"Sphere and 2 Shapes","floor":47.0,"turns":4.0},{"damage":25.0,"enemies":"3 Darklings","floor":49.0,"turns":3.0},{"damage":49.0,"enemies":"SI_POISON_ARCHETYPE","floor":50.0,"turns":5.0},{"damage":76.0,"enemies":"downfall:CharBossMerchant","floor":52.0,"turns":7.0},{"damage":197.0,"enemies":"downfall:NeowBoss","floor":55.0,"turns":12.0},{"damage":325,"enemies":"downfall:NeowBossFinal","floor":56,"turns":12}],"seed_played":"6355918236279124917","potions_obtained":[{"floor":10.0,"key":"ColorlessPotion"},{"floor":11.0,"key":"Block Potion"},{"floor":12.0,"key":"SkillPotion"},{"floor":13.0,"key":"champ:TechniquePotion"},{"floor":14.0,"key":"bronze:BurnAndBuffPotion"},{"floor":16.0,"key":"SkillPotion"},{"floor":25.0,"key":"champ:CounterPotion"},{"floor":31.0,"key":"Regen Potion"},{"floor":33.0,"key":"conspire:TimeTravelPotion"},{"floor":36.0,"key":"AttackPotion"},{"floor":38.0,"key":"DistilledChaos"},{"floor":47.0,"key":"DuplicationPotion"}],"is_trial":false,"path_per_floor":["R","M","M","?","?","?","T","$","$","M","M","M","E","M","M","B",null,"R","M","$","M","?","R","T","M","R","M","R","$","R","M","M","B",null,"R","M","?","M","M","$","T","?","R","M","?","R","M","T","M","B",null,"E","$","R","B","B",null],"character_chosen":"THE_CHAMP","items_purchased":["champ:SetATrap","vexMod:PaidLearning"],"campfire_rested":2,"item_purchase_floors":[8,20],"current_hp_per_floor":[90,89,87,87,87,87,87,87,87,87,82,73,59,48,42,1,90,90,80,79,75,60,60,60,56,83,83,83,83,83,82,76,38,90,90,90,90,84,77,77,77,77,90,86,86,96,93,93,93,84,100,100,100,100,58,100],"gold":103,"neow_bonus":"TRANSFORM_CARD","is_daily":false,"chose_seed":false,"campfire_upgraded":7,"win_rate":0.0,"timestamp":1611547723,"path_taken":["R","M","M","?","?","?","T","?","$","?","M","M","E","M","M","BOSS","R","M","$","M","?","R","T","M","R","M","R","$","R","M","M","BOSS","R","M","?","?","M","$","T","?","R","M","?","R","M","?","M","BOSS","E","$","R","BOSS","BOSS"],"items_purchased_type":["Card","Undefined"],"build_version":"2020-12-22","purchased_purges":1,"victory":true,"max_hp_per_floor":[90,90,90,90,90,90,90,90,90,90,90,90,90,90,90,90,90,90,90,90,90,90,90,90,90,90,90,90,90,90,90,90,90,90,90,90,90,90,90,90,90,90,90,90,90,100,100,100,100,100,100,100,100,100,100,100],"card_choices":[{"not_picked":["champ:PreciseThrust","champ:Circumvent"],"picked":"champ:CalledShot","floor":2.0},{"not_picked":["champ:BladeFlurry","champ:EndlessRage"],"picked":"champ:Backstep","floor":3.0},{"not_picked":["champ:RageSigil","champ:StanceDance"],"picked":"champ:TripleStrike","floor":8.0},{"not_picked":["champ:StanceDance","champ:GutPunch"],"picked":"champ:FanOfKnives","floor":9.0},{"not_picked":["champ:Circumvent","champ:TornadoPunch"],"picked":"champ:ShieldSlam","floor":10.0},{"not_picked":["champ:ArenaPreparation","champ:StanceDance","champ:ShieldWall"],"picked":"SKIP","floor":11.0},{"not_picked":["champ:HeartStrike","champ:TornadoPunch","champ:PreciseThrust"],"picked":"SKIP","floor":12.0},{"not_picked":["champ:MurderStrike","champ:PreciseThrust","champ:BladeFlurry"],"picked":"SKIP","floor":13.0},{"not_picked":["champ:PerfectedStrike","champ:Backstep","champ:DefensiveShout"],"picked":"SKIP","floor":14.0},{"not_picked":["champ:IronFortress","champ:DefensiveStyle"],"picked":"champ:GutPunch","floor":15.0},{"not_picked":["champ:HeavySlash","champ:CheapShot"],"picked":"champ:VampiricStrike","floor":16.0},{"not_picked":["champ:AdrenalArmor","champ:PerfectedStrike"],"picked":"champ:FocusedDefense","floor":19.0},{"not_picked":["champ:HeartStrike","champ:FlashCut"],"picked":"champ:Haymaker+1","floor":20.0},{"not_picked":["champ:EndlessRage","champ:FanOfKnives+1"],"picked":"champ:EnGarde","floor":21.0},{"not_picked":["champ:Haymaker","champ:Shatter"],"picked":"champ:ShieldWall+1","floor":25.0},{"not_picked":["champ:HeartStrike","champ:GladiatorStyle+1","champ:BerserkersShout"],"picked":"SKIP","floor":27.0},{"not_picked":["champ:Shatter","champ:FaceSlap","champ:FanOfKnives"],"picked":"SKIP","floor":29.0},{"not_picked":["champ:FanOfKnives","champ:Duel+1","champ:Lariat"],"picked":"SKIP","floor":31.0},{"not_picked":["champ:IronFortress+1","champ:CrownThrow+1","champ:FocusedBerserking"],"picked":"SKIP","floor":32.0},{"not_picked":["champ:HoldFirm","champ:StrikeOfGenius"],"picked":"champ:GladiatorForm","floor":33.0},{"not_picked":["champ:StanceDance","champ:FalseCounter+1"],"picked":"champ:FancyFootwork+1","floor":36.0},{"not_picked":["champ:TornadoPunch+1","champ:Haymaker+1"],"picked":"champ:FancyFootwork+1","floor":38.0},{"not_picked":["champ:RisingSlash","champ:Shatter+1"],"picked":"champ:BringItOn+1","floor":39.0},{"not_picked":["champ:DefensiveShout+1","champ:HeavySlash","champ:TornadoPunch+1"],"picked":"SKIP","floor":40.0},{"not_picked":["champ:DeathBlow+1","champ:AdrenalArmor","champ:Haymaker+1"],"picked":"SKIP","floor":44.0},{"not_picked":["champ:Backstep","champ:PreciseThrust"],"picked":"champ:EnGarde+1","floor":47.0},{"not_picked":["champ:FlashCut","champ:PreciseThrust","champ:Circumvent"],"picked":"SKIP","floor":49.0},{"not_picked":["champ:FanOfKnives+1","champ:StanceDance"],"picked":"champ:ViciousMockery+1","floor":52.0}],"player_experience":403172,"relics_obtained":[{"floor":7.0,"key":"Gremlin Horn"},{"floor":13.0,"key":"Peace Pipe"},{"floor":24.0,"key":"aspiration:HummingbirdHeart"},{"floor":45.0,"key":"AT_ChloranthyRing"},{"floor":48.0,"key":"conspire:DecoderRing"},{"floor":52.0,"key":"War Paint"}],"event_choices":[{"damage_healed":0.0,"max_hp_gain":0.0,"max_hp_loss":0.0,"gold_gain":0.0,"event_name":"conspire:LoneGhost","player_choice":"Agree","floor":5.0,"gold_loss":0.0,"damage_taken":0.0},{"damage_healed":0.0,"max_hp_gain":0.0,"max_hp_loss":0.0,"gold_gain":0.0,"event_name":"conspire:Investor","player_choice":"Leave","floor":6.0,"gold_loss":0.0,"damage_taken":0.0},{"damage_healed":0.0,"max_hp_gain":0.0,"max_hp_loss":0.0,"gold_gain":0.0,"event_name":"Accursed Blacksmith","player_choice":"Rummage","floor":37.0,"gold_loss":0.0,"damage_taken":0.0,"relics_obtained":["WarpedTongs"],"cards_obtained":["Pain"]}],"is_beta":false,"boss_relics":[{"not_picked":["vexMod:RockOfEvil","Runic Pyramid"],"picked":"conspire:SlowCooker"},{"not_picked":["aspiration:MarisaSkillbook","vexMod:BigBerry"],"picked":"Philosopher\u0027s Stone"}],"items_purged_floors":[40],"is_endless":false,"potions_floor_spawned":[10,11,12,13,14,16,25,31,33,36,38,47,49],"ascension_level":0}}