{"host":"hwrdjx5eod2cxh09","time":1611572707,"event":{"mods":["AchievementEnabler","BaseMod","Bestiary","Minty Spire (QoL Compilation)","Relic Stats"],"gold_per_floor":[215,170,270,288,305,305,340,340,340,351,382,231,243,262,262,361,361,361,286,286,239,239,239,239,239,239,239,239,239,239,239,239,239,239,239,239,239],"floor_reached":36,"language":"ENG","playtime":1152,"items_purged":[],"score":398,"play_id":"c30eb0cf-894e-44c4-b59c-46a39395a2d8","local_time":"20210125200507","is_ascension_mode":false,"campfire_choices":[{"data":"Perfected Strike","floor":6,"key":"SMITH"},{"data":"Iron Wave","floor":8,"key":"SMITH"},{"data":"Perfected Strike","floor":15,"key":"SMITH"},{"data":"Iron Wave","floor":23,"key":"SMITH"},{"data":"Perfected Strike","floor":32,"key":"SMITH"}],"circlet_count":0,"master_deck":["Strike_R+1","Strike_R+1","Strike_R+1","Strike_R+1","Strike_R+1","Defend_R+1","Defend_R+1","Defend_R+1","Defend_R+1","Bash","Perfected Strike+1","Iron Wave+1","Iron Wave+1","Perfected Strike+1","Cleave","Shrug It Off","Twin Strike+1","Clash","Shrug It Off","Perfected Strike+1","Headbutt+1","Shrug It Off","Flex+1","Pommel Strike+1","Reckless Charge+1"],"relics":["Burning Blood","FossilizedHelix","Pantograph","Calipers","Nunchaku","Ectoplasm","Anchor","Molten Egg 2","Tiny House"],"acts_visited":["Exordium","TheCity","TheBeyond"],"potions_floor_usage":[11,16,16,33],"damage_taken":[{"damage":14,"enemies":"Small Slimes","floor":1,"turns":4},{"damage":1,"enemies":"Cultist","floor":4,"turns":3},{"damage":6,"enemies":"Jaw Worm","floor":5,"turns":4},{"damage":35,"enemies":"Lagavulin","floor":7,"turns":10},{"damage":8,"enemies":"2 Fungi Beasts","floor":10,"turns":4},{"damage":16,"enemies":"Gremlin Nob","floor":11,"turns":5},{"damage":0,"enemies":"Gremlin Gang","floor":13,"turns":5},{"damage":7,"enemies":"Exordium Thugs","floor":14,"turns":4},{"damage":73,"enemies":"The Guardian","floor":16,"turns":12},{"damage":11,"enemies":"Shell Parasite","floor":18,"turns":3},{"damage":0,"enemies":"Spheric Guardian","floor":20,"turns":3},{"damage":4,"enemies":"Shelled Parasite and Fungi","floor":22,"turns":5},{"damage":0,"enemies":"3 Cultists","floor":27,"turns":5},{"damage":0,"enemies":"Cultist and Chosen","floor":28,"turns":5},{"damage":0,"enemies":"Chosen and Byrds","floor":29,"turns":4},{"damage":6,"enemies":"Book of Stabbing","floor":30,"turns":4},{"damage":0,"enemies":"Snake Plant","floor":31,"turns":2},{"damage":67,"enemies":"Collector","floor":33,"turns":7},{"damage":0,"enemies":"Orb Walker","floor":35,"turns":2}],"seed_played":"-7507596810502558032","potions_obtained":[{"floor":5,"key":"BloodPotion"},{"floor":7,"key":"HeartOfIron"},{"floor":10,"key":"Weak Potion"},{"floor":14,"key":"Swift Potion"},{"floor":16,"key":"ColorlessPotion"},{"floor":18,"key":"HeartOfIron"},{"floor":34,"key":"Swift Potion"}],"is_trial":false,"path_per_floor":["M","$","?","M","M","R","E","R","T","M","E","$","M","M","R","B",null,"M","?","M","$","M","R","?","?","T","M","M","M","E","M","R","B",null,"M","$"],"character_chosen":"IRONCLAD","items_purchased":["Thunderclap","Nunchaku","Twin Strike"],"campfire_rested":0,"item_purchase_floors":[2,12,21],"current_hp_per_floor":[72,72,72,77,77,77,48,48,48,46,36,36,42,41,41,15,80,75,75,80,80,80,80,80,80,80,80,80,80,80,80,80,19,85,85,85,85],"gold":239,"neow_bonus":"HUNDRED_GOLD","is_daily":false,"chose_seed":false,"campfire_upgraded":5,"win_rate":0.0,"timestamp":1611572707,"path_taken":["M","$","?","?","M","R","E","R","T","M","E","$","M","M","R","BOSS","M","?","M","$","M","R","?","?","T","M","M","M","E","M","R","BOSS","M","$"],"items_purchased_type":["Card","Relic","Card"],"build_version":"2020-12-22","purchased_purges":0,"victory":false,"max_hp_per_floor":[80,80,80,80,80,80,80,80,80,80,80,80,80,80,80,80,80,80,80,80,80,80,80,80,80,80,80,80,80,80,80,80,80,85,85,85,85],"relic_stats":{"Nunchaku":[13],"counters":[19,91],"Pantograph":25,"Ectoplasm":329,"obtain_stats":[{"Nunchaku":12,"Anchor":26,"Calipers":11,"Tiny House":34,"Pantograph":9,"Molten Egg 2":30,"Ectoplasm":17,"Burning Blood":0,"FossilizedHelix":7},{"Nunchaku":6,"Anchor":12,"Calipers":6,"Tiny House":18,"Pantograph":4,"Molten Egg 2":16,"Ectoplasm":9,"Burning Blood":0,"FossilizedHelix":4},{"Nunchaku":30,"Anchor":62,"Calipers":30,"Tiny House":89,"Pantograph":21,"Molten Egg 2":80,"Ectoplasm":51,"Burning Blood":0,"FossilizedHelix":21}],"Burning Blood":81},"card_choices":[{"not_picked":["Sword Boomerang","Blood for Blood"],"picked":"Perfected Strike","floor":1},{"not_picked":["Rampage","Combust"],"picked":"Iron Wave","floor":4},{"not_picked":["Dual Wield","Warcry"],"picked":"Iron Wave","floor":5},{"not_picked":["Thunderclap","Rampage","Ghostly Armor"],"picked":"SKIP","floor":7},{"not_picked":["Heavy Blade","Iron Wave"],"picked":"True Grit","floor":10},{"not_picked":["Rupture","Hemokinesis","Exhume"],"picked":"SKIP","floor":11},{"not_picked":["True Grit","Armaments"],"picked":"Perfected Strike","floor":13},{"not_picked":["Warcry","Anger"],"picked":"Cleave","floor":14},{"not_picked":["Flex","Body Slam+1"],"picked":"Shrug It Off","floor":18},{"not_picked":["Havoc+1","True Grit+1","Dropkick"],"picked":"SKIP","floor":20},{"not_picked":["Entrench","Dropkick"],"picked":"Clash","floor":22},{"not_picked":["Intimidate","Heavy Blade+1"],"picked":"Shrug It Off","floor":27},{"not_picked":["Pummel","Sword Boomerang+1"],"picked":"Perfected Strike","floor":28},{"not_picked":["True Grit+1","Iron Wave"],"picked":"Headbutt+1","floor":29},{"not_picked":["Pummel+1","Intimidate"],"picked":"Shrug It Off","floor":30},{"not_picked":["Exhume","Sword Boomerang+1"],"picked":"Flex+1","floor":31},{"not_picked":["Perfected Strike+1","Sword Boomerang+1"],"picked":"Pommel Strike+1","floor":34},{"not_picked":["Thunderclap+1","Second Wind"],"picked":"Reckless Charge+1","floor":35}],"player_experience":295474,"relics_obtained":[{"floor":7,"key":"FossilizedHelix"},{"floor":9,"key":"Pantograph"},{"floor":11,"key":"Calipers"},{"floor":26,"key":"Anchor"},{"floor":30,"key":"Molten Egg 2"}],"event_choices":[{"damage_healed":0,"gold_gain":100,"player_choice":"Pray","damage_taken":0,"max_hp_gain":0,"max_hp_loss":0,"event_name":"Golden Shrine","floor":3,"gold_loss":0},{"cards_removed":["True Grit"],"damage_healed":0,"gold_gain":0,"player_choice":"Gave Gold","damage_taken":0,"max_hp_gain":0,"max_hp_loss":0,"event_name":"Beggar","floor":19,"gold_loss":75},{"damage_healed":0,"gold_gain":0,"player_choice":"Simplicity","damage_taken":0,"max_hp_gain":0,"max_hp_loss":0,"event_name":"Back to Basics","floor":24,"gold_loss":0,"cards_upgraded":["Strike_R","Strike_R","Strike_R","Strike_R","Strike_R","Defend_R","Defend_R","Defend_R","Defend_R"]},{"cards_removed":["Thunderclap"],"damage_healed":5,"gold_gain":0,"player_choice":"Offered Common","damage_taken":0,"max_hp_gain":0,"max_hp_loss":0,"event_name":"Bonfire Elementals","floor":25,"gold_loss":0},{"cards_removed":["Thunderclap"],"damage_healed":5,"gold_gain":0,"player_choice":"Offered Special","damage_taken":0,"max_hp_gain":0,"max_hp_loss":0,"event_name":"Bonfire Elementals","floor":25,"gold_loss":0}],"is_beta":false,"boss_relics":[{"not_picked":["Philosopher\u0027s Stone","Astrolabe"],"picked":"Ectoplasm"},{"not_picked":["Velvet Choker","Runic Dome"],"picked":"Tiny House"}],"items_purged_floors":[],"is_endless":false,"potions_floor_spawned":[5,7,10,14,16,18,27,28],"ascension_level":0}}