{"host":"78zdngn0u28jm0pp","time":1611602350,"event":{"mods":["BaseMod","Jorbs\u0027s Wanderer Trilogy","Minty Spire (QoL Compilation)","Permanent Neow","Quick Restart","Relic Stats","StSLib","Unceasing Turn Reminder"],"gold_per_floor":[110,110,125,144,154,154,180,180,260,260,260],"floor_reached":10,"language":"ENG","playtime":407,"items_purged":[],"score":71,"play_id":"2cb3d1f5-20dd-4d90-8aa1-138af5e274fd","local_time":"20210125121910","is_ascension_mode":true,"campfire_choices":[{"data":"Eruption","floor":6,"key":"SMITH"},{"data":"MentalFortress","floor":8,"key":"SMITH"}],"circlet_count":0,"master_deck":["Strike_P","Strike_P","Strike_P","Strike_P","Defend_P","Defend_P","Defend_P","Defend_P","Eruption+1","Vigilance","SashWhip","MentalFortress+1","FlurryOfBlows","ClearTheMind","EmptyMind"],"relics":["PureWater","Nunchaku","Ice Cream","Matryoshka"],"acts_visited":["Exordium"],"potions_floor_usage":[7],"damage_taken":[{"damage":6,"enemies":"Cultist","floor":1,"turns":5},{"damage":0,"enemies":"2 Louse","floor":3,"turns":2},{"damage":7,"enemies":"Jaw Worm","floor":4,"turns":4},{"damage":0,"enemies":"Exordium Wildlife","floor":5,"turns":3},{"damage":14,"enemies":"Lagavulin","floor":7,"turns":6},{"damage":39,"enemies":"Gremlin Nob","floor":10,"turns":4}],"seed_played":"-8644499686631035204","potions_obtained":[{"floor":3,"key":"GamblersBrew"},{"floor":4,"key":"Fruit Juice"}],"is_trial":false,"path_per_floor":["M","?","M","M","M","R","E","R","T","E"],"character_chosen":"WATCHER","items_purchased":[],"campfire_rested":0,"item_purchase_floors":[],"current_hp_per_floor":[66,59,59,52,52,52,38,38,38,0,0],"gold":260,"neow_bonus":"RANDOM_COMMON_RELIC","is_daily":false,"chose_seed":false,"campfire_upgraded":2,"win_rate":0.0,"timestamp":1611602350,"path_taken":["M","?","?","M","M","R","E","R","T","E"],"items_purchased_type":[],"build_version":"2020-12-22","purchased_purges":0,"victory":false,"max_hp_per_floor":[72,72,72,72,72,72,72,72,72,72,72],"relic_stats":{"Nunchaku":[4],"counters":[6,24],"obtain_stats":[{"Ice Cream":7,"Nunchaku":0,"Matryoshka":9,"PureWater":0},{"Ice Cream":5,"Nunchaku":0,"Matryoshka":5,"PureWater":0},{"Ice Cream":20,"Nunchaku":0,"Matryoshka":20,"PureWater":0}]},"card_choices":[{"not_picked":["FollowUp","Perseverance"],"picked":"SashWhip","floor":1},{"not_picked":["BowlingBash","FollowUp"],"picked":"MentalFortress","floor":3},{"not_picked":["LikeWater","ThirdEye"],"picked":"FlurryOfBlows","floor":4},{"not_picked":["Halt","Vengeance"],"picked":"ClearTheMind","floor":5},{"not_picked":["FollowUp","SashWhip"],"picked":"EmptyMind","floor":7}],"player_experience":245773,"relics_obtained":[{"floor":7,"key":"Ice Cream"},{"floor":9,"key":"Matryoshka"}],"event_choices":[{"damage_healed":0,"gold_gain":0,"player_choice":"Damaged","damage_taken":7,"max_hp_gain":0,"max_hp_loss":0,"event_name":"Wheel of Change","floor":2,"gold_loss":0}],"is_beta":false,"boss_relics":[],"items_purged_floors":[],"is_endless":false,"potions_floor_spawned":[3,4],"killed_by":"Gremlin Nob","ascension_level":1}}