{"host":"edc6wmn2qug8wnvl","time":1611568258,"event":{"mods":["AchievementEnabler","BaseMod","Colored Map","Colored Powertips","Minty Spire (QoL Compilation)","StSLib"],"gold_per_floor":[113,113,113,125,145,176,194,209,209,283,41,41,216,235,235,332,332,346,286,286],"floor_reached":19,"language":"ENG","playtime":1144,"items_purged":[],"score":169,"play_id":"584101ae-002b-459c-9df9-478f07a40a16","local_time":"20210125015058","is_ascension_mode":false,"campfire_choices":[{"data":"Rainbow","floor":12,"key":"SMITH"},{"floor":15,"key":"REST"}],"circlet_count":0,"master_deck":["Strike_B","Strike_B","Strike_B","Strike_B","Defend_B","Defend_B","Defend_B","Defend_B","Dualcast","Conserve Battery","Rainbow+1","Fission","Master of Strategy","Defragment","Doubt","Recycle","Multi-Cast","Reinforced Body+1"],"relics":["Cracked Core","NeowsBlessing","Pocketwatch","FossilizedHelix","Gremlin Horn","Runic Pyramid"],"acts_visited":["Exordium","TheCity"],"potions_floor_usage":[6,14],"damage_taken":[{"damage":0,"enemies":"Jaw Worm","floor":1,"turns":1},{"damage":0,"enemies":"2 Louse","floor":4,"turns":1},{"damage":0,"enemies":"Small Slimes","floor":5,"turns":1},{"damage":44,"enemies":"Lagavulin","floor":6,"turns":9},{"damage":4,"enemies":"Exordium Wildlife","floor":7,"turns":8},{"damage":3,"enemies":"Exordium Thugs","floor":8,"turns":4},{"damage":0,"enemies":"3 Louse","floor":14,"turns":5},{"damage":32,"enemies":"Hexaghost","floor":16,"turns":13},{"damage":10,"enemies":"Shell Parasite","floor":18,"turns":11},{"damage":23,"enemies":"2 Thieves","floor":19,"turns":3}],"seed_played":"4914734759313982296","potions_obtained":[{"floor":4,"key":"Explosive Potion"},{"floor":5,"key":"FairyPotion"},{"floor":8,"key":"Dexterity Potion"}],"is_trial":false,"path_per_floor":["M","?","?","M","M","E","M","M","T","T","$","R","?","M","R","B",null,"M","M"],"character_chosen":"DEFECT","items_purchased":["Master of Strategy","Defragment"],"campfire_rested":1,"item_purchase_floors":[11,11],"current_hp_per_floor":[75,75,80,80,80,36,32,29,29,29,29,29,29,29,53,21,80,70,47,47],"gold":286,"neow_bonus":"THREE_ENEMY_KILL","is_daily":false,"chose_seed":false,"campfire_upgraded":1,"win_rate":0.0,"timestamp":1611568258,"path_taken":["M","?","?","M","M","E","M","M","T","?","$","R","?","M","R","BOSS","M","M"],"items_purchased_type":["Card","Card"],"build_version":"2020-12-22","purchased_purges":0,"victory":false,"max_hp_per_floor":[75,75,80,80,80,80,80,80,80,80,80,80,80,80,80,80,80,80,80,80],"card_choices":[{"not_picked":["Turbo","Glacier"],"picked":"Conserve Battery","floor":1},{"not_picked":["Redo","Cold Snap","Blizzard"],"picked":"SKIP","floor":4},{"not_picked":["Consume","Stack","Heatsinks"],"picked":"SKIP","floor":5},{"not_picked":["Force Field","Compile Driver"],"picked":"Fission","floor":6},{"not_picked":["Consume","Beam Cell","Stack"],"picked":"SKIP","floor":7},{"not_picked":["Barrage","Leap","Streamline"],"picked":"SKIP","floor":8},{"not_picked":["Rebound","Go for the Eyes"],"picked":"Recycle","floor":14},{"not_picked":["Reboot","Electrodynamics"],"picked":"Multi-Cast","floor":16},{"not_picked":["Compile Driver+1","Static Discharge+1"],"picked":"Reinforced Body+1","floor":18}],"player_experience":36715,"relics_obtained":[{"floor":6,"key":"Pocketwatch"},{"floor":9,"key":"FossilizedHelix"},{"floor":10,"key":"Gremlin Horn"}],"event_choices":[{"damage_healed":0,"gold_gain":0,"cards_transformed":["Zap"],"player_choice":"Change","damage_taken":0,"max_hp_gain":0,"max_hp_loss":0,"event_name":"Living Wall","floor":2,"gold_loss":0,"cards_obtained":["Rainbow"]},{"damage_healed":0,"gold_gain":0,"player_choice":"Donut","damage_taken":0,"max_hp_gain":5,"max_hp_loss":0,"event_name":"Big Fish","floor":3,"gold_loss":0},{"damage_healed":0,"gold_gain":175,"player_choice":"AGREE","damage_taken":0,"max_hp_gain":0,"max_hp_loss":0,"event_name":"Liars Game","floor":13,"gold_loss":0,"cards_obtained":["Doubt"]}],"is_beta":false,"boss_relics":[{"not_picked":["Astrolabe","Cursed Key"],"picked":"Runic Pyramid"}],"items_purged_floors":[],"is_endless":false,"potions_floor_spawned":[4,5,8],"killed_by":"2 Thieves","ascension_level":0}}