{"host":"t9zjxed0utvsfjwc","time":1611590475,"event":{"mods":["2.2 Compatiblity","Aspiration","BaseMod","Better Altar","Better Match","Better Note","Better Sensory Stone","Better Skull","Better Third Choice","Block Reminder","Colored Map","Colored Powertips","Custom Start","Hermit","Highlight Path","Hubris","Infinite Spire","Minty Spire (QoL Compilation)","Quick Restart","Rare Cards Sparkle","Reliquary","Replay The Spire","Shade Mod","StSLib","The Cursed","The Disciple","The Marked","The Runesmith","Unceasing Turn Reminder","everything is the same but u backflip on backflip"],"gold_per_floor":[114,208,228,30,30,61,61,78,78,78,110,122,122,22,22,125,125,139,14,14,27,38,38,38],"floor_reached":23,"language":"ENG","playtime":871,"items_purged":["Defend_R","Strike_R","Defend_R"],"score":288,"play_id":"c224e294-db47-4417-8077-6e4f97ee0a92","local_time":"20210125160115","is_ascension_mode":true,"campfire_choices":[{"data":"Armaments","floor":7,"key":"SMITH"},{"data":"ReplayTheSpireMod:Stacked","floor":15,"key":"SMITH"}],"circlet_count":0,"master_deck":["Strike_R","Strike_R","Strike_R","Strike_R","Defend_R","Defend_R","Bash","Impervious","Iron Wave","Armaments+1","ReplayReversal+1","Ghostly Armor","ReplayTheSpireMod:Stacked+1","Pommel Strike","Pain","ReplayTheSpireMod:Stacked"],"relics":["Burning Blood","Centennial Puzzle","BargainBundle","Iron Hammer","aspiration:SeaSaltIceCream","NeowsBlessing","ReplayTheSpireMod:Lightbulb","aspiration:BabyByrd","WarpedTongs"],"acts_visited":["Exordium","TheCity"],"potions_floor_usage":[6,23,23,23],"damage_taken":[{"damage":5,"enemies":"Jaw Worm","floor":1,"turns":4},{"damage":4,"enemies":"Cultist","floor":3,"turns":5},{"damage":13,"enemies":"Lagavulin","floor":6,"turns":8},{"damage":0,"enemies":"Small Slimes","floor":8,"turns":4},{"damage":0,"enemies":"Gremlin Nob","floor":11,"turns":1},{"damage":0,"enemies":"Exordium Wildlife","floor":12,"turns":1},{"damage":0,"enemies":"Slime Boss","floor":16,"turns":1},{"damage":8,"enemies":"Chosen","floor":18,"turns":6},{"damage":16,"enemies":"3 Byrds","floor":21,"turns":6},{"damage":4,"enemies":"Snake Plant","floor":22,"turns":5},{"damage":71,"enemies":"Nightmare","floor":23,"turns":16}],"seed_played":"674988055797124239","potions_obtained":[{"floor":3,"key":"PowerPotion"},{"floor":6,"key":"Strength Potion"},{"floor":11,"key":"Reflective Coating"},{"floor":16,"key":"Strength Potion"}],"is_trial":false,"path_per_floor":["M","?","M","$","?","E","R","M","T","$","E","M","?","$","R","B",null,"M","$","?","M","M","NM"],"character_chosen":"IRONCLAD","items_purchased":["BargainBundle"],"campfire_rested":0,"item_purchase_floors":[4],"current_hp_per_floor":[80,60,62,62,62,55,55,61,61,61,67,73,73,73,73,79,80,78,78,78,68,70,0,0],"gold":38,"neow_bonus":"ONE_RANDOM_RARE_CARD","is_daily":false,"chose_seed":false,"campfire_upgraded":2,"win_rate":0.0,"timestamp":1611590475,"path_taken":["M","?","?","$","?","E","R","M","T","$","E","M","?","?","R","BOSS","M","$","?","M","M","NM"],"items_purchased_type":["Relic"],"build_version":"2020-12-22","purchased_purges":3,"victory":false,"max_hp_per_floor":[80,80,80,80,80,80,80,80,80,80,80,80,80,80,80,80,80,80,80,80,80,80,80,80],"card_choices":[{"not_picked":["Shrug It Off","Metallicize"],"picked":"Iron Wave","floor":1},{"not_picked":["Flex","Clash"],"picked":"Armaments","floor":2},{"not_picked":["Havoc","Combust"],"picked":"ReplayReversal","floor":2},{"not_picked":["Entrench","Sword Boomerang"],"picked":"Ghostly Armor","floor":3},{"not_picked":["Clash","Sword Boomerang"],"picked":"ReplayTheSpireMod:Stacked","floor":6},{"not_picked":["Heavy Blade","Headbutt","Wild Strike"],"picked":"SKIP","floor":8},{"not_picked":["Fire Breathing","Hemogenesis","Perfected Strike"],"picked":"SKIP","floor":11},{"not_picked":["Heavy Blade","Warcry"],"picked":"Pommel Strike","floor":12},{"not_picked":["Sever Soul","Body Slam","Armaments"],"picked":"SKIP","floor":18},{"not_picked":["Battle Trance","Infernal Blade","Searing Blow"],"picked":"SKIP","floor":21},{"not_picked":["Carnage+1","Bloodletting"],"picked":"ReplayTheSpireMod:Stacked","floor":22}],"player_experience":413389,"relics_obtained":[{"floor":2,"key":"Centennial Puzzle"},{"floor":6,"key":"Iron Hammer"},{"floor":9,"key":"aspiration:SeaSaltIceCream"},{"floor":11,"key":"ReplayTheSpireMod:Lightbulb"}],"event_choices":[{"damage_healed":0,"gold_gain":0,"player_choice":"Rummage","damage_taken":0,"relics_obtained":["WarpedTongs"],"max_hp_gain":0,"max_hp_loss":0,"event_name":"Accursed Blacksmith","floor":20,"gold_loss":0,"cards_obtained":["Pain"]}],"is_beta":false,"boss_relics":[{"not_picked":["Replay:Drink Me","aspiration:FutureDiary","Sozu"]}],"items_purged_floors":[4,14,19],"is_endless":false,"potions_floor_spawned":[3,6,11,16,22],"killed_by":"Nightmare","ascension_level":1}}