{"host":"8u7tvcybuv0u72fd","time":1611554173,"event":{"mods":["BaseMod","BetterRewards","Colored Map","Colored Powertips","Minty Spire (QoL Compilation)","Quick Restart","Shop Mod"],"gold_per_floor":[115,135,135,154,24,24,24,24,24,24,24,38,79,98,98,221,221,236,74,88,88,102,126,126,126,126,151,182,53,53,53,53,183,183,206,206,14,38,97,97,115,135,161,161,177,177,195,216,216,216,216,216,17,50,50],"floor_reached":56,"language":"ENG","playtime":2495,"items_purged":["Strike_R","Strike_R","Strike_R+1"],"score":1594,"play_id":"a699645f-bcc8-4cbb-8514-106326673aeb","local_time":"20210125005613","is_ascension_mode":false,"campfire_choices":[{"data":"Iron Wave","floor":7.0,"key":"SMITH"},{"data":"Cleave","floor":11.0,"key":"SMITH"},{"data":"Uppercut","floor":15.0,"key":"SMITH"},{"data":"Body Slam","floor":25.0,"key":"SMITH"},{"data":"Double Tap","floor":32.0,"key":"SMITH"},{"floor":40.0,"key":"DIG"},{"floor":44.0,"key":"RECALL"},{"data":"1","floor":46.0,"key":"LIFT"},{"data":"Rage","floor":49.0,"key":"SMITH"},{"data":"2","floor":52,"key":"LIFT"}],"circlet_count":0,"master_deck":["Strike_R+1","Strike_R+1","Defend_R+1","Defend_R+1","Defend_R+1","Defend_R+1","Bash+1","Iron Wave+1","Cleave+1","Headbutt","Uppercut+1","Double Tap+1","Sword Boomerang+1","Shrug It Off+1","Seeing Red+1","Twin Strike+1","Body Slam+1","Feed","CurseOfTheBell","Bandage Up+1","Rage+1","Inflame+1"],"relics":["Burning Blood","ClockworkSouvenir","Vajra","Girya","Membership Card","Singing Bowl","Gambling Chip","Thread and Needle","Golden Idol","MealTicket","Red Skull","White Beast Statue","Boot","SacredBark","MerchantsRug","Bag of Preparation","Dream Catcher","Akabeko","Orichalcum","Ornamental Fan","MutagenicStrength","Calling Bell","Bag of Marbles","Paper Frog","Magic Flower","War Paint","Medical Kit","Shovel","Mango","Mercury Hourglass","Lee\u0027s Waffle","InkBottle"],"acts_visited":["Exordium","TheCity","TheBeyond","TheEnding"],"potions_floor_usage":[55,55,55],"damage_taken":[{"damage":0.0,"enemies":"2 Louse","floor":1.0,"turns":2.0},{"damage":2.0,"enemies":"Jaw Worm","floor":2.0,"turns":2.0},{"damage":0.0,"enemies":"Small Slimes","floor":4.0,"turns":2.0},{"damage":0.0,"enemies":"Blue Slaver","floor":12.0,"turns":2.0},{"damage":4.0,"enemies":"Lagavulin","floor":13.0,"turns":5.0},{"damage":0.0,"enemies":"Exordium Thugs","floor":14.0,"turns":3.0},{"damage":30.0,"enemies":"Hexaghost","floor":16.0,"turns":9.0},{"damage":0.0,"enemies":"3 Byrds","floor":18.0,"turns":1.0},{"damage":0.0,"enemies":"Spheric Guardian","floor":20.0,"turns":3.0},{"damage":3.0,"enemies":"Snake Plant","floor":22.0,"turns":4.0},{"damage":0.0,"enemies":"Snecko","floor":23.0,"turns":3.0},{"damage":0.0,"enemies":"Centurion and Healer","floor":27.0,"turns":2.0},{"damage":7.0,"enemies":"Slavers","floor":28.0,"turns":3.0},{"damage":40.0,"enemies":"Collector","floor":33.0,"turns":9.0},{"damage":0.0,"enemies":"Orb Walker","floor":35.0,"turns":1.0},{"damage":0.0,"enemies":"3 Shapes","floor":38.0,"turns":1.0},{"damage":7.0,"enemies":"2 Orb Walkers","floor":39.0,"turns":2.0},{"damage":6.0,"enemies":"Sphere and 2 Shapes","floor":41.0,"turns":2.0},{"damage":0.0,"enemies":"Maw","floor":42.0,"turns":5.0},{"damage":0.0,"enemies":"Transient","floor":45.0,"turns":5.0},{"damage":0.0,"enemies":"3 Darklings","floor":47.0,"turns":1.0},{"damage":5.0,"enemies":"4 Shapes","floor":48.0,"turns":3.0},{"damage":27.0,"enemies":"Awakened One","floor":50.0,"turns":10.0},{"damage":12,"enemies":"Shield and Spear","floor":54,"turns":5},{"damage":139,"enemies":"The Heart","floor":55,"turns":7}],"seed_played":"-4900476146627621461","potions_obtained":[{"floor":2.0,"key":"BloodPotion"},{"floor":4.0,"key":"Swift Potion"},{"floor":12.0,"key":"SkillPotion"},{"floor":13.0,"key":"Energy Potion"},{"floor":16.0,"key":"Dexterity Potion"},{"floor":18.0,"key":"PowerPotion"},{"floor":22.0,"key":"Fire Potion"},{"floor":23.0,"key":"LiquidBronze"},{"floor":27.0,"key":"Swift Potion"},{"floor":28.0,"key":"LiquidBronze"},{"floor":35.0,"key":"Dexterity Potion"},{"floor":41.0,"key":"Explosive Potion"},{"floor":47.0,"key":"Regen Potion"},{"floor":48.0,"key":"EssenceOfSteel"}],"is_trial":false,"path_per_floor":["M","M","?","M","$","?","R","?","T","$","R","M","E","M","R","B",null,"M","$","M","?","M","M","?","R","T","M","E","$","?","?","R","B",null,"M","?","$","M","?","R","M","M","T","R","M","R","M","M","R","B",null,"R","$","E","B",null],"character_chosen":"IRONCLAD","items_purchased":["ClockworkSouvenir","Vajra","Membership Card","Singing Bowl","Gambling Chip","Iron Wave","Cleave","GamblersBrew","FearPotion","Explosive Potion","Matryoshka","Shrug It Off","MerchantsRug","Bag of Preparation","Ornamental Fan","Bandage Up","War Paint","Medical Kit","Mercury Hourglass","Lee\u0027s Waffle"],"campfire_rested":0,"item_purchase_floors":[0,0,0,0,0,0,0,0,0,0,5,19,19,19,29,37,37,37,53,53],"current_hp_per_floor":[40,60,40,48,48,48,48,45,45,60,60,66,70,78,78,54,88,88,88,90,90,90,90,90,90,90,92,93,94,94,94,94,60,94,96,96,96,101,103,117,122,127,127,127,129,129,129,134,134,125,134,134,141,141,61],"gold":50,"neow_bonus":"","is_daily":false,"chose_seed":false,"campfire_upgraded":6,"win_rate":0.0,"timestamp":1611554173,"path_taken":["M","M","?","M","$","?","R","?","T","?","R","?","E","M","R","BOSS","M","$","M","?","M","?","?","R","T","M","E","$","?","?","R","BOSS","M","?","$","M","?","R","M","M","T","R","M","R","M","?","R","BOSS","R","$","E","BOSS"],"items_purchased_type":["Relic","Relic","Relic","Relic","Relic","Card","Card","Potion","Potion","Potion","Relic","Card","Relic","Relic","Relic","Card","Relic","Relic","Relic","Relic"],"build_version":"2020-12-22","purchased_purges":3,"victory":true,"max_hp_per_floor":[82,82,82,84,84,84,84,84,84,84,84,84,86,88,88,88,88,88,88,90,90,90,90,90,90,90,92,94,94,94,94,94,94,94,96,96,96,101,103,117,122,127,127,127,129,129,129,134,134,134,134,134,141,141,141],"card_choices":[{"not_picked":["Clash","Twin Strike","True Grit"],"picked":"Singing Bowl","floor":1.0},{"not_picked":["Dual Wield","Battle Trance"],"picked":"Headbutt","floor":2.0},{"not_picked":["Anger","Cleave","Havoc"],"picked":"Singing Bowl","floor":4.0},{"not_picked":["Armaments","Fire Breathing"],"picked":"Uppercut","floor":12.0},{"not_picked":["Entrench","Exhume","Havoc"],"picked":"Singing Bowl","floor":13.0},{"not_picked":["Wild Strike","Sever Soul","Clash"],"picked":"Singing Bowl","floor":14.0},{"not_picked":["Exhume","Demon Form"],"picked":"Double Tap","floor":16.0},{"not_picked":["Flex","Thunderclap"],"picked":"Sword Boomerang+1","floor":18.0},{"not_picked":["Shockwave+1","Rupture","Headbutt"],"picked":"Singing Bowl","floor":20.0},{"not_picked":["Dual Wield","Armaments"],"picked":"Seeing Red+1","floor":22.0},{"not_picked":["Flame Barrier","Evolve+1"],"picked":"Twin Strike+1","floor":23.0},{"not_picked":["Sword Boomerang","Wild Strike","Iron Wave"],"picked":"Singing Bowl","floor":27.0},{"not_picked":["Burning Pact+1","Power Through","Anger"],"picked":"Singing Bowl","floor":28.0},{"not_picked":["Fiend Fire","Brutality"],"picked":"Feed","floor":33.0},{"not_picked":["Wild Strike","Warcry+1","Havoc"],"picked":"Singing Bowl","floor":35.0},{"not_picked":["Searing Blow+1","Flex+1","Twin Strike"],"picked":"Singing Bowl","floor":38.0},{"not_picked":["Rupture","Clothesline+1","Perfected Strike"],"picked":"Singing Bowl","floor":39.0},{"not_picked":["Twin Strike","Bludgeon","Blood for Blood"],"picked":"Singing Bowl","floor":41.0},{"not_picked":["Seeing Red","Metallicize","Dropkick"],"picked":"Singing Bowl","floor":42.0},{"not_picked":["Carnage","Clash","Perfected Strike"],"picked":"Singing Bowl","floor":45.0},{"not_picked":["Clash+1","Bloodletting"],"picked":"Rage","floor":47.0},{"not_picked":["Rampage+1","Rage+1","Iron Wave+1"],"picked":"Singing Bowl","floor":48.0},{"not_picked":["Reckless Charge+1","Second Wind+1"],"picked":"Inflame+1","floor":54}],"player_experience":1417382,"relics_obtained":[{"floor":9.0,"key":"Red Skull"},{"floor":9.0,"key":"White Beast Statue"},{"floor":13.0,"key":"Boot"},{"floor":26.0,"key":"Dream Catcher"},{"floor":26.0,"key":"Akabeko"},{"floor":28.0,"key":"Orichalcum"},{"floor":34.0,"key":"Bag of Marbles"},{"floor":34.0,"key":"Paper Frog"},{"floor":34.0,"key":"Magic Flower"},{"floor":39.0,"key":"Shovel"},{"floor":40.0,"key":"Mango"},{"floor":54,"key":"InkBottle"}],"event_choices":[{"damage_healed":0.0,"max_hp_gain":0.0,"max_hp_loss":0.0,"gold_gain":0.0,"event_name":"Golden Idol","player_choice":"Take Damage","floor":3.0,"gold_loss":0.0,"damage_taken":20.0,"relics_obtained":["Golden Idol"]},{"damage_healed":0.0,"max_hp_gain":0.0,"max_hp_loss":0.0,"gold_gain":0.0,"event_name":"Living Wall","player_choice":"Grow","floor":6.0,"gold_loss":0.0,"damage_taken":0.0,"cards_upgraded":["Bash"]},{"damage_healed":0.0,"max_hp_gain":0.0,"max_hp_loss":0.0,"gold_gain":0.0,"event_name":"Scrap Ooze","player_choice":"Success","floor":8.0,"gold_loss":0.0,"damage_taken":3.0,"relics_obtained":["MealTicket"]},{"damage_healed":0.0,"max_hp_gain":0.0,"max_hp_loss":0.0,"gold_gain":0.0,"event_name":"Lab","player_choice":"Got Potions","floor":21.0,"gold_loss":0.0,"damage_taken":0.0},{"damage_healed":0.0,"max_hp_gain":0.0,"max_hp_loss":0.0,"gold_gain":0.0,"event_name":"The Library","player_choice":"Read","floor":24.0,"gold_loss":0.0,"damage_taken":0.0,"cards_obtained":["Body Slam"]},{"damage_healed":0.0,"max_hp_gain":0.0,"max_hp_loss":0.0,"gold_gain":0.0,"event_name":"Back to Basics","player_choice":"Simplicity","floor":30.0,"gold_loss":0.0,"damage_taken":0.0,"cards_upgraded":["Strike_R","Strike_R","Strike_R","Defend_R","Defend_R","Defend_R","Defend_R"]},{"damage_healed":0.0,"max_hp_gain":0.0,"max_hp_loss":0.0,"gold_gain":0.0,"event_name":"Drug Dealer","player_choice":"Inject Mutagens","floor":31.0,"gold_loss":0.0,"damage_taken":0.0,"relics_obtained":["MutagenicStrength"]},{"damage_healed":0.0,"max_hp_gain":0.0,"max_hp_loss":0.0,"gold_gain":0.0,"event_name":"Tomb of Lord Red Mask","player_choice":"Ignored","floor":36.0,"gold_loss":0.0,"damage_taken":0.0},{"damage_healed":0.0,"max_hp_gain":0.0,"max_hp_loss":0.0,"gold_gain":0.0,"event_name":"Mysterious Sphere","player_choice":"Fight","floor":39.0,"gold_loss":0.0,"damage_taken":0.0}],"is_beta":false,"boss_relics":[{"not_picked":["Tiny House","Snecko Eye"],"picked":"SacredBark"},{"not_picked":["SlaversCollar","Empty Cage"],"picked":"Calling Bell"}],"items_purged_floors":[0,0,37],"is_endless":false,"potions_floor_spawned":[2,4,12,13,14,16,18,20,22,23,27,28,33,35,38,39,41,42,45,47,48,54],"ascension_level":0}}