{"host":"ml2ro5l6hu6y0pll","time":1611605864,"event":{"mods":["AchievementEnabler","BaseMod","Colored Map","Colored Powertips","Custom Start","Googly Eyes","Minty Spire (QoL Compilation)","Quick Restart","Rare Cards Sparkle","Relic Stats","Reliquary","StSLib","everything is the same but u backflip on backflip"],"gold_per_floor":[114,124,140,153,166,192,219,219,219,247,78,103,115,161,173,259,271,294,306,83,93,108,108,136,165,165,165,265,165,165,176,176,253,253,264,279,279,279],"floor_reached":37,"language":"ENG","playtime":1846,"items_purged":["Strike_P","Strike_P"],"score":1144,"play_id":"ff788cac-3586-4381-b260-1e7bd2b72bad","local_time":"20210125201744","daily_mods":["Flight"],"is_ascension_mode":true,"campfire_choices":[{"floor":8.0,"key":"REST"},{"data":"WheelKick","floor":13.0,"key":"SMITH"},{"data":"Tantrum","floor":15.0,"key":"SMITH"},{"data":"Wallop","floor":23.0,"key":"SMITH"},{"floor":27,"key":"REST"},{"floor":30,"key":"REST"},{"data":"LessonLearned","floor":32,"key":"SMITH"}],"circlet_count":0,"master_deck":["Strike_P+1","Strike_P","Eruption+1","LessonLearned+1","Defend_P+1","Defend_P+1","Defend_P","Defend_P+1","Vigilance+1","Fasting2+1","WheelKick+1","FollowUp+1","FearNoEvil+1","Halt","ThirdEye+1","Wireheading+1","Protect","Halt+1","Tantrum+1","DevaForm+1","Consecrate","Weave+1","Wallop+1","Weave","Omniscience","JustLucky","Meditate"],"relics":["PureWater","OrangePellets","reliquary:RoseTintedGlasses","MawBank","Vajra","reliquary:RedPaperclip","Lantern","Damaru","Orichalcum","StrikeDummy","Du-Vu Doll","Question Card","Cursed Key"],"acts_visited":["Exordium","TheCity","TheBeyond"],"potions_floor_usage":[33],"damage_taken":[{"damage":0.0,"enemies":"Jaw Worm","floor":1.0,"turns":2.0},{"damage":8.0,"enemies":"Small Slimes","floor":2.0,"turns":9.0},{"damage":2.0,"enemies":"2 Louse","floor":3.0,"turns":7.0},{"damage":4.0,"enemies":"Exordium Wildlife","floor":4.0,"turns":7.0},{"damage":11.0,"enemies":"Lots of Slimes","floor":5.0,"turns":6.0},{"damage":0.0,"enemies":"Lagavulin","floor":6.0,"turns":7.0},{"damage":14.0,"enemies":"Gremlin Nob","floor":7.0,"turns":3.0},{"damage":11.0,"enemies":"3 Sentries","floor":10.0,"turns":4.0},{"damage":15.0,"enemies":"Lagavulin","floor":12.0,"turns":5.0},{"damage":0.0,"enemies":"Gremlin Nob","floor":14.0,"turns":3.0},{"damage":0.0,"enemies":"Slime Boss","floor":16.0,"turns":4.0},{"damage":6.0,"enemies":"Shell Parasite","floor":18.0,"turns":4.0},{"damage":10.0,"enemies":"3 Byrds","floor":21.0,"turns":6.0},{"damage":0.0,"enemies":"3 Cultists","floor":22.0,"turns":3.0},{"damage":0,"enemies":"Gremlin Leader","floor":24,"turns":4},{"damage":13,"enemies":"Book of Stabbing","floor":25,"turns":5},{"damage":2,"enemies":"Colosseum Slavers","floor":28,"turns":3},{"damage":26,"enemies":"Colosseum Nobs","floor":28,"turns":4},{"damage":3,"enemies":"Centurion and Healer","floor":31,"turns":5},{"damage":14,"enemies":"Automaton","floor":33,"turns":9},{"damage":12,"enemies":"3 Darklings","floor":35,"turns":5},{"damage":0,"enemies":"Orb Walker","floor":36,"turns":2},{"damage":47,"enemies":"Jaw Worm Horde","floor":37,"turns":2}],"seed_played":"-4579105817886802677","potions_obtained":[{"floor":1.0,"key":"SpeedPotion"},{"floor":3.0,"key":"SkillPotion"},{"floor":5.0,"key":"SteroidPotion"},{"floor":10.0,"key":"StancePotion"},{"floor":18.0,"key":"SpeedPotion"},{"floor":33,"key":"SteroidPotion"}],"is_trial":true,"path_per_floor":["M","M","M","M","M","E","E","R","T","E","$","E","R","E","R","B",null,"M","?","$","M","M","R","E","E","T","R","?","$","R","M","R","B",null,"M","M","M"],"character_chosen":"WATCHER","items_purchased":["Wireheading","Protect","Lantern","Weave"],"campfire_rested":3,"item_purchase_floors":[11,11,20,20],"current_hp_per_floor":[61,53,51,47,36,36,22,42,42,43,43,40,40,40,40,40,61,55,55,55,45,45,45,45,32,32,52,24,24,44,41,41,27,58,46,46,0,0],"gold":279,"neow_bonus":"","is_daily":false,"chose_seed":false,"campfire_upgraded":4,"win_rate":0.0,"timestamp":1611605864,"path_taken":["M","M","M","M","M","E","E","R","T","E","$","E","R","E","R","BOSS","M","?","$","M","M","R","E","E","T","R","?","?","R","M","R","BOSS","M","M","M"],"items_purchased_type":["Card","Card","Relic","Card"],"build_version":"2020-12-22","purchased_purges":2,"victory":false,"max_hp_per_floor":[68,68,68,68,68,68,68,68,68,68,68,68,68,68,68,68,68,68,68,68,68,68,68,68,68,68,68,68,68,68,68,68,68,68,68,68,68,68],"relic_stats":{"OrangePellets":[19],"counters":[23,109],"Orichalcum":[6],"MawBank":96,"Question Card":4,"Cursed Key":0,"obtain_stats":[{"Lantern":20,"Vajra":14,"Damaru":24,"Orichalcum":25,"MawBank":12,"Question Card":28,"Cursed Key":34,"Du-Vu Doll":28,"OrangePellets":0,"reliquary:PorcupineQuills":6,"reliquary:RedPaperclip":17,"reliquary:RoseTintedGlasses":7,"PureWater":0,"StrikeDummy":26,"Meat on the Bone":9},{"Lantern":12,"Vajra":10,"Damaru":15,"Orichalcum":16,"MawBank":9,"Question Card":18,"Cursed Key":20,"Du-Vu Doll":18,"OrangePellets":0,"reliquary:PorcupineQuills":6,"reliquary:RedPaperclip":11,"reliquary:RoseTintedGlasses":7,"PureWater":0,"StrikeDummy":16,"Meat on the Bone":7},{"Lantern":61,"Vajra":53,"Damaru":74,"Orichalcum":79,"MawBank":50,"Question Card":86,"Cursed Key":100,"Du-Vu Doll":86,"OrangePellets":0,"reliquary:PorcupineQuills":38,"reliquary:RedPaperclip":57,"reliquary:RoseTintedGlasses":41,"PureWater":0,"StrikeDummy":79,"Meat on the Bone":41}]},"card_choices":[{"not_picked":["SignatureMove","Evaluate","PathToVictory"],"picked":"SKIP","floor":1.0},{"not_picked":["Nirvana","Evaluate"],"picked":"WheelKick","floor":2.0},{"not_picked":["LikeWater","SashWhip"],"picked":"FollowUp","floor":3.0},{"not_picked":["Worship","CrushJoints","ReachHeaven"],"picked":"SKIP","floor":4.0},{"not_picked":["Adaptation","ClearTheMind"],"picked":"FearNoEvil","floor":5.0},{"not_picked":["Establishment","Pray","FearNoEvil"],"picked":"SKIP","floor":6.0},{"not_picked":["Evaluate","DeusExMachina"],"picked":"Halt","floor":7.0},{"not_picked":["ForeignInfluence","Adaptation"],"picked":"ThirdEye","floor":10.0},{"not_picked":["Worship","BowlingBash"],"picked":"Halt","floor":12.0},{"not_picked":["SashWhip","Adaptation"],"picked":"Tantrum","floor":14.0},{"not_picked":["ConjureBlade","LessonLearned"],"picked":"DevaForm","floor":16.0},{"not_picked":["EmptyFist","InnerPeace"],"picked":"Consecrate","floor":18.0},{"not_picked":["Crescendo","ReachHeaven","Consecrate"],"picked":"SKIP","floor":21.0},{"not_picked":["ClearTheMind","CrushJoints"],"picked":"Wallop","floor":22.0},{"not_picked":["FlurryOfBlows","Crescendo","EmptyBody"],"picked":"SKIP","floor":24},{"not_picked":["CrushJoints+1","Sanctity+1","Consecrate"],"picked":"SKIP","floor":25},{"not_picked":["Wireheading","Prostrate","JustLucky"],"picked":"Weave","floor":31},{"not_picked":["Brilliance","DevaForm","ConjureBlade"],"picked":"Omniscience","floor":33},{"not_picked":["Crescendo","ClearTheMind","EmptyFist"],"picked":"JustLucky","floor":35},{"not_picked":["CrushJoints+1","ClearTheMind","ThirdEye+1"],"picked":"Meditate","floor":36}],"player_experience":845075,"relics_obtained":[{"floor":6.0,"key":"reliquary:PorcupineQuills"},{"floor":7.0,"key":"reliquary:RoseTintedGlasses"},{"floor":9.0,"key":"Meat on the Bone"},{"floor":12.0,"key":"MawBank"},{"floor":14.0,"key":"Vajra"},{"floor":24,"key":"Damaru"},{"floor":25,"key":"Orichalcum"},{"floor":26,"key":"StrikeDummy"},{"floor":28,"key":"Du-Vu Doll"},{"floor":28,"key":"Question Card"}],"event_choices":[{"damage_healed":0.0,"max_hp_gain":0.0,"max_hp_loss":0.0,"gold_gain":0.0,"event_name":"Vampires","player_choice":"Ignored","floor":19.0,"gold_loss":0.0,"damage_taken":0.0},{"damage_healed":0,"gold_gain":0,"player_choice":"Fight","damage_taken":0,"max_hp_gain":0,"max_hp_loss":0,"event_name":"Colosseum","floor":28,"gold_loss":0},{"damage_healed":0,"gold_gain":0,"player_choice":"Fought Nobs","damage_taken":0,"max_hp_gain":0,"max_hp_loss":0,"event_name":"Colosseum","floor":28,"gold_loss":0}],"is_beta":false,"boss_relics":[{"not_picked":["SacredBark","Black Star"],"picked":"reliquary:RedPaperclip"},{"not_picked":["SlaversCollar","Pandora\u0027s Box"],"picked":"Cursed Key"}],"items_purged_floors":[11,29],"is_endless":false,"potions_floor_spawned":[1,3,5,10,12,18,28,31,33,36],"killed_by":"Jaw Worm Horde","ascension_level":20}}