{"host":"szp1d6dso4pv7ddl","time":1611556133,"event":{"mods":["AchievementEnabler","Alarm Clock","BaseMod","Bestiary","Block Reminder","Colored Map","Colored Powertips","Curses Come First","Dark Map","Displayed Cursed Tome","Highlight Path","Minty Spire (QoL Compilation)","Permanent Neow","Quick Restart","Relic Sorter","Relic Stats","StSLib","Synergy Search"],"gold_per_floor":[99,99,99,99,29,29,29,29,29,29,29,29,0,0,0,0,0,0,0,0,0,0,0,0,0,0,0,0,0,0,0,0,0,0],"floor_reached":33,"language":"ENG","playtime":1513,"items_purged":[],"score":343,"play_id":"f13caaed-2ee4-4cd3-8ecc-05b2bfb5f254","local_time":"20210124222853","is_ascension_mode":true,"campfire_choices":[{"data":"Eruption","floor":6.0,"key":"SMITH"},{"data":"Vengeance","floor":11.0,"key":"SMITH"},{"data":"BattleHymn","floor":15.0,"key":"SMITH"},{"data":"Vault","floor":23.0,"key":"SMITH"},{"data":"MentalFortress","floor":29.0,"key":"SMITH"},{"floor":32,"key":"REST"}],"circlet_count":0,"master_deck":["Defend_P","Defend_P","Defend_P","Defend_P","Eruption+1","Vigilance","CarveReality","Meditate","Weave","BattleHymn+1","Vengeance+1","WaveOfTheHand","Vault+1","Halt","ThirdEye","MentalFortress+1","Bite","Bite","Bite","Bite","Bite"],"relics":["Ectoplasm","NlothsMask","Orichalcum","Sozu","Happy Flower","Mummified Hand"],"acts_visited":["Exordium","TheCity"],"potions_floor_usage":[33,33,33],"damage_taken":[{"damage":0.0,"enemies":"Cultist","floor":1.0,"turns":4.0},{"damage":0.0,"enemies":"2 Louse","floor":2.0,"turns":2.0},{"damage":1.0,"enemies":"Small Slimes","floor":3.0,"turns":3.0},{"damage":21.0,"enemies":"Exordium Thugs","floor":4.0,"turns":8.0},{"damage":9.0,"enemies":"2 Fungi Beasts","floor":7.0,"turns":3.0},{"damage":12.0,"enemies":"Lagavulin","floor":10.0,"turns":4.0},{"damage":5.0,"enemies":"Looter","floor":13.0,"turns":5.0},{"damage":29.0,"enemies":"The Guardian","floor":16.0,"turns":6.0},{"damage":2.0,"enemies":"Chosen","floor":18.0,"turns":3.0},{"damage":14.0,"enemies":"Shell Parasite","floor":21.0,"turns":4.0},{"damage":0.0,"enemies":"Sentry and Sphere","floor":24.0,"turns":4.0},{"damage":15.0,"enemies":"Book of Stabbing","floor":25.0,"turns":5.0},{"damage":24,"enemies":"Snake Plant","floor":30,"turns":5},{"damage":52,"enemies":"Champ","floor":33,"turns":7}],"seed_played":"-8966436677858687614","potions_obtained":[{"floor":2.0,"key":"SpeedPotion"},{"floor":3.0,"key":"BlessingOfTheForge"},{"floor":4.0,"key":"PowerPotion"},{"floor":10.0,"key":"PowerPotion"},{"floor":16.0,"key":"BottledMiracle"}],"is_trial":false,"path_per_floor":["M","M","M","M","$","R","M","?","T","E","R","$","M","?","R","B",null,"M","?","?","M","$","R","M","E","T","?","$","R","M","?","R","B"],"character_chosen":"WATCHER","items_purchased":["BattleHymn"],"campfire_rested":1,"item_purchase_floors":[5],"current_hp_per_floor":[72,72,71,50,50,50,41,41,41,29,29,29,24,72,72,43,72,70,57,57,43,43,43,43,28,28,28,28,28,4,4,19,0,0],"gold":0,"neow_bonus":"BOSS_RELIC","is_daily":false,"chose_seed":false,"campfire_upgraded":5,"win_rate":0.0,"timestamp":1611556133,"path_taken":["M","M","?","M","$","R","M","?","T","E","R","$","?","?","R","BOSS","M","?","?","M","$","R","M","E","T","?","$","R","M","?","R","BOSS"],"items_purchased_type":["Card"],"build_version":"2020-12-22","purchased_purges":0,"victory":false,"max_hp_per_floor":[72,72,72,72,72,72,72,72,72,72,72,72,72,72,72,72,72,72,77,77,77,77,77,77,77,77,77,77,77,77,53,53,53,53],"relic_stats":{"Sozu":3,"Happy Flower":[4],"counters":[14,63],"Mummified Hand":[7],"Ectoplasm":358,"Orichalcum":[48],"obtain_stats":[{"Sozu":17,"Happy Flower":25,"Mummified Hand":26,"Ectoplasm":0,"PureWater":0,"Orichalcum":10,"NlothsMask":8},{"Sozu":8,"Happy Flower":12,"Mummified Hand":12,"Ectoplasm":0,"PureWater":0,"Orichalcum":6,"NlothsMask":5},{"Sozu":35,"Happy Flower":51,"Mummified Hand":51,"Ectoplasm":0,"PureWater":0,"Orichalcum":24,"NlothsMask":20}]},"card_choices":[{"not_picked":["FollowUp","Crescendo"],"picked":"CarveReality","floor":1.0},{"not_picked":["CutThroughFate","Nirvana"],"picked":"Meditate","floor":2.0},{"not_picked":["CrushJoints","BowlingBash","Prostrate"],"picked":"SKIP","floor":3.0},{"not_picked":["Swivel","Nirvana"],"picked":"Weave","floor":4.0},{"not_picked":["Prostrate","CutThroughFate"],"picked":"Vengeance","floor":7.0},{"not_picked":["Nirvana","ReachHeaven"],"picked":"WaveOfTheHand","floor":10.0},{"not_picked":["Consecrate","PathToVictory","Conclude"],"picked":"SKIP","floor":13.0},{"not_picked":["Brilliance","ConjureBlade"],"picked":"Vault","floor":16.0},{"not_picked":["EmptyFist+1","Protect+1"],"picked":"Halt","floor":18.0},{"not_picked":["Prostrate","BattleHymn+1","Collect+1"],"picked":"SKIP","floor":21.0},{"not_picked":["Pray","EmptyBody","FlyingSleeves"],"picked":"SKIP","floor":24.0},{"not_picked":["Indignation","ConjureBlade"],"picked":"MentalFortress","floor":25.0},{"not_picked":["WaveOfTheHand","InnerPeace","BowlingBash"],"picked":"SKIP","floor":30}],"player_experience":1274589,"relics_obtained":[{"floor":10.0,"key":"Orichalcum"},{"floor":25.0,"key":"Happy Flower"},{"floor":26.0,"key":"Mummified Hand"}],"event_choices":[{"damage_healed":0.0,"max_hp_gain":0.0,"max_hp_loss":0.0,"gold_gain":0.0,"event_name":"FaceTrader","player_choice":"Trade","floor":8.0,"gold_loss":0.0,"damage_taken":0.0,"relics_obtained":["NlothsMask"]},{"damage_healed":48.0,"max_hp_gain":0.0,"max_hp_loss":0.0,"gold_gain":0.0,"event_name":"Wheel of Change","player_choice":"Full Heal","floor":14.0,"gold_loss":0.0,"damage_taken":0.0},{"damage_healed":0.0,"max_hp_gain":5.0,"max_hp_loss":0.0,"gold_gain":0.0,"event_name":"Forgotten Altar","player_choice":"Shed Blood","floor":19.0,"gold_loss":0.0,"damage_taken":18.0},{"damage_healed":0.0,"max_hp_gain":0.0,"max_hp_loss":0.0,"gold_gain":0.0,"event_name":"The Library","player_choice":"Read","floor":20.0,"gold_loss":0.0,"damage_taken":0.0,"cards_obtained":["ThirdEye"]},{"damage_healed":0,"gold_gain":0,"player_choice":"Became a vampire","damage_taken":0,"max_hp_gain":0,"max_hp_loss":24,"event_name":"Vampires","floor":31,"gold_loss":0,"cards_obtained":["Bite","Bite","Bite","Bite","Bite"]}],"is_beta":false,"boss_relics":[{"not_picked":["Cursed Key","Tiny House"],"picked":"Sozu"}],"items_purged_floors":[],"is_endless":false,"potions_floor_spawned":[2,3,4,10,16,21,25,30],"killed_by":"Champ","ascension_level":4}}