{"host":"newqdrzxfhh2im9e","time":1611546306,"event":{"mods":["AchievementEnabler","BaseMod","BetterRewards","Block Reminder","Colored Map","Jorbs\u0027s Wanderer Trilogy","Minty Spire (QoL Compilation)","Rare Cards Sparkle","Shop Mod","StSLib"],"gold_per_floor":[112,124,136,211,211,211,224,243,243,258,358,370,389,418,418,418,418],"floor_reached":16,"language":"ENG","playtime":799,"items_purged":[],"score":106,"play_id":"20d61f41-1c57-4ccc-a076-082de5c9dff8","local_time":"20210124194506","is_ascension_mode":false,"campfire_choices":[{"data":"Pray","floor":6,"key":"SMITH"},{"floor":15,"key":"REST"}],"circlet_count":0,"master_deck":["Strike_P","Strike_P","Strike_P","Strike_P","Defend_P","Defend_P","Defend_P","Defend_P","Eruption","Vigilance","Swivel","Pray+1","FearNoEvil","BattleHymn","Wallop","InnerPeace","Worship","Tantrum+1"],"relics":["PureWater","NeowsBlessing","White Beast Statue","Molten Egg 2"],"acts_visited":["Exordium"],"potions_floor_usage":[10,12,13,14,14,16],"damage_taken":[{"damage":0,"enemies":"Cultist","floor":1,"turns":1},{"damage":0,"enemies":"Small Slimes","floor":2,"turns":1},{"damage":0,"enemies":"Jaw Worm","floor":3,"turns":1},{"damage":13,"enemies":"3 Louse","floor":7,"turns":6},{"damage":8,"enemies":"Gremlin Gang","floor":8,"turns":7},{"damage":11,"enemies":"Large Slime","floor":10,"turns":5},{"damage":10,"enemies":"Exordium Wildlife","floor":12,"turns":4},{"damage":14,"enemies":"Exordium Thugs","floor":13,"turns":4},{"damage":3,"enemies":"3 Sentries","floor":14,"turns":6},{"damage":26,"enemies":"The Guardian","floor":16,"turns":10}],"seed_played":"-1601262912686099576","potions_obtained":[{"floor":7,"key":"Ambrosia"},{"floor":8,"key":"ColorlessPotion"},{"floor":10,"key":"SkillPotion"},{"floor":12,"key":"BlessingOfTheForge"},{"floor":13,"key":"SkillPotion"},{"floor":14,"key":"StancePotion"}],"is_trial":false,"path_per_floor":["M","M","M","?","?","R","M","M","T","M","?","M","M","E","R","B"],"character_chosen":"WATCHER","items_purchased":[],"campfire_rested":1,"item_purchase_floors":[],"current_hp_per_floor":[72,72,72,61,61,61,48,40,40,29,29,19,5,2,23,0,0],"gold":418,"neow_bonus":"THREE_ENEMY_KILL","is_daily":false,"chose_seed":false,"campfire_upgraded":1,"win_rate":0.0,"timestamp":1611546306,"path_taken":["M","M","?","?","?","R","M","M","T","M","?","M","?","E","R","BOSS"],"items_purchased_type":[],"build_version":"2020-12-22","purchased_purges":0,"victory":false,"max_hp_per_floor":[72,72,72,72,72,72,72,72,72,72,72,72,72,72,72,72,72],"card_choices":[{"not_picked":["JustLucky","CrushJoints","SashWhip"],"picked":"SKIP","floor":1},{"not_picked":["SashWhip","CutThroughFate"],"picked":"Swivel","floor":2},{"not_picked":["SashWhip","Swivel"],"picked":"Pray","floor":3},{"not_picked":["EmptyFist","Crescendo"],"picked":"FearNoEvil","floor":7},{"not_picked":["BowlingBash","Collect"],"picked":"BattleHymn","floor":8},{"not_picked":["BowlingBash","Halt"],"picked":"Wallop","floor":10},{"not_picked":["ThirdEye","Weave"],"picked":"InnerPeace","floor":12},{"not_picked":["BattleHymn","WaveOfTheHand"],"picked":"Worship","floor":13},{"not_picked":["Halt","FollowUp+1"],"picked":"Tantrum+1","floor":14}],"player_experience":734027,"relics_obtained":[{"floor":9,"key":"White Beast Statue"},{"floor":14,"key":"Molten Egg 2"}],"event_choices":[{"damage_healed":0,"gold_gain":75,"player_choice":"Gather Gold","damage_taken":11,"max_hp_gain":0,"max_hp_loss":0,"event_name":"World of Goop","floor":4,"gold_loss":0},{"damage_healed":0,"gold_gain":0,"player_choice":"Leave","damage_taken":0,"max_hp_gain":0,"max_hp_loss":0,"event_name":"The Cleric","floor":5,"gold_loss":0},{"damage_healed":0,"gold_gain":100,"player_choice":"Pray","damage_taken":0,"max_hp_gain":0,"max_hp_loss":0,"event_name":"Golden Shrine","floor":11,"gold_loss":0}],"is_beta":false,"boss_relics":[],"items_purged_floors":[],"is_endless":false,"potions_floor_spawned":[7,8,10,12,13,14],"killed_by":"The Guardian","ascension_level":0}}