{"host":"1tl36azeqm6yhdgj","time":1611573622,"event":{"mods":["AchievementEnabler","BaseMod","Minty Spire (QoL Compilation)","StSLib","The IronCluck","everything is the same but u backflip on backflip"],"gold_per_floor":[114,132,6,6,6,37,37,65,88,121,139,149,182,198,198,271,271,281,298,333,211,223,251,251,251,251],"floor_reached":25,"language":"ENG","playtime":1262,"items_purged":[],"score":552,"play_id":"28c0abb1-ff85-4738-afd4-faf70df258c8","local_time":"20210125062022","is_ascension_mode":true,"campfire_choices":[{"data":"Enlightenment","floor":7.0,"key":"SMITH"},{"data":"Iron Wave","floor":15.0,"key":"SMITH"},{"floor":24.0,"key":"REST"}],"circlet_count":0,"master_deck":["AscendersBane","Bash","Dropkick","Anger","Enlightenment+1","Cleave","Reaper","Spot Weakness","Shrug It Off","Feed","Headbutt","Thunderclap","Uppercut","Iron Wave+1","Disarm","Juggernaut","Disarm","Warcry","Seeing Red","Carnage","Rupture","Reaper","Reaper","Fire Breathing","Anger+1","Rampage","Armaments","Armaments","True Grit"],"relics":["Burning Blood","NeowsBlessing","War Paint","Gambling Chip","Oddly Smooth Stone","Nunchaku","Darkstone Periapt","Pandora\u0027s Box","Red Mask","Bag of Marbles","Toy Ornithopter"],"acts_visited":["Exordium","TheCity"],"potions_floor_usage":[25],"damage_taken":[{"damage":0.0,"enemies":"Cultist","floor":1.0,"turns":1.0},{"damage":0.0,"enemies":"2 Louse","floor":2.0,"turns":1.0},{"damage":0.0,"enemies":"3 Sentries","floor":6.0,"turns":2.0},{"damage":9.0,"enemies":"Gremlin Nob","floor":8.0,"turns":3.0},{"damage":28.0,"enemies":"3 Sentries","floor":10.0,"turns":9.0},{"damage":6.0,"enemies":"Jaw Worm","floor":11.0,"turns":4.0},{"damage":21.0,"enemies":"Blue Slaver","floor":12.0,"turns":6.0},{"damage":20.0,"enemies":"Lagavulin","floor":13.0,"turns":4.0},{"damage":14.0,"enemies":"Exordium Thugs","floor":14.0,"turns":5.0},{"damage":32.0,"enemies":"Hexaghost","floor":16.0,"turns":11.0},{"damage":22.0,"enemies":"Shell Parasite","floor":18.0,"turns":6.0},{"damage":43.0,"enemies":"3 Byrds","floor":19.0,"turns":7.0},{"damage":18.0,"enemies":"Masked Bandits","floor":20.0,"turns":4.0},{"damage":0.0,"enemies":"Centurion and Healer","floor":22.0,"turns":7.0},{"damage":74.0,"enemies":"Slavers","floor":23.0,"turns":5.0},{"damage":51,"enemies":"Chosen and Byrds","floor":25,"turns":3}],"seed_played":"7778553917435822851","potions_obtained":[{"floor":2.0,"key":"Regen Potion"},{"floor":6.0,"key":"PowerPotion"},{"floor":11.0,"key":"SpeedPotion"},{"floor":12.0,"key":"Strength Potion"},{"floor":16.0,"key":"PowerPotion"},{"floor":19.0,"key":"Explosive Potion"},{"floor":23.0,"key":"AttackPotion"}],"is_trial":false,"path_per_floor":["M","M","$","?","?","E","R","E","T","E","M","M","E","M","R","B",null,"M","M","?","?","M","E","R","M"],"character_chosen":"IRONCLAD","items_purchased":["Enlightenment","Cleave"],"campfire_rested":1,"item_purchase_floors":[3,3],"current_hp_per_floor":[74,75,75,68,68,75,75,75,75,71,81,69,55,47,47,36,72,59,48,36,36,56,20,46,0,0],"gold":251,"neow_bonus":"THREE_ENEMY_KILL","is_daily":false,"chose_seed":false,"campfire_upgraded":2,"win_rate":0.0,"timestamp":1611573622,"path_taken":["M","M","?","?","?","E","R","E","T","E","M","?","E","M","R","BOSS","M","M","?","?","M","E","R","?"],"items_purchased_type":["Card","Card"],"build_version":"2020-12-22","purchased_purges":0,"victory":false,"max_hp_per_floor":[75,75,75,75,75,75,75,78,78,81,81,84,84,84,84,84,84,84,87,87,87,87,87,87,87,87],"card_choices":[{"not_picked":["Perfected Strike","Shrug It Off"],"picked":"Dropkick","floor":1.0},{"not_picked":["Twin Strike","Second Wind"],"picked":"Anger","floor":2.0},{"not_picked":["Perfected Strike","Intimidate"],"picked":"Feed","floor":6.0},{"not_picked":["True Grit","Offering"],"picked":"Headbutt","floor":8.0},{"not_picked":["Shockwave","Anger"],"picked":"Thunderclap","floor":10.0},{"not_picked":["Sword Boomerang","Rupture","Combust"],"picked":"SKIP","floor":11.0},{"not_picked":["Wild Strike","Searing Blow"],"picked":"Uppercut","floor":12.0},{"not_picked":["Twin Strike","Sword Boomerang"],"picked":"Iron Wave","floor":13.0},{"not_picked":["Hemokinesis","Wild Strike"],"picked":"Disarm","floor":14.0},{"not_picked":["Impervious","Corruption"],"picked":"Juggernaut","floor":16.0},{"not_picked":["Headbutt+1","Iron Wave"],"picked":"Anger+1","floor":18.0},{"not_picked":["Bloodletting","Rupture"],"picked":"Rampage","floor":19.0},{"not_picked":["Sword Boomerang","Clash"],"picked":"Armaments","floor":20.0},{"not_picked":["Battle Trance","Warcry"],"picked":"Armaments","floor":22.0},{"not_picked":["Twin Strike","Body Slam","True Grit"],"picked":"SKIP","floor":23.0},{"not_picked":["Twin Strike","Body Slam"],"picked":"True Grit","floor":23.0}],"player_experience":2031841,"relics_obtained":[{"floor":6.0,"key":"War Paint"},{"floor":8.0,"key":"Gambling Chip"},{"floor":9.0,"key":"Oddly Smooth Stone"},{"floor":10.0,"key":"Nunchaku"},{"floor":13.0,"key":"Darkstone Periapt"},{"floor":20.0,"key":"Red Mask"},{"floor":23.0,"key":"Toy Ornithopter"}],"event_choices":[{"cards_removed":["Strike_R"],"damage_healed":0.0,"max_hp_gain":0.0,"max_hp_loss":0.0,"gold_gain":0.0,"event_name":"Golden Wing","player_choice":"Card Removal","floor":4.0,"gold_loss":0.0,"damage_taken":7.0},{"damage_healed":0.0,"max_hp_gain":0.0,"max_hp_loss":0.0,"gold_gain":0.0,"event_name":"Match and Keep!","player_choice":"3 cards matched","floor":5.0,"gold_loss":0.0,"damage_taken":0.0,"cards_obtained":["Reaper","Spot Weakness","Shrug It Off"]},{"damage_healed":0.0,"max_hp_gain":0.0,"max_hp_loss":0.0,"gold_gain":0.0,"event_name":"Masked Bandits","player_choice":"Fought Bandits","floor":20.0,"gold_loss":0.0,"damage_taken":0.0},{"damage_healed":0.0,"max_hp_gain":0.0,"max_hp_loss":0.0,"gold_gain":0.0,"event_name":"WeMeetAgain","player_choice":"Paid Gold","floor":21.0,"gold_loss":122.0,"damage_taken":0.0,"relics_obtained":["Bag of Marbles"]}],"is_beta":false,"boss_relics":[{"not_picked":["Runic Cube","Cursed Key"],"picked":"Pandora\u0027s Box"}],"items_purged_floors":[],"is_endless":false,"potions_floor_spawned":[2,6,11,12,16,19,23],"killed_by":"Chosen and Byrds","ascension_level":20}}