{"host":"928gv66myv2vlnsd","time":1611552403,"event":{"mods":["BaseMod","Minty Spire (QoL Compilation)","StSLib"],"gold_per_floor":[117,73,90,165,165,165,190,190,217,242,242,55,55,71,71,148,148,160,160,85,97,97,97,129,0,0,0,0,0],"floor_reached":28,"language":"ENG","playtime":881,"items_purged":[],"score":614,"play_id":"686ebe7b-852d-42e7-9f72-1a539325a9af","local_time":"20210125002643","is_ascension_mode":true,"campfire_choices":[{"data":"Rupture","floor":6,"key":"SMITH"},{"data":"Sword Boomerang","floor":8,"key":"SMITH"},{"data":"True Grit","floor":15,"key":"SMITH"},{"data":"Barricade","floor":23,"key":"SMITH"}],"circlet_count":0,"master_deck":["AscendersBane","Strike_R","Strike_R","Defend_R","Defend_R","Defend_R","Defend_R","Bash","Thunderclap","Rupture+1","Pummel","Sword Boomerang+1","Barricade+1","Shrug It Off","True Grit+1","Juggernaut","Disarm","Feel No Pain","Entrench+1"],"relics":["Burning Blood","NeowsBlessing","CaptainsWheel","Juzu Bracelet","Red Skull","Bronze Scales","Runic Pyramid","Prayer Wheel","Pantograph"],"acts_visited":["Exordium","TheCity"],"potions_floor_usage":[14,24],"damage_taken":[{"damage":0,"enemies":"Cultist","floor":1,"turns":1},{"damage":0,"enemies":"Small Slimes","floor":3,"turns":1},{"damage":0,"enemies":"Gremlin Nob","floor":7,"turns":1},{"damage":60,"enemies":"Lagavulin","floor":10,"turns":9},{"damage":11,"enemies":"2 Louse","floor":14,"turns":3},{"damage":0,"enemies":"The Guardian","floor":16,"turns":13},{"damage":15,"enemies":"Spheric Guardian","floor":18,"turns":8},{"damage":0,"enemies":"Chosen","floor":21,"turns":7},{"damage":47,"enemies":"Book of Stabbing","floor":24,"turns":7},{"damage":35,"enemies":"Snecko","floor":28,"turns":6}],"seed_played":"3893250297002118641","potions_obtained":[{"floor":3,"key":"Swift Potion"},{"floor":10,"key":"SkillPotion"},{"floor":14,"key":"Ancient Potion"}],"is_trial":false,"path_per_floor":["M","$","M","?","?","R","E","R","T","E","?","$","?","M","R","B",null,"M","?","?","M","?","R","E","?","T","?","M"],"character_chosen":"IRONCLAD","items_purchased":["Rupture","Bronze Scales","Shrug It Off"],"campfire_rested":0,"item_purchase_floors":[2,12,12],"current_hp_per_floor":[74,74,75,64,64,64,70,70,70,16,16,16,41,36,36,42,67,58,58,58,64,64,64,23,23,23,17,0,0],"gold":0,"neow_bonus":"THREE_ENEMY_KILL","is_daily":false,"chose_seed":false,"campfire_upgraded":4,"win_rate":0.0,"timestamp":1611552403,"path_taken":["M","$","?","?","?","R","E","R","T","E","?","$","?","M","R","BOSS","M","?","?","M","?","R","E","?","T","?","M"],"items_purchased_type":["Card","Relic","Card"],"build_version":"2020-12-22","purchased_purges":0,"victory":false,"max_hp_per_floor":[75,75,75,75,75,75,75,75,75,75,75,75,75,75,75,75,75,75,75,75,75,75,75,75,75,75,75,75,75],"card_choices":[{"not_picked":["Clash","Warcry"],"picked":"Thunderclap","floor":1},{"not_picked":["Intimidate","Rampage"],"picked":"Pummel","floor":3},{"not_picked":["Heavy Blade","Perfected Strike"],"picked":"Sword Boomerang","floor":7},{"not_picked":["Sword Boomerang","Metallicize","Iron Wave"],"picked":"SKIP","floor":10},{"not_picked":["Pommel Strike","Rupture"],"picked":"True Grit","floor":14},{"not_picked":["Double Tap","Demon Form"],"picked":"Juggernaut","floor":16},{"not_picked":["Havoc","Anger"],"picked":"Disarm","floor":18},{"not_picked":["Heavy Blade","Sword Boomerang","Flex+1"],"picked":"SKIP","floor":21},{"not_picked":["Infernal Blade","Spot Weakness+1"],"picked":"Entrench+1","floor":24}],"player_experience":1314709,"relics_obtained":[{"floor":7,"key":"CaptainsWheel"},{"floor":9,"key":"Juzu Bracelet"},{"floor":10,"key":"Red Skull"},{"floor":24,"key":"Prayer Wheel"},{"floor":26,"key":"Pantograph"}],"event_choices":[{"damage_healed":0,"gold_gain":75,"player_choice":"Gather Gold","damage_taken":11,"max_hp_gain":0,"max_hp_loss":0,"event_name":"World of Goop","floor":4,"gold_loss":0},{"cards_removed":["Strike_R"],"damage_healed":0,"gold_gain":0,"player_choice":"Card Removal","damage_taken":0,"max_hp_gain":0,"max_hp_loss":0,"event_name":"Wheel of Change","floor":5,"gold_loss":0},{"damage_healed":0,"gold_gain":0,"cards_transformed":["Strike_R"],"player_choice":"Change","damage_taken":0,"max_hp_gain":0,"max_hp_loss":0,"event_name":"Living Wall","floor":11,"gold_loss":0,"cards_obtained":["Barricade"]},{"damage_healed":25,"gold_gain":0,"player_choice":"Banana","damage_taken":0,"max_hp_gain":0,"max_hp_loss":0,"event_name":"Big Fish","floor":13,"gold_loss":0},{"damage_healed":0,"gold_gain":0,"player_choice":"Read","damage_taken":0,"max_hp_gain":0,"max_hp_loss":0,"event_name":"The Library","floor":19,"gold_loss":0,"cards_obtained":["Feel No Pain"]},{"cards_removed":["Strike_R"],"damage_healed":0,"gold_gain":0,"player_choice":"Gave Gold","damage_taken":0,"max_hp_gain":0,"max_hp_loss":0,"event_name":"Beggar","floor":20,"gold_loss":75},{"damage_healed":0,"gold_gain":0,"player_choice":"Ignored","damage_taken":0,"max_hp_gain":0,"max_hp_loss":0,"event_name":"Ghosts","floor":22,"gold_loss":0},{"damage_healed":0,"gold_gain":0,"player_choice":"Paid Fearfully","damage_taken":0,"max_hp_gain":0,"max_hp_loss":0,"event_name":"Masked Bandits","floor":25,"gold_loss":129},{"damage_healed":0,"gold_gain":0,"player_choice":"","damage_taken":6,"max_hp_gain":0,"max_hp_loss":0,"event_name":"Knowing Skull","floor":27,"potions_obtained":[],"gold_loss":0,"cards_obtained":[]}],"is_beta":false,"boss_relics":[{"not_picked":["SlaversCollar","SacredBark"],"picked":"Runic Pyramid"}],"items_purged_floors":[],"is_endless":false,"potions_floor_spawned":[3,10,14,18],"killed_by":"Snecko","ascension_level":19}}