{"host":"bf9sa99gaumonoeu","time":1611595995,"event":{"mods":["AchievementEnabler","Act Like it!","Aspiration","BaseMod","Bestiary","Better Note","Block Reminder","Colored Map","Colored Powertips","Downfall","Friendly Minions","Gensokyo","GifTheSpireLib","Hallownest","Hermit","Highlight Path","Jorbs\u0027s Wanderer Trilogy","KinomotoSakuraMod(????)","Koishi","Marisa????????","Minty Spire (QoL Compilation)","Rare Cards Sparkle","Relic Filter Mod","Relic Stats","Reliquary","Remilia??????","Spire Arcade","StSLib","The Administrix","The Animator","The Bug Knight","The Construct","The Cursed","The Hierophant","The Mystic","The Necromancer","The Poker Player","The Runesmith","The Senshi","The Servant 0.9.4","ojb\u0027s Info Mod"],"gold_per_floor":[109,125,21,96,0,0,34,34,34,68,68,84,31,42,42,115,115,127,402,402,171,171,202,202,202,202],"floor_reached":25,"language":"ENG","playtime":1256,"items_purged":["Regret"],"score":700,"play_id":"cebaf675-8f62-4800-8c37-e268e2c0153f","local_time":"20210125153315","is_ascension_mode":true,"campfire_choices":[{"data":"Bane","floor":6,"key":"SMITH"},{"floor":8,"key":"REST"},{"data":"Prepared","floor":15,"key":"SMITH"},{"data":"After Image","floor":24,"key":"SMITH"}],"circlet_count":0,"master_deck":["AscendersBane","Defend_G","Defend_G","Defend_G","Defend_G","Defend_G","Survivor","Neutralize","Prepared+1","Deadly Poison","Terror","Bane+1","Backflip","Finisher","Calculated Gamble","Underhanded Strike","Deflect","Slice","Dagger Spray","After Image+1","Dagger Spray+1","All Out Attack+1","Blade Dance+1","Deflect","Wraith Form v2+1","Backflip","Concentrate","Slice","Caltrops+1"],"relics":["Ring of the Snake","aspiration:Nostalgia","Turnip","Runesmith:Nanobots","reliquary:Knoch","Astrolabe","reliquary:KillPill"],"acts_visited":["Exordium","TheCity"],"potions_floor_usage":[7,10,16,23],"damage_taken":[{"damage":7.0,"enemies":"Small Slimes","floor":1.0,"turns":5.0},{"damage":2,"enemies":"Jaw Worm","floor":2,"turns":7},{"damage":6,"enemies":"Gremlin Nob","floor":7,"turns":3},{"damage":0,"enemies":"Lagavulin","floor":10,"turns":2},{"damage":0,"enemies":"Cultist","floor":12,"turns":3},{"damage":17,"enemies":"Exordium Thugs","floor":14,"turns":5},{"damage":5,"enemies":"Hexaghost","floor":16,"turns":9},{"damage":2,"enemies":"2 Thieves","floor":18,"turns":3},{"damage":16,"enemies":"Slavers","floor":23,"turns":6},{"damage":39,"enemies":"Book of Stabbing","floor":25,"turns":6}],"seed_played":"6886179752907175634","potions_obtained":[{"floor":2,"key":"ColorlessPotion"},{"floor":7,"key":"CunningPotion"},{"floor":14,"key":"GamblersBrew"},{"floor":16,"key":"Fire Potion"}],"is_trial":false,"path_per_floor":["M","M","$","?","$","R","E","R","T","E","?","M","$","M","R","B",null,"M","?","?","$","?","E","R","E"],"character_chosen":"THE_SILENT","items_purchased":["Terror","Bane","Backflip","Finisher","Slice","Backflip","Concentrate","Slice"],"campfire_rested":1,"item_purchase_floors":[3,3,5,5,13,21,21,21],"current_hp_per_floor":[52,50,50,39,39,39,33,52,52,52,52,52,52,35,35,30,57,55,55,55,55,55,39,39,0,0],"gold":202,"neow_bonus":"NOSTALGIA","is_daily":false,"chose_seed":false,"campfire_upgraded":3,"win_rate":0.0,"timestamp":1611595995,"path_taken":["M","M","$","?","?","R","E","R","T","E","?","M","$","?","R","BOSS","M","?","?","$","?","E","R","E"],"items_purchased_type":["Card","Card","Card","Card","Card","Card","Card","Card"],"build_version":"2020-12-22","purchased_purges":1,"victory":false,"max_hp_per_floor":[66,66,66,66,66,66,66,66,66,66,66,66,66,66,66,66,66,66,66,66,66,66,66,66,66,66],"relic_stats":{"counters":[10,49],"Astrolabe":["Dagger Spray","All Out Attack","Blade Dance"],"Turnip":[0],"obtain_stats":[{"Runesmith:Nanobots":9,"aspiration:Nostalgia":0,"Astrolabe":17,"Turnip":7,"reliquary:KillPill":23,"reliquary:Knoch":10,"Ring of the Snake":0},{"Runesmith:Nanobots":3,"aspiration:Nostalgia":0,"Astrolabe":7,"Turnip":3,"reliquary:KillPill":9,"reliquary:Knoch":4,"Ring of the Snake":0},{"Runesmith:Nanobots":15,"aspiration:Nostalgia":0,"Astrolabe":34,"Turnip":15,"reliquary:KillPill":43,"reliquary:Knoch":17,"Ring of the Snake":0}],"Ring of the Snake":[20]},"card_choices":[{"not_picked":["Heel Hook","Backflip"],"picked":"Prepared","floor":1.0},{"not_picked":["Catalyst","Sucker Punch"],"picked":"Deadly Poison","floor":2},{"not_picked":["Malaise","Dash"],"picked":"Calculated Gamble","floor":7},{"not_picked":["Endless Agony","Doppelganger"],"picked":"Underhanded Strike","floor":10},{"not_picked":["Heel Hook","Deadly Poison"],"picked":"Deflect","floor":12},{"not_picked":["Deadly Poison","Well Laid Plans"],"picked":"Dagger Spray","floor":14},{"not_picked":["Doppelganger","Bullet Time"],"picked":"After Image","floor":16},{"not_picked":["Sucker Punch","Quick Slash"],"picked":"Deflect","floor":18},{"not_picked":["Storm of Steel","PiercingWail"],"picked":"Caltrops+1","floor":23}],"player_experience":1239897,"relics_obtained":[{"floor":7,"key":"Turnip"},{"floor":9,"key":"Runesmith:Nanobots"},{"floor":10,"key":"reliquary:Knoch"},{"floor":23,"key":"reliquary:KillPill"}],"event_choices":[{"damage_healed":0,"gold_gain":75,"player_choice":"Gather Gold","damage_taken":11,"max_hp_gain":0,"max_hp_loss":0,"event_name":"World of Goop","floor":4,"gold_loss":0},{"cards_removed":["Strike_G"],"damage_healed":0,"gold_gain":0,"player_choice":"Purged","damage_taken":0,"max_hp_gain":0,"max_hp_loss":0,"event_name":"Purifier","floor":11,"gold_loss":0},{"damage_healed":0,"gold_gain":275,"player_choice":"Desecrate","damage_taken":0,"max_hp_gain":0,"max_hp_loss":0,"event_name":"Golden Shrine","floor":19,"gold_loss":0,"cards_obtained":["Regret"]},{"damage_healed":0,"gold_gain":0,"cards_transformed":["Strike_G"],"player_choice":"Transformed","damage_taken":0,"max_hp_gain":0,"max_hp_loss":0,"event_name":"Transmorgrifier","floor":20,"gold_loss":0,"cards_obtained":["Wraith Form v2"]},{"damage_healed":0,"gold_gain":0,"player_choice":"Upgraded","damage_taken":0,"max_hp_gain":0,"max_hp_loss":0,"event_name":"Upgrade Shrine","floor":22,"gold_loss":0,"cards_upgraded":["Wraith Form v2"]}],"is_beta":false,"boss_relics":[{"not_picked":["aspiration:RunesmithSkillbook","aspiration:MobileForge"],"picked":"Astrolabe"}],"items_purged_floors":[21],"is_endless":false,"potions_floor_spawned":[2,7,14,16],"killed_by":"Book of Stabbing","ascension_level":20}}