{"host":"uxq2rly8rxtwffuf","time":1611562782,"event":{"mods":["BaseMod","Koishi","Minty Spire (QoL Compilation)","StSLib","The Servant 0.9.4"],"gold_per_floor":[118,43,43,59,59,59,59,93,93,113,113,157,176,176,176,176,176],"floor_reached":16,"language":"ENG","playtime":495,"items_purged":["Defend_G"],"score":173,"play_id":"62caee3b-3b84-4a4b-8e47-5d1b4bc0c86e","local_time":"20210125111942","is_ascension_mode":true,"campfire_choices":[{"floor":6,"key":"REST"},{"floor":11,"key":"REST"},{"floor":15,"key":"REST"}],"circlet_count":0,"master_deck":["AscendersBane","Strike_G","Strike_G+1","Strike_G+1","Strike_G","Defend_G","Defend_G","Defend_G","Defend_G","Survivor","Neutralize","Good Instincts","Flying Knee","Slice","Slice","Dodge and Roll","Deadly Poison","Cloak And Dagger"],"relics":["Ring of the Snake","Golden Idol","Boot","Eternal Feather","CaptainsWheel"],"acts_visited":["Exordium"],"potions_floor_usage":[13],"damage_taken":[{"damage":1,"enemies":"Small Slimes","floor":1,"turns":4},{"damage":0,"enemies":"2 Louse","floor":4,"turns":4},{"damage":29,"enemies":"Lagavulin","floor":8,"turns":7},{"damage":7,"enemies":"Jaw Worm","floor":10,"turns":3},{"damage":16,"enemies":"Gremlin Nob","floor":12,"turns":4},{"damage":0,"enemies":"Large Slime","floor":13,"turns":5},{"damage":58,"enemies":"Hexaghost","floor":16,"turns":11}],"seed_played":"8160497004578836280","potions_obtained":[{"floor":8,"key":"LiquidMemories"},{"floor":10,"key":"Ancient Potion"}],"is_trial":false,"path_per_floor":["M","$","?","M","?","R","$","E","T","M","R","E","M","?","R","B"],"character_chosen":"THE_SILENT","items_purchased":[],"campfire_rested":3,"item_purchase_floors":[],"current_hp_per_floor":[62,62,45,45,31,52,52,23,23,16,46,30,30,23,53,0,0],"gold":176,"neow_bonus":"RANDOM_COLORLESS","is_daily":false,"chose_seed":false,"campfire_upgraded":0,"win_rate":0.0,"timestamp":1611562782,"path_taken":["M","$","?","M","?","R","?","E","T","M","R","E","M","?","R","BOSS"],"items_purchased_type":[],"build_version":"2020-12-22","purchased_purges":1,"victory":false,"max_hp_per_floor":[70,70,70,70,70,70,70,70,70,70,70,70,70,70,70,70,70],"card_choices":[{"not_picked":["Trip","Panacea"],"picked":"Good Instincts","floor":0},{"not_picked":["Masterful Stab","Accuracy"],"picked":"Flying Knee","floor":1},{"not_picked":["Catalyst","Quick Slash"],"picked":"Slice","floor":4},{"not_picked":["Dagger Spray","Dodge and Roll"],"picked":"Slice","floor":8},{"not_picked":["Accuracy","Dagger Spray"],"picked":"Dodge and Roll","floor":10},{"not_picked":["Slice","Bouncing Flask"],"picked":"Deadly Poison","floor":12},{"not_picked":["Caltrops","Glass Knife"],"picked":"Cloak And Dagger","floor":13}],"player_experience":1418183,"relics_obtained":[{"floor":8,"key":"Boot"},{"floor":9,"key":"Eternal Feather"},{"floor":12,"key":"CaptainsWheel"}],"event_choices":[{"damage_healed":0,"gold_gain":0,"player_choice":"Take Damage","damage_taken":17,"relics_obtained":["Golden Idol"],"max_hp_gain":0,"max_hp_loss":0,"event_name":"Golden Idol","floor":3,"gold_loss":0},{"damage_healed":0,"gold_gain":0,"player_choice":"Entered Light","damage_taken":14,"max_hp_gain":0,"max_hp_loss":0,"event_name":"Shining Light","floor":5,"gold_loss":0,"cards_upgraded":["Strike_G","Strike_G"]},{"cards_removed":["Strike_G"],"damage_healed":0,"gold_gain":0,"player_choice":"Card Removal","damage_taken":7,"max_hp_gain":0,"max_hp_loss":0,"event_name":"Golden Wing","floor":14,"gold_loss":0}],"is_beta":false,"boss_relics":[],"items_purged_floors":[2],"is_endless":false,"potions_floor_spawned":[8,10],"killed_by":"Hexaghost","ascension_level":12}}