{"host":"bplbr8uekuotory4","time":1611566430,"event":{"mods":["Act Like it!","BaseMod","Minty Spire (QoL Compilation)","Quick Restart","Replay The Spire","Spicy Shops","StSLib","TestMod","The Blackbeard","[IsaacMod]ÒÔÈö¼âËþ"],"gold_per_floor":[112,112,62,237,10,45,45,45,45,42,74,93,13,30,30,130,130,149,74,158,181,181,181,181],"floor_reached":23,"language":"ZHS","playtime":457,"items_purged":["Doubt","Spreading Infection","Strike_B","Strike_B","Strike_B"],"score":454,"play_id":"19da42a6-2e16-47ab-85e3-bbb5e2ae7bb2","local_time":"20210125172030","is_ascension_mode":true,"campfire_choices":[{"data":"Chaos","floor":7,"key":"SMITH"},{"data":"Dualcast","floor":15,"key":"SMITH"}],"circlet_count":0,"master_deck":["AscendersBane","Dualcast+1","Chaos+1","Gash","Auto Shields","Conserve Battery","Gash","Mirror Shield+1","Crystallizer+1","Force Field","Auto Shields"],"relics":["Cracked Core","testmod-TestBox","HushsDoor","SteamSale","testmod-Fortitude","NeowsBlessing","BloodDonationBag","DeathBook","Void","Omamori"],"acts_visited":["Exordium","TheCity"],"potions_floor_usage":[14,16],"damage_taken":[{"damage":0,"enemies":"Small Slimes","floor":1,"turns":1},{"damage":0,"enemies":"Lagavulin","floor":6,"turns":1},{"damage":0,"enemies":"3 Sentries","floor":11,"turns":1},{"damage":7,"enemies":"Jaw Worm","floor":12,"turns":2},{"damage":0,"enemies":"2 Louse","floor":14,"turns":2},{"damage":0,"enemies":"Fading Forest","floor":16,"turns":11},{"damage":5,"enemies":"Chosen","floor":18,"turns":4}],"seed_played":"8912993069433212845","potions_obtained":[{"floor":1,"key":"testmod-SpacePotion"},{"floor":12,"key":"DuplicationPotion"},{"floor":14,"key":"BlessingOfTheForge"},{"floor":16,"key":"Strength Potion"}],"is_trial":false,"path_per_floor":["M","?","?","?","$","E","R","?","T","$","E","M","$","M","R","B",null,"M","$","?","T","?","R"],"character_chosen":"DEFECT","items_purchased":["BloodDonationMachine","DeathBook","Gash"],"campfire_rested":0,"item_purchase_floors":[5,5,13],"current_hp_per_floor":[68,61,61,61,40,40,40,40,40,28,28,21,17,17,17,17,57,52,52,37,37,37,37,37],"gold":181,"neow_bonus":"THREE_ENEMY_KILL","is_daily":false,"chose_seed":false,"campfire_upgraded":2,"win_rate":0.0,"timestamp":1611566430,"path_taken":["M","?","?","?","?","E","R","?","T","$","E","M","$","M","R","BOSS","M","$","?","?","?","R"],"items_purchased_type":["Relic","Relic","Card"],"build_version":"2020-12-22","purchased_purges":5,"victory":false,"max_hp_per_floor":[75,75,75,75,75,75,75,75,75,75,75,75,75,75,75,75,70,70,70,70,70,70,70,70],"card_choices":[{"not_picked":["ReplayTheSpireMod:Repulse","Turbo"],"picked":"Chaos","floor":1},{"not_picked":["BasicCrystalCard","Darkness"],"picked":"Gash","floor":6},{"not_picked":["Beam Cell","Hello World"],"picked":"Auto Shields","floor":11},{"not_picked":["Gash","Fan"],"picked":"Conserve Battery","floor":12},{"not_picked":["Rebound","Steam"],"picked":"Bomb","floor":14},{"not_picked":["Gash","Stack","Sweeping Beam+1"],"picked":"SKIP","floor":18}],"player_experience":493790,"relics_obtained":[{"floor":6,"key":"D4"},{"floor":9,"key":"Void"},{"floor":11,"key":"Omamori"}],"event_choices":[{"cards_removed":["Zap"],"damage_healed":0,"gold_gain":0,"player_choice":"Card Removal","damage_taken":7,"max_hp_gain":0,"max_hp_loss":0,"event_name":"Golden Wing","floor":2,"gold_loss":0},{"cards_removed":["Defend_B"],"damage_healed":0,"gold_gain":0,"player_choice":"Card Removal","damage_taken":0,"max_hp_gain":0,"max_hp_loss":0,"event_name":"The Cleric","floor":3,"gold_loss":50},{"damage_healed":0,"gold_gain":175,"player_choice":"AGREE","damage_taken":0,"max_hp_gain":0,"max_hp_loss":0,"event_name":"Liars Game","floor":4,"gold_loss":0,"cards_obtained":["Doubt"]},{"damage_healed":0,"gold_gain":0,"cards_transformed":["Defend_B","Cancel"],"player_choice":"Became Test Subject","damage_taken":0,"max_hp_gain":0,"max_hp_loss":0,"event_name":"Drug Dealer","floor":22,"gold_loss":0,"cards_obtained":["Force Field","Auto Shields"]}],"is_beta":false,"boss_relics":[{"not_picked":["FrozenCore","testmod-Fanaticism"],"picked":"Astrolabe"},{"not_picked":[]}],"items_purged_floors":[5,10,13,17,19],"is_endless":false,"potions_floor_spawned":[1,12,14,16],"ascension_level":11}}