{"host":"vumwfieg2b2mnrfl","time":1611615595,"event":{"mods":["AchievementEnabler","BaseMod","Minty Spire (QoL Compilation)","Rare Cards Sparkle","Relic Stats"],"gold_per_floor":[113,263,263,282,282,307,317,345,345,345,402,76,102,112,112,185,185,200,200,100,100,110,110,136,150,150,150,65,65,83,83,83],"floor_reached":31,"language":"ENG","playtime":903,"items_purged":["Doubt","Strike_G"],"score":577,"play_id":"4c7aabe1-355e-4079-a9d7-8e8fb59bad5e","local_time":"20210125165955","is_ascension_mode":true,"campfire_choices":[{"floor":10.0,"key":"REST"},{"floor":15,"key":"REST"},{"data":"Noxious Fumes","floor":23,"key":"SMITH"},{"floor":27,"key":"REST"}],"circlet_count":0,"master_deck":["AscendersBane","Strike_G+1","Strike_G+1","Strike_G+1","Strike_G+1","Defend_G+1","Defend_G+1","Defend_G+1","Defend_G+1","Defend_G+1","Survivor","Neutralize","Poisoned Stab","PiercingWail","Dagger Spray","Deadly Poison","Bane+1","Leg Sweep","Noxious Fumes+1","Terror","Burst","PiercingWail+1","Blade Dance","Skewer+1","Poisoned Stab+1","Backflip"],"relics":["Ring of the Snake","NeowsBlessing","Kunai","Mummified Hand","Molten Egg 2","StrikeDummy","Incense Burner","SlaversCollar","White Beast Statue","Bottled Tornado","WingedGreaves","Ornamental Fan"],"acts_visited":["Exordium","TheCity"],"potions_floor_usage":[13,22,25,30],"damage_taken":[{"damage":0.0,"enemies":"2 Louse","floor":1.0,"turns":1.0},{"damage":0.0,"enemies":"Small Slimes","floor":4.0,"turns":1.0},{"damage":0.0,"enemies":"Gremlin Nob","floor":6.0,"turns":1.0},{"damage":3.0,"enemies":"Jaw Worm","floor":7.0,"turns":4.0},{"damage":40.0,"enemies":"Lagavulin","floor":8.0,"turns":7.0},{"damage":31,"enemies":"3 Sentries","floor":11,"turns":10},{"damage":35,"enemies":"Gremlin Nob","floor":13,"turns":4},{"damage":0,"enemies":"Large Slime","floor":14,"turns":4},{"damage":19,"enemies":"The Guardian","floor":16,"turns":10},{"damage":6,"enemies":"Shell Parasite","floor":18,"turns":7},{"damage":0,"enemies":"3 Byrds","floor":22,"turns":3},{"damage":44,"enemies":"Slavers","floor":24,"turns":6},{"damage":3,"enemies":"Snecko","floor":25,"turns":5},{"damage":17,"enemies":"Shelled Parasite and Fungi","floor":30,"turns":6},{"damage":16,"enemies":"Snake Plant","floor":31,"turns":3}],"seed_played":"-5653787612729608879","potions_obtained":[{"floor":7.0,"key":"CunningPotion"},{"floor":11,"key":"FairyPotion"},{"floor":18,"key":"LiquidBronze"},{"floor":24,"key":"PowerPotion"},{"floor":25,"key":"Energy Potion"},{"floor":30,"key":"Poison Potion"}],"is_trial":false,"path_per_floor":["M","?","?","M","?","E","M","E","T","R","?","$","E","M","R","B",null,"M","?","$","?","M","R","E","M","T","R","?","T","M","M"],"character_chosen":"THE_SILENT","items_purchased":["Leg Sweep","Noxious Fumes","LiquidMemories"],"campfire_rested":3,"item_purchase_floors":[12,12,12],"current_hp_per_floor":[59,59,64,64,64,64,61,21,21,42,11,11,21,21,42,23,59,53,53,53,53,53,53,9,6,6,27,27,27,10,0,0],"gold":83,"neow_bonus":"THREE_ENEMY_KILL","is_daily":false,"chose_seed":false,"campfire_upgraded":1,"win_rate":0.0,"timestamp":1611615595,"path_taken":["M","?","?","M","?","E","M","E","T","R","?","$","E","M","R","BOSS","M","?","$","?","M","R","E","M","T","R","?","?","M","M"],"items_purchased_type":["Card","Card","Potion"],"build_version":"2020-12-22","purchased_purges":2,"victory":false,"max_hp_per_floor":[66,66,71,71,71,71,71,71,71,71,71,71,71,71,71,71,71,71,71,71,71,71,71,71,71,71,71,71,71,71,71,71],"relic_stats":{"counters":[15,72],"Mummified Hand":[13],"Ornamental Fan":[8],"Kunai":[12],"obtain_stats":[{"SlaversCollar":17,"NeowsBlessing":0,"Mummified Hand":8,"Ornamental Fan":29,"Molten Egg 2":9,"WingedGreaves":28,"Incense Burner":13,"Kunai":6,"Bottled Tornado":26,"StrikeDummy":11,"White Beast Statue":24,"Ring of the Snake":0},{"SlaversCollar":9,"NeowsBlessing":0,"Mummified Hand":5,"Ornamental Fan":13,"Molten Egg 2":5,"WingedGreaves":13,"Incense Burner":7,"Kunai":3,"Bottled Tornado":13,"StrikeDummy":5,"White Beast Statue":12,"Ring of the Snake":0},{"SlaversCollar":42,"NeowsBlessing":0,"Mummified Hand":14,"Ornamental Fan":63,"Molten Egg 2":14,"WingedGreaves":63,"Incense Burner":28,"Kunai":3,"Bottled Tornado":63,"StrikeDummy":14,"White Beast Statue":58,"Ring of the Snake":0}],"Ring of the Snake":[30]},"card_choices":[{"not_picked":["Dagger Spray","Outmaneuver"],"picked":"Poisoned Stab","floor":1.0},{"not_picked":["Backflip","Heel Hook"],"picked":"PiercingWail","floor":4.0},{"not_picked":["Sucker Punch","Night Terror"],"picked":"Dagger Spray","floor":6.0},{"not_picked":["Dagger Spray","Prepared"],"picked":"Deadly Poison","floor":7.0},{"not_picked":["Underhanded Strike","All Out Attack","Heel Hook"],"picked":"SKIP","floor":8.0},{"not_picked":["Reflex","Deadly Poison"],"picked":"Bane+1","floor":11},{"not_picked":["Outmaneuver","Sucker Punch+1","After Image"],"picked":"SKIP","floor":13},{"not_picked":["Backstab+1","Prepared"],"picked":"Terror","floor":14},{"not_picked":["Tools of the Trade","Bullet Time"],"picked":"Burst","floor":16},{"not_picked":["Prepared","Bane+1"],"picked":"PiercingWail+1","floor":18},{"not_picked":["Reflex","Infinite Blades"],"picked":"Blade Dance","floor":22},{"not_picked":["Slice+1","Distraction"],"picked":"Skewer+1","floor":24},{"not_picked":["Sucker Punch+1","Blur"],"picked":"Poisoned Stab+1","floor":25},{"not_picked":["Grand Finale+1","Dodge and Roll"],"picked":"Backflip","floor":30}],"player_experience":459458,"relics_obtained":[{"floor":6.0,"key":"Kunai"},{"floor":8.0,"key":"Mummified Hand"},{"floor":9.0,"key":"Molten Egg 2"},{"floor":13,"key":"Incense Burner"},{"floor":24,"key":"White Beast Statue"},{"floor":26,"key":"Bottled Tornado"},{"floor":29,"key":"Ornamental Fan"}],"event_choices":[{"damage_healed":0.0,"max_hp_gain":0.0,"max_hp_loss":0.0,"gold_gain":150.0,"event_name":"Liars Game","player_choice":"AGREE","floor":2.0,"gold_loss":0.0,"damage_taken":0.0,"cards_obtained":["Doubt"]},{"damage_healed":0.0,"max_hp_gain":5.0,"max_hp_loss":0.0,"gold_gain":0.0,"event_name":"Big Fish","player_choice":"Donut","floor":3.0,"gold_loss":0.0,"damage_taken":0.0},{"damage_healed":0.0,"max_hp_gain":0.0,"max_hp_loss":0.0,"gold_gain":0.0,"event_name":"Golden Wing","player_choice":"Ignored","floor":5.0,"gold_loss":0.0,"damage_taken":0.0},{"damage_healed":0,"gold_gain":0,"player_choice":"Searched \u00272\u0027 times","damage_taken":0,"relics_obtained":["StrikeDummy"],"max_hp_gain":0,"max_hp_loss":0,"event_name":"Dead Adventurer","floor":11,"gold_loss":0},{"damage_healed":0,"gold_gain":0,"player_choice":"Ignored","damage_taken":0,"max_hp_gain":0,"max_hp_loss":0,"event_name":"Cursed Tome","floor":19,"gold_loss":0},{"damage_healed":0,"gold_gain":0,"player_choice":"Simplicity","damage_taken":0,"max_hp_gain":0,"max_hp_loss":0,"event_name":"Back to Basics","floor":21,"gold_loss":0,"cards_upgraded":["Strike_G","Strike_G","Strike_G","Strike_G","Defend_G","Defend_G","Defend_G","Defend_G","Defend_G"]},{"damage_healed":0,"gold_gain":0,"player_choice":"Obtained Relic","damage_taken":0,"relics_obtained":["WingedGreaves"],"max_hp_gain":0,"max_hp_loss":0,"event_name":"Addict","floor":28,"gold_loss":85}],"is_beta":false,"boss_relics":[{"not_picked":["HoveringKite","Tiny House"],"picked":"SlaversCollar"}],"items_purged_floors":[12,20],"is_endless":false,"potions_floor_spawned":[7,11,18,24,25,30],"killed_by":"Snake Plant","ascension_level":19}}