{"host":"ux8r2oyej5019q8x","time":1611533275,"event":{"mods":["AchievementEnabler","BaseMod","Colored Map","Colored Powertips","GifTheSpireLib","HexUI Lib","Highlight Path","Minty Spire (QoL Compilation)","Rare Cards Sparkle","Relic Stats","StSLib","everything is the same but u backflip on backflip"],"gold_per_floor":[116,126,126,126,143,169,169,186,233,333,343,356,370,399,399,504,504,524,541,541,559,574,574,574,574,574,574,574,586,586,596,596,691,691,703,703,714,73,86,86,106,106,106,106,124,124,144,169,169,169,169,169,24,57,57],"floor_reached":56,"language":"ENG","playtime":4687,"items_purged":["Strike_R","Strike_R"],"score":1402,"play_id":"236210ca-fab5-4900-9fb4-ecc3a4766f7c","local_time":"20210125010755","is_ascension_mode":true,"campfire_choices":[{"data":"Searing Blow","floor":7,"key":"SMITH"},{"data":"Searing Blow+1","floor":15,"key":"SMITH"},{"data":"Searing Blow+2","floor":23,"key":"SMITH"},{"data":"Searing Blow+3","floor":25,"key":"SMITH"},{"data":"Searing Blow+4","floor":28,"key":"SMITH"},{"data":"Searing Blow+5","floor":32,"key":"SMITH"},{"floor":40,"key":"RECALL"},{"data":"Searing Blow+6","floor":44,"key":"SMITH"},{"data":"Searing Blow+7","floor":49,"key":"SMITH"},{"data":"Searing Blow+8","floor":52,"key":"SMITH"}],"circlet_count":0,"master_deck":["Strike_R","Defend_R","Defend_R","Defend_R","Defend_R","Bash","Flame Barrier","Searing Blow+9","Disarm+1","Infernal Blade+1","Feed","Flex+1","Double Tap+1","CurseOfTheBell","Disarm+1","Disarm+1","Impervious+1","Warcry+1","Barricade","Shockwave+1","Carnage","Whirlwind","Secret Weapon+1","Feel No Pain","Warcry+1","True Grit+1","Bandage Up+1","Bandage Up+1","Good Instincts+1","Parasite","Warcry+1","Battle Trance+1","Headbutt"],"relics":["Burning Blood","Bag of Marbles","Toxic Egg 2","Bag of Preparation","Toy Ornithopter","PreservedInsect","Calling Bell","Regal Pillow","Mercury Hourglass","Ice Cream","Potion Belt","Letter Opener","Enchiridion","Sozu","Lantern","HandDrill","Boot","Pear"],"acts_visited":["Exordium","TheCity","TheBeyond","TheEnding"],"potions_floor_usage":[12,13,16,22,33,33,55],"damage_taken":[{"damage":5,"enemies":"Small Slimes","floor":1,"turns":4},{"damage":6,"enemies":"2 Louse","floor":2,"turns":3},{"damage":0,"enemies":"Jaw Worm","floor":5,"turns":3},{"damage":45,"enemies":"Lagavulin","floor":6,"turns":9},{"damage":4,"enemies":"2 Fungi Beasts","floor":8,"turns":4},{"damage":16,"enemies":"Exordium Thugs","floor":11,"turns":3},{"damage":8,"enemies":"3 Louse","floor":12,"turns":2},{"damage":0,"enemies":"Red Slaver","floor":13,"turns":1},{"damage":17,"enemies":"Gremlin Nob","floor":14,"turns":3},{"damage":25,"enemies":"Hexaghost","floor":16,"turns":13},{"damage":8,"enemies":"3 Byrds","floor":18,"turns":5},{"damage":12,"enemies":"Shell Parasite","floor":19,"turns":3},{"damage":33,"enemies":"Cultist and Chosen","floor":21,"turns":6},{"damage":39,"enemies":"Centurion and Healer","floor":22,"turns":7},{"damage":0,"enemies":"Snake Plant","floor":29,"turns":2},{"damage":3,"enemies":"3 Cultists","floor":31,"turns":6},{"damage":56,"enemies":"Collector","floor":33,"turns":9},{"damage":7,"enemies":"3 Shapes","floor":35,"turns":4},{"damage":6,"enemies":"Orb Walker","floor":37,"turns":3},{"damage":13,"enemies":"Transient","floor":39,"turns":5},{"damage":4,"enemies":"4 Shapes","floor":41,"turns":3},{"damage":0,"enemies":"Writhing Mass","floor":45,"turns":3},{"damage":0,"enemies":"Spire Growth","floor":47,"turns":5},{"damage":0,"enemies":"Nemesis","floor":48,"turns":1},{"damage":75,"enemies":"Time Eater","floor":50,"turns":11},{"damage":52,"enemies":"Shield and Spear","floor":54,"turns":7},{"damage":92,"enemies":"The Heart","floor":55,"turns":8}],"seed_played":"-5442884139877248596","potions_obtained":[{"floor":1,"key":"ElixirPotion"},{"floor":6,"key":"PowerPotion"},{"floor":11,"key":"BlessingOfTheForge"},{"floor":12,"key":"Fire Potion"},{"floor":14,"key":"PowerPotion"},{"floor":21,"key":"BloodPotion"},{"floor":29,"key":"ElixirPotion"},{"floor":31,"key":"Fire Potion"}],"is_trial":false,"path_per_floor":["M","M","?","?","M","E","R","M","T","?","M","M","M","E","R","B",null,"M","M","?","M","M","R","?","R","T","?","R","M","?","M","R","B",null,"M","?","M","$","M","R","M","?","T","R","M","?","M","E","R","B",null,"R","$","E","B",null],"character_chosen":"IRONCLAD","items_purchased":["Lantern","Secret Weapon+1","Feel No Pain","HandDrill","Headbutt"],"campfire_rested":0,"item_purchase_floors":[38,38,38,38,53],"current_hp_per_floor":[80,80,80,77,80,41,41,43,43,43,33,40,51,43,43,29,87,88,82,82,58,33,33,33,33,33,33,33,39,23,29,29,8,99,101,101,101,101,94,94,96,86,86,86,95,95,108,108,108,45,108,108,108,81,12],"gold":57,"neow_bonus":"RANDOM_COMMON_RELIC","is_daily":false,"chose_seed":false,"campfire_upgraded":9,"win_rate":0.0,"timestamp":1611533275,"path_taken":["M","M","?","?","?","E","R","M","T","?","M","M","M","E","R","BOSS","M","M","?","M","M","R","?","R","T","?","R","?","?","M","R","BOSS","M","?","M","$","?","R","M","?","T","R","M","?","M","E","R","BOSS","R","$","E","BOSS"],"items_purchased_type":["Relic","Card","Card","Relic","Card"],"build_version":"2020-12-22","purchased_purges":2,"victory":true,"max_hp_per_floor":[80,80,80,80,80,80,80,80,80,80,80,84,84,87,87,87,87,90,90,90,93,96,96,96,96,96,96,96,96,96,99,99,99,99,102,102,102,102,102,102,102,102,102,102,105,105,108,108,108,108,108,108,108,121,121],"relic_stats":{"Sozu":3,"Regal Pillow":0,"counters":[27,133],"PreservedInsect":115,"Bag of Preparation":[46],"HandDrill":[12],"Letter Opener":[188],"Boot":[0],"obtain_stats":[{"Ice Cream":17,"Potion Belt":24,"Regal Pillow":17,"Lantern":38,"Pear":54,"Enchiridion":30,"PreservedInsect":14,"Bag of Preparation":6,"Letter Opener":26,"Boot":48,"Burning Blood":0,"Mercury Hourglass":17,"Calling Bell":17,"Sozu":34,"Bag of Marbles":0,"HandDrill":38,"Toxic Egg 2":4,"Toy Ornithopter":9},{"Ice Cream":10,"Potion Belt":14,"Regal Pillow":10,"Lantern":19,"Pear":26,"Enchiridion":15,"PreservedInsect":9,"Bag of Preparation":4,"Letter Opener":14,"Boot":24,"Burning Blood":0,"Mercury Hourglass":10,"Calling Bell":10,"Sozu":17,"Bag of Marbles":0,"HandDrill":19,"Toxic Egg 2":2,"Toy Ornithopter":5},{"Ice Cream":45,"Potion Belt":66,"Regal Pillow":45,"Lantern":90,"Pear":125,"Enchiridion":68,"PreservedInsect":32,"Bag of Preparation":19,"Letter Opener":66,"Boot":107,"Burning Blood":0,"Mercury Hourglass":45,"Calling Bell":45,"Sozu":83,"Bag of Marbles":0,"HandDrill":90,"Toxic Egg 2":7,"Toy Ornithopter":23}],"Burning Blood":146,"Toy Ornithopter":35,"Mercury Hourglass":[344]},"card_choices":[{"not_picked":["Perfected Strike","Armaments"],"picked":"Flame Barrier","floor":1},{"not_picked":["Blood for Blood","Flame Barrier"],"picked":"Searing Blow","floor":2},{"not_picked":["Perfected Strike","Warcry+1"],"picked":"Disarm+1","floor":5},{"not_picked":["Dark Embrace","Iron Wave","Body Slam"],"picked":"SKIP","floor":6},{"not_picked":["Thunderclap","Clash"],"picked":"Infernal Blade+1","floor":8},{"not_picked":["Infernal Blade+1","Searing Blow"],"picked":"Feed","floor":11},{"not_picked":["Heavy Blade","Dropkick","Infernal Blade+1"],"picked":"SKIP","floor":12},{"not_picked":["Thunderclap","Perfected Strike"],"picked":"Flex+1","floor":13},{"not_picked":["Blood for Blood","Rupture","Headbutt"],"picked":"SKIP","floor":14},{"not_picked":["Offering+1","Juggernaut"],"picked":"Double Tap+1","floor":16},{"not_picked":["Flame Barrier+1","Headbutt"],"picked":"Disarm+1","floor":18},{"not_picked":["Flex+1","Reckless Charge","Iron Wave"],"picked":"SKIP","floor":19},{"not_picked":["Cleave","Havoc+1"],"picked":"Disarm+1","floor":21},{"not_picked":["Iron Wave","Body Slam+1"],"picked":"Impervious+1","floor":22},{"not_picked":["Blood for Blood+1","Havoc+1"],"picked":"Warcry+1","floor":29},{"not_picked":["Sentinel+1","Dropkick","Armaments+1"],"picked":"SKIP","floor":31},{"not_picked":["Exhume+1","Impervious+1"],"picked":"Barricade","floor":33},{"not_picked":["Blood for Blood+1","Anger"],"picked":"Shockwave+1","floor":35},{"not_picked":["Sword Boomerang+1","Twin Strike"],"picked":"Whirlwind","floor":37},{"not_picked":["Havoc+1","Fire Breathing"],"picked":"Warcry+1","floor":39},{"not_picked":["Perfected Strike","Seeing Red+1"],"picked":"True Grit+1","floor":41},{"not_picked":["Jack Of All Trades+1","Forethought+1"],"picked":"Bandage Up+1","floor":42},{"not_picked":["Dark Shackles+1","Purity+1"],"picked":"Bandage Up+1","floor":42},{"not_picked":["Jack Of All Trades+1","Forethought+1"],"picked":"Good Instincts+1","floor":42},{"not_picked":["Bloodletting+1","Heavy Blade+1"],"picked":"Warcry+1","floor":45},{"not_picked":["Whirlwind","Heavy Blade","Combust"],"picked":"SKIP","floor":47},{"not_picked":["Bloodletting+1","Inflame+1"],"picked":"Battle Trance+1","floor":48},{"not_picked":["Clash+1","Infernal Blade+1","Heavy Blade+1"],"picked":"SKIP","floor":54}],"player_experience":216382,"relics_obtained":[{"floor":6,"key":"Bag of Preparation"},{"floor":9,"key":"Toy Ornithopter"},{"floor":14,"key":"PreservedInsect"},{"floor":17,"key":"Regal Pillow"},{"floor":17,"key":"Mercury Hourglass"},{"floor":17,"key":"Ice Cream"},{"floor":26,"key":"Letter Opener"},{"floor":30,"key":"Enchiridion"},{"floor":48,"key":"Boot"},{"floor":54,"key":"Pear"}],"event_choices":[{"damage_healed":0,"gold_gain":0,"player_choice":"Ignored","damage_taken":0,"max_hp_gain":0,"max_hp_loss":0,"event_name":"Liars Game","floor":3,"gold_loss":0},{"damage_healed":0,"gold_gain":0,"player_choice":"Success","damage_taken":3,"relics_obtained":["Toxic Egg 2"],"max_hp_gain":0,"max_hp_loss":0,"event_name":"Scrap Ooze","floor":4,"gold_loss":0},{"damage_healed":0,"gold_gain":100,"player_choice":"Pray","damage_taken":0,"max_hp_gain":0,"max_hp_loss":0,"event_name":"Golden Shrine","floor":10,"gold_loss":0},{"damage_healed":0,"gold_gain":0,"player_choice":"Ignored","damage_taken":0,"max_hp_gain":0,"max_hp_loss":0,"event_name":"Ghosts","floor":20,"gold_loss":0},{"damage_healed":0,"gold_gain":0,"player_choice":"Opened","damage_taken":0,"relics_obtained":["Potion Belt"],"max_hp_gain":0,"max_hp_loss":0,"event_name":"The Mausoleum","floor":24,"gold_loss":0,"cards_obtained":["Writhe"]},{"cards_removed":["Writhe"],"damage_healed":0,"gold_gain":0,"player_choice":"Purged","damage_taken":0,"max_hp_gain":0,"max_hp_loss":0,"event_name":"Purifier","floor":27,"gold_loss":0},{"damage_healed":0,"gold_gain":0,"player_choice":"Obtained Book","damage_taken":16,"max_hp_gain":0,"max_hp_loss":0,"event_name":"Cursed Tome","floor":30,"gold_loss":0},{"damage_healed":0,"gold_gain":0,"cards_transformed":["Strike_R"],"player_choice":"Transformed","damage_taken":0,"max_hp_gain":0,"max_hp_loss":0,"event_name":"Transmorgrifier","floor":36,"gold_loss":0,"cards_obtained":["Carnage"]},{"damage_healed":0,"gold_gain":0,"player_choice":"Memory 3","damage_taken":10,"max_hp_gain":0,"max_hp_loss":0,"event_name":"SensoryStone","floor":42,"gold_loss":0},{"cards_removed":["Strike_R"],"damage_healed":0,"gold_gain":0,"player_choice":"Removed Attack","damage_taken":0,"max_hp_gain":0,"max_hp_loss":0,"event_name":"Falling","floor":46,"gold_loss":0}],"is_beta":false,"boss_relics":[{"not_picked":["Black Blood","SlaversCollar"],"picked":"Calling Bell"},{"not_picked":["Tiny House","Fusion Hammer"],"picked":"Sozu"}],"items_purged_floors":[38,53],"is_endless":false,"potions_floor_spawned":[1,6,11,12,14,21,29,31,39,47,48],"ascension_level":4}}