{"host":"p62uqwu04pp7leh9","time":1611570324,"event":{"mods":["BaseMod","Block Reminder","Colored Map","Colored Powertips","Minty Spire (QoL Compilation)","Relic Stats"],"gold_per_floor":[117,131,144,163,176,195,195,5,32,51,67,67,107,127,127,127,127],"floor_reached":16,"language":"ENG","playtime":1155,"items_purged":[],"score":119,"play_id":"7c9bdc48-abf6-4467-8313-face43754d69","local_time":"20210125042524","is_ascension_mode":true,"campfire_choices":[{"data":"Wallop","floor":12,"key":"SMITH"},{"data":"Bouncing Flask","floor":15,"key":"SMITH"}],"circlet_count":0,"master_deck":["Strike_R","Strike_R","Strike_R","Strike_R","Strike_R","Defend_R","Defend_R","Defend_R","Defend_R","Bash","Inflame","Warcry","Armaments","Evolve","Inflame","Pommel Strike","Rupture","Seeing Red","Cleave","Flex","Dropkick","Flex","Shockwave","Indignation","Wallop+1","All Out Attack","Sweeping Beam","Bandage Up","Fasting2","Bouncing Flask+1"],"relics":["Burning Blood","Prayer Wheel","Golden Idol","PrismaticShard","Omamori","Bottled Tornado"],"acts_visited":["Exordium"],"potions_floor_usage":[13,16],"damage_taken":[{"damage":13,"enemies":"Jaw Worm","floor":1,"turns":4},{"damage":10,"enemies":"2 Louse","floor":2,"turns":3},{"damage":6,"enemies":"Cultist","floor":3,"turns":4},{"damage":17,"enemies":"2 Fungi Beasts","floor":4,"turns":4},{"damage":24,"enemies":"Lots of Slimes","floor":5,"turns":5},{"damage":12,"enemies":"Exordium Wildlife","floor":6,"turns":4},{"damage":11,"enemies":"Looter","floor":10,"turns":3},{"damage":6,"enemies":"3 Louse","floor":11,"turns":4},{"damage":13,"enemies":"Lagavulin","floor":13,"turns":7},{"damage":5,"enemies":"Exordium Wildlife","floor":14,"turns":3},{"damage":20,"enemies":"Slime Boss","floor":16,"turns":4}],"seed_played":"4956089073601375385","potions_obtained":[{"floor":1,"key":"SmokeBomb"},{"floor":2,"key":"SpeedPotion"},{"floor":6,"key":"SkillPotion"}],"is_trial":false,"path_per_floor":["M","M","M","M","M","M","?","$","T","M","M","R","E","M","R","B"],"character_chosen":"IRONCLAD","items_purchased":["PrismaticShard","Shockwave"],"campfire_rested":0,"item_purchase_floors":[8,8],"current_hp_per_floor":[65,61,61,50,32,26,26,26,26,21,21,21,14,15,15,0,0],"gold":127,"neow_bonus":"ONE_RARE_RELIC","is_daily":false,"chose_seed":false,"campfire_upgraded":2,"win_rate":0.0,"timestamp":1611570324,"path_taken":["M","M","M","M","M","M","?","$","T","M","M","R","E","M","R","BOSS"],"items_purchased_type":["Relic","Card"],"build_version":"2020-12-22","purchased_purges":0,"victory":false,"max_hp_per_floor":[72,72,72,72,72,72,67,67,67,67,67,67,67,67,67,67,67],"relic_stats":{"counters":[11,45],"Golden Idol":19,"Prayer Wheel":9,"obtain_stats":[{"Golden Idol":7,"Prayer Wheel":0,"Omamori":9,"Bottled Tornado":13,"PrismaticShard":8,"Burning Blood":0},{"Golden Idol":6,"Prayer Wheel":0,"Omamori":6,"Bottled Tornado":9,"PrismaticShard":6,"Burning Blood":0},{"Golden Idol":24,"Prayer Wheel":0,"Omamori":24,"Bottled Tornado":38,"PrismaticShard":24,"Burning Blood":0}],"Burning Blood":60},"card_choices":[{"not_picked":["Iron Wave","Battle Trance"],"picked":"Inflame","floor":1},{"not_picked":["Headbutt","Clothesline"],"picked":"Warcry","floor":1},{"not_picked":["Searing Blow","Iron Wave"],"picked":"Armaments","floor":2},{"not_picked":["Combust","Cleave"],"picked":"Evolve","floor":2},{"not_picked":["Spot Weakness","True Grit"],"picked":"Inflame","floor":3},{"not_picked":["Reckless Charge","Cleave"],"picked":"Pommel Strike","floor":3},{"not_picked":["Clash","Disarm"],"picked":"Rupture","floor":4},{"not_picked":["Carnage","True Grit"],"picked":"Seeing Red","floor":4},{"not_picked":["Sever Soul","Body Slam"],"picked":"Cleave","floor":5},{"not_picked":["Pommel Strike","Headbutt"],"picked":"Flex","floor":5},{"not_picked":["Bloodletting","Cleave"],"picked":"Dropkick","floor":6},{"not_picked":["Bloodletting","Second Wind"],"picked":"Flex","floor":6},{"not_picked":["Clothesline","Coolheaded"],"picked":"Indignation","floor":10},{"not_picked":["Clothesline","Searing Blow"],"picked":"Wallop","floor":10},{"not_picked":["Wallop","Fission"],"picked":"All Out Attack","floor":11},{"not_picked":["Sucker Punch","Clothesline"],"picked":"Sweeping Beam","floor":11},{"not_picked":["Violence","Gash"],"picked":"Bandage Up","floor":13},{"not_picked":["SashWhip","Protect"],"picked":"Fasting2","floor":14},{"not_picked":["Cold Snap","Acrobatics"],"picked":"Bouncing Flask","floor":14}],"player_experience":328793,"relics_obtained":[{"floor":9,"key":"Omamori"},{"floor":13,"key":"Bottled Tornado"}],"event_choices":[{"damage_healed":0,"gold_gain":0,"player_choice":"Lose Max HP","damage_taken":0,"relics_obtained":["Golden Idol"],"max_hp_gain":0,"max_hp_loss":5,"event_name":"Golden Idol","floor":7,"gold_loss":0}],"is_beta":false,"boss_relics":[],"items_purged_floors":[],"is_endless":false,"potions_floor_spawned":[1,2,6,11],"killed_by":"Slime Boss","ascension_level":2}}