{"host":"itbqv4oobgse7q4n","time":1611560539,"event":{"mods":["100% Spire Juice","Act Like it!","Aspiration","BaseMod","Bestiary","CapriCore","Card Forge","Colored Powertips","Evolution","Friendly Minions","Gensokyo","GifTheSpireLib","Hero for Fun","Highlight Path","HololiveMod","Hubris","LagranYue(???·?)","Minty Spire (QoL Compilation)","Prisma Mod","Relic Filter","Remilia??????","Replay The Spire","Shop Mod","Small Relic Pack","StSLib","Td1madao Mod","The Alterego","The Animator","The Immortal","The Necromancer","The Servant 0.9.4","The Wild Card","Yakumo Yukari mod"],"gold_per_floor":[111,111,122,40,56,56,56],"floor_reached":6,"language":"RUS","playtime":768,"items_purged":[],"score":36,"play_id":"87120b98-a5bc-4028-bd90-8b3d885ff89e","local_time":"20210125104219","is_ascension_mode":false,"campfire_choices":[],"circlet_count":0,"master_deck":["LagranYue:BaseAttackCard+1","LagranYue:BaseAttackCard+1","LagranYue:BaseAttackCard+1","LagranYue:BaseDefendCard+1","LagranYue:BaseDefendCard+1","LagranYue:BaseDefendCard+1","LagranYue:AttackTopazCard+1","LagranYue:SkillBrokenSwordCard+1","LagranYue:BaseAttackCard+1","LagranYue:BaseDefendCard+1","LagranYue:ForgingCard+1","LagranYue:ForgingCard+1","Gensokyo:BlemishedSteel","LagranYue:PowerFurnaceCard"],"relics":["LagranYue:ArmsProficiencyRelics","Hammer of Thor","Seething Fire","Anvil of the Gods","EVO:Axolotl","aspiration:Nostalgia","animator:TheMissingPiece"],"acts_visited":["Gensokyo:Gensokyo"],"potions_floor_usage":[],"damage_taken":[{"damage":10,"enemies":"Gensokyo:Python","floor":1,"turns":5},{"damage":0,"enemies":"Gensokyo:3_Fairies","floor":3,"turns":3},{"damage":4,"enemies":"Gensokyo:2_Kodama","floor":5,"turns":6},{"damage":48,"enemies":"Gensokyo:Cirno","floor":6,"turns":8}],"seed_played":"-190882008274654214","potions_obtained":[{"floor":1,"key":"GamblersBrew"}],"is_trial":false,"path_per_floor":["M","?","M","COS","M","E"],"character_chosen":"LagranYueCharacter","items_purchased":[],"campfire_rested":0,"item_purchase_floors":[],"current_hp_per_floor":[65,65,65,65,61,13,13],"gold":56,"neow_bonus":"NOSTALGIA","is_daily":false,"chose_seed":false,"campfire_upgraded":0,"win_rate":0.0,"timestamp":1611560539,"path_taken":["M","?","M","COS","M","E"],"items_purchased_type":[],"build_version":"2020-12-22","purchased_purges":0,"victory":false,"max_hp_per_floor":[75,75,75,75,75,75,75],"card_choices":[{"not_picked":["LagranYue:AttackDevilCard","LagranYue:AttackRubyCard"],"picked":"LagranYue:ForgingCard","floor":1},{"not_picked":["LagranYue:SkillWoodSpearCard","LagranYue:DefendBetterCard"],"picked":"LagranYue:ForgingCard","floor":3},{"not_picked":["LagranYue:SkillDevilKissCard","LagranYue:AttackBetterCard"],"picked":"LagranYue:PowerFurnaceCard","floor":5}],"player_experience":194194,"relics_obtained":[],"event_choices":[],"is_beta":false,"boss_relics":[],"items_purged_floors":[],"is_endless":false,"potions_floor_spawned":[1],"killed_by":"Gensokyo:Cirno","ascension_level":0}}