{"host":"p62uqwu04pp7leh9","time":1611554665,"event":{"mods":["BaseMod","Block Reminder","Colored Map","Colored Powertips","Minty Spire (QoL Compilation)","Relic Stats"],"gold_per_floor":[114,4,4,4,24,24,35,70,70,101,101,101,114,14,14,110,110,130,142,160,179,209,209,236,254,305,359,359,371,371,371],"floor_reached":30,"language":"ENG","playtime":1911,"items_purged":["Strike_R","Strike_R"],"score":286,"play_id":"653ff5fd-4b81-4183-9c8e-7ebe3b5f5671","local_time":"20210125000425","is_ascension_mode":true,"campfire_choices":[{"data":"Bash","floor":6,"key":"SMITH"},{"data":"Dual Wield","floor":12,"key":"SMITH"},{"data":"Warcry","floor":15,"key":"SMITH"},{"data":"True Grit","floor":23,"key":"SMITH"},{"data":"Exhume","floor":28,"key":"SMITH"}],"circlet_count":0,"master_deck":["Strike_R","Strike_R","Strike_R","Defend_R","Defend_R","Defend_R","Bash+1","Dropkick","Warcry+1","Dual Wield+1","Dropkick","CurseOfTheBell","Exhume+1","True Grit+1","Second Wind"],"relics":["Burning Blood","Dead Branch","Charon\u0027s Ashes","Bag of Marbles","Calling Bell","Bronze Scales","Letter Opener","Ginger","Red Mask","Bag of Preparation","Juzu Bracelet","Blood Vial"],"acts_visited":["Exordium","TheCity"],"potions_floor_usage":[8,22,22,25,25],"damage_taken":[{"damage":13,"enemies":"2 Louse","floor":1,"turns":4},{"damage":12,"enemies":"Jaw Worm","floor":5,"turns":2},{"damage":0,"enemies":"Cultist","floor":7,"turns":3},{"damage":34,"enemies":"3 Sentries","floor":8,"turns":7},{"damage":21,"enemies":"Lagavulin","floor":10,"turns":4},{"damage":16,"enemies":"Gremlin Gang","floor":13,"turns":4},{"damage":38,"enemies":"Slime Boss","floor":16,"turns":8},{"damage":30,"enemies":"3 Byrds","floor":18,"turns":4},{"damage":2,"enemies":"Chosen","floor":19,"turns":3},{"damage":45,"enemies":"Snake Plant","floor":20,"turns":4},{"damage":0,"enemies":"Centurion and Healer","floor":21,"turns":5},{"damage":4,"enemies":"Masked Bandits","floor":22,"turns":3},{"damage":29,"enemies":"Slavers","floor":24,"turns":5},{"damage":0,"enemies":"Cultist and Chosen","floor":25,"turns":3},{"damage":18,"enemies":"Snake Plant","floor":29,"turns":3},{"damage":12,"enemies":"3 Cultists","floor":30,"turns":3}],"seed_played":"746216991175543368","potions_obtained":[{"floor":1,"key":"Weak Potion"},{"floor":10,"key":"SkillPotion"},{"floor":13,"key":"GamblersBrew"},{"floor":21,"key":"Fire Potion"},{"floor":22,"key":"GamblersBrew"},{"floor":24,"key":"SmokeBomb"}],"is_trial":false,"path_per_floor":["M","$","?","$","M","R","M","E","T","E","?","R","M","$","R","B",null,"M","M","M","M","?","R","E","M","T","T","R","M","M"],"character_chosen":"IRONCLAD","items_purchased":["Dropkick"],"campfire_rested":0,"item_purchase_floors":[2],"current_hp_per_floor":[81,81,74,74,68,68,74,46,46,31,88,88,78,78,78,46,88,64,68,29,35,37,37,14,20,20,20,20,10,0,0],"gold":371,"neow_bonus":"TEN_PERCENT_HP_BONUS","is_daily":false,"chose_seed":false,"campfire_upgraded":5,"win_rate":0.0,"timestamp":1611554665,"path_taken":["M","$","?","?","M","R","M","E","T","E","?","R","?","$","R","BOSS","M","M","M","?","?","R","E","M","T","?","R","M","M"],"items_purchased_type":["Card"],"build_version":"2020-12-22","purchased_purges":2,"victory":false,"max_hp_per_floor":[88,88,88,88,88,88,88,88,88,88,88,88,88,88,88,88,88,88,88,88,88,88,88,88,88,88,88,88,88,88,88],"relic_stats":{"Blood Vial":4,"counters":[16,65],"Dead Branch":[56],"Bronze Scales":[96],"Charon\u0027s Ashes":[273],"Bag of Preparation":[6],"Juzu Bracelet":0,"Letter Opener":[89],"Ginger":[4],"obtain_stats":[{"Calling Bell":17,"Blood Vial":27,"Dead Branch":8,"Bronze Scales":17,"Charon\u0027s Ashes":9,"Bag of Marbles":10,"Red Mask":22,"Bag of Preparation":24,"Juzu Bracelet":26,"Letter Opener":17,"Ginger":17,"Burning Blood":0},{"Calling Bell":7,"Blood Vial":14,"Dead Branch":4,"Bronze Scales":7,"Charon\u0027s Ashes":4,"Bag of Marbles":5,"Red Mask":12,"Bag of Preparation":13,"Juzu Bracelet":14,"Letter Opener":7,"Ginger":7,"Burning Blood":0},{"Calling Bell":32,"Blood Vial":59,"Dead Branch":16,"Bronze Scales":32,"Charon\u0027s Ashes":16,"Bag of Marbles":20,"Red Mask":51,"Bag of Preparation":56,"Juzu Bracelet":59,"Letter Opener":32,"Ginger":32,"Burning Blood":0}],"Burning Blood":90},"card_choices":[{"not_picked":["Warcry","Shrug It Off"],"picked":"Spot Weakness","floor":1},{"not_picked":["Havoc","Metallicize","Perfected Strike"],"picked":"SKIP","floor":5},{"not_picked":["Entrench","Uppercut","Flex"],"picked":"SKIP","floor":7},{"not_picked":["Inflame","Spot Weakness"],"picked":"Warcry","floor":8},{"not_picked":["Thunderclap","Offering"],"picked":"Dual Wield","floor":10},{"not_picked":["Armaments","Seeing Red"],"picked":"Dropkick","floor":13},{"not_picked":["Evolve","Iron Wave","Clash+1"],"picked":"SKIP","floor":18},{"not_picked":["Blood for Blood","Heavy Blade+1","Armaments"],"picked":"SKIP","floor":19},{"not_picked":["Dark Embrace","Cleave+1","Iron Wave"],"picked":"SKIP","floor":20},{"not_picked":["Clash","Perfected Strike"],"picked":"Exhume","floor":21},{"not_picked":["Inflame","Entrench"],"picked":"True Grit","floor":22},{"not_picked":["Fire Breathing","Twin Strike","Burning Pact"],"picked":"SKIP","floor":24},{"not_picked":["Disarm","Clothesline"],"picked":"Second Wind","floor":25},{"not_picked":["Uppercut+1","Metallicize","Thunderclap"],"picked":"SKIP","floor":29}],"player_experience":312575,"relics_obtained":[{"floor":8,"key":"Dead Branch"},{"floor":9,"key":"Charon\u0027s Ashes"},{"floor":10,"key":"Bag of Marbles"},{"floor":17,"key":"Bronze Scales"},{"floor":17,"key":"Letter Opener"},{"floor":17,"key":"Ginger"},{"floor":22,"key":"Red Mask"},{"floor":24,"key":"Bag of Preparation"},{"floor":26,"key":"Juzu Bracelet"},{"floor":27,"key":"Blood Vial"}],"event_choices":[{"cards_removed":["Defend_R"],"damage_healed":0,"gold_gain":0,"player_choice":"Card Removal","damage_taken":7,"max_hp_gain":0,"max_hp_loss":0,"event_name":"Golden Wing","floor":3,"gold_loss":0},{"cards_removed":["Spot Weakness"],"damage_healed":57,"gold_gain":0,"player_choice":"Offered Uncommon","damage_taken":0,"max_hp_gain":0,"max_hp_loss":0,"event_name":"Bonfire Elementals","floor":11,"gold_loss":0},{"damage_healed":0,"gold_gain":0,"player_choice":"Fought Bandits","damage_taken":0,"max_hp_gain":0,"max_hp_loss":0,"event_name":"Masked Bandits","floor":22,"gold_loss":0}],"is_beta":false,"boss_relics":[{"not_picked":["SacredBark","Runic Cube"],"picked":"Calling Bell"}],"items_purged_floors":[2,14],"is_endless":false,"potions_floor_spawned":[1,10,13,21,22,24],"killed_by":"3 Cultists","ascension_level":2}}