{"host":"dwyzfvnzfcqffr30","time":1611602039,"event":{"mods":["2.2 Compatiblity","Act Like it!","Aspiration","BaseMod","Beaked The Cultist","Better Altar","Better Match","Better Note","Better Sensory Stone","Better Skull","Better Third Choice","Clockwork Mod","Colored Map","Colored Powertips","Conspire","Elementarium","GifTheSpireLib","Halation","Hermit","Hubris","Infinite Spire","Ironclad Rager","Jedi Mod","Menagerie","Mimic Mod","Minty Spire (QoL Compilation)","Permanent Neow","Random Character Button","Reliquary","Replay The Spire","Spicy Shops","Spikes Relics","StSLib","Stuff the Spire","The Construct","The Disciple","The Druid","The Marked","TheFirefly","Trackpad","Wandering Minibosses"],"gold_per_floor":[125,145,145,6,25,25,61,76,76,110,127,164,3,33,33,114,114,138,10,10,21,21,21,56,73,73,103,103,123,179,179,179,267,267,300,330,6,20,20,54,54,90,129,163,163,209,1,18,18,18,18,18,18,46,46],"floor_reached":56,"language":"ENG","playtime":3997,"items_purged":["Dualcast+1","Strike_B+1","Strike_B+1"],"score":2261,"play_id":"3b9f0241-73ad-4eb7-ac08-b6d77c6c3222","local_time":"20210125111359","is_ascension_mode":true,"campfire_choices":[{"floor":6,"key":"RECALL"},{"data":"Defragment+1","floor":15,"key":"SMITH"},{"floor":23,"key":"REST"},{"data":"Defragment+2","floor":28,"key":"SMITH"},{"data":"Defragment+3","floor":32,"key":"SMITH"},{"floor":41,"key":"REST"},{"floor":49,"key":"DIG"},{"data":"Reprogram+1","floor":52,"key":"SMITH"}],"circlet_count":0,"master_deck":["AscendersBane","Strike_B+1","Strike_B+1","Defend_B+1","Defend_B+1","Defend_B+1","Defend_B+1","Zap+1","MasterReality+1","Apotheosis+1","DiskWipe+1","Cold Snap+2","jedi:hex+1","jedi:hex+1","Leap+1","jedi:BurstLightning+1","jedi:BurstFrost+1","ReplayTheSpireMod:Dual Polarity+1","Ball Lightning+1","Sweeping Beam+1","Defragment+4","Electrodynamics+1","Chaos+1","Conserve Battery+1","Reprogram+2","FIFO Queue+1","jedi:blockon+1","ReplayRNGCard+1","hubris:PowerSurge+1","ReplayTheSpireMod:Calculation Training+1","ReplayTheSpireMod:Reroute Power+1","BasicCrystalCard+1"],"relics":["Cracked Core","conspire:IceCreamScoop","Bottled Tornado","conspire:InfiniteJournal","SacredBark","infinitespire:EvilPickle","Quantum Egg","Frozen Egg 2","Molten Egg 2","Toxic Egg 2","halation:Prosthetics","aspiration:ChemicalBlood","Pear","Question Card","Lantern","halation:BlackBeret","Nuclear Battery","hubris:BallOfYels","reliquary:PartyBalloon","Sundial","MealTicket","halation:Pancakes","Elementarium:ElementariumTrophy","Singing Bowl","Regal Pillow","halation:SelfBoilingWater","jedi:Pinwheel","wanderingMiniBosses:Inkheart","WizardHat","Counterbalance","hubris:Potato","StuffTheSpire:Wildfire"],"acts_visited":["Exordium","Elementarium:Elementarium","TheBeyond","TheEnding"],"potions_floor_usage":[10,11,14,16,16,18,18,24,27,27,30,33,33,36,36,38,40,40,48,48,54,55],"damage_taken":[{"damage":0,"enemies":"Cultist","floor":1,"turns":3},{"damage":0,"enemies":"Jaw Worm","floor":2,"turns":3},{"damage":0,"enemies":"2 Louse","floor":5,"turns":3},{"damage":0,"enemies":"Lagavulin","floor":7,"turns":6},{"damage":0,"enemies":"Blue Slaver","floor":8,"turns":3},{"damage":0,"enemies":"conspire:MimicChest","floor":10,"turns":5},{"damage":11,"enemies":"Exordium Wildlife","floor":11,"turns":3},{"damage":0,"enemies":"Gremlin Nob","floor":12,"turns":3},{"damage":9,"enemies":"3 Sentries","floor":14,"turns":5},{"damage":8,"enemies":"Hexaghost","floor":16,"turns":6},{"damage":4,"enemies":"Elementarium:Cyclone","floor":18,"turns":6},{"damage":5,"enemies":"Elementarium:MUD_AND_TAR_GOLEMS","floor":21,"turns":3},{"damage":0,"enemies":"Elementarium:WarGolem","floor":24,"turns":4},{"damage":0,"enemies":"Elementarium:CYCLONE_AND_LIVING_STORMCLOUD","floor":25,"turns":3},{"damage":0,"enemies":"Elementarium:FIRE_NOBILITY","floor":27,"turns":4},{"damage":9,"enemies":"Elementarium:Hydrostalker","floor":29,"turns":3},{"damage":11,"enemies":"Elementarium:WarGolem","floor":30,"turns":2},{"damage":0,"enemies":"Elementarium:GolemEmperor","floor":33,"turns":6},{"damage":0,"enemies":"Orb Walker","floor":35,"turns":2},{"damage":32,"enemies":"3 Darklings","floor":36,"turns":3},{"damage":19,"enemies":"Jaw Worm Horde","floor":38,"turns":2},{"damage":0,"enemies":"Reptomancer","floor":40,"turns":2},{"damage":14,"enemies":"Nemesis","floor":42,"turns":5},{"damage":0,"enemies":"4 Shapes","floor":43,"turns":4},{"damage":0,"enemies":"Giant Head","floor":44,"turns":5},{"damage":0,"enemies":"Nemesis","floor":46,"turns":5},{"damage":0,"enemies":"4 Shapes","floor":48,"turns":1},{"damage":21,"enemies":"Replay:Hell Engine","floor":50,"turns":8},{"damage":22,"enemies":"Shield and Spear","floor":54,"turns":3},{"damage":0,"enemies":"The Heart","floor":55,"turns":7}],"seed_played":"-9177598468597494503","potions_obtained":[{"floor":7,"key":"Regen Potion"},{"floor":10,"key":"Fruit Juice"},{"floor":12,"key":"FearPotion"},{"floor":16,"key":"Weak Potion"},{"floor":18,"key":"Fruit Juice"},{"floor":24,"key":"jedi:coolantleak"},{"floor":29,"key":"ColorlessPotion"},{"floor":42,"key":"LifebloodPotion"}],"is_trial":false,"path_per_floor":["M","M","?","$","M","R","E","M","T","?","M","E","$","E","R","B",null,"M","$","?","M","?","R","E","M","T","E","R","M","E","?","R","B",null,"M","M","$","M","?","E","R","E","MIM","E","?","E","$","M","R_BF","B",null,"R","$","E","B",null],"character_chosen":"DEFECT","items_purchased":["jedi:hex+1","aspiration:HiddenCompartment","Defragment+1","Conserve Battery+1","Singing Bowl","Energy Potion","ReplayTheSpireMod:Calculation Training+1"],"campfire_rested":2,"item_purchase_floors":[4,4,13,19,37,37,47],"current_hp_per_floor":[36,36,36,36,36,36,46,46,46,56,45,45,45,56,56,48,54,60,60,42,37,40,59,59,59,59,59,59,50,39,54,54,54,63,63,31,46,48,32,34,70,58,60,62,62,64,78,78,78,57,73,73,78,56,56],"gold":46,"neow_bonus":"ONE_RARE_RELIC","is_daily":false,"chose_seed":false,"campfire_upgraded":4,"win_rate":0.0,"timestamp":1611602039,"path_taken":["M","M","?","$","?","R","E","M","T","?","M","E","?","E","R","BOSS","M","$","?","?","?","R","E","?","T","E","R","M","E","?","R","BOSS","M","M","$","M","?","E","R","E","MIM","E","?","E","$","M","R_BF","BOSS","R","$","E","BOSS"],"items_purchased_type":["Card","Relic","Card","Card","Relic","Potion","Card"],"build_version":"2020-12-22","purchased_purges":3,"victory":true,"max_hp_per_floor":[36,36,36,36,36,36,46,46,46,56,56,56,56,56,56,56,56,66,66,66,66,66,66,66,66,66,66,66,66,66,66,66,66,66,66,66,66,68,68,70,70,72,74,76,76,78,78,78,78,78,78,78,78,78,78],"card_choices":[{"not_picked":["StuffTheSpire:Plugnplay+1","Gash+1"],"picked":"DiskWipe+1","floor":1},{"not_picked":["Stack+1","Beam Cell+1"],"picked":"Cold Snap+1","floor":2},{"not_picked":["Reinforced Body+1","DiskWipe+1"],"picked":"Leap+1","floor":5},{"not_picked":["jedi:BurstDark+1","Tempest+1"],"picked":"jedi:BurstLightning+1","floor":7},{"not_picked":["Leap+1","jedi:BurstLightning+1"],"picked":"jedi:BurstFrost+1","floor":8},{"not_picked":["DiskWipe+1","Auto Shields+1"],"picked":"ReplayTheSpireMod:Dual Polarity+1","floor":10},{"not_picked":["Compile Driver+1","Auto Shields+1","jedi:BurstFrost+1"],"picked":"Ball Lightning+1","floor":11},{"not_picked":["Steam+1","BootSequence+1","StuffTheSpire:NuclearReactor+1"],"picked":"Sweeping Beam+1","floor":12},{"not_picked":["Stack+1","StuffTheSpire:CleanHardDrive+1","Coolheaded+1","Heatsinks+1"],"picked":"SKIP","floor":14},{"not_picked":["All For One+1","hubris:Prefetch+1","ReplayTheSpireMod:Omega Cannon+1"],"picked":"Electrodynamics+1","floor":16},{"not_picked":["Time Bomb+1","hubris:Ukulele+1","Leap+1"],"picked":"Chaos+1","floor":18},{"not_picked":["StuffTheSpire:CleanHardDrive+1","jedi:BurstFrost+1","Gash+1"],"picked":"Reprogram+1","floor":21},{"not_picked":["Panic Button+1","Go for the Eyes+1","hubris:Prefetch+1","jedi:BurstFrost+1"],"picked":"SKIP","floor":24},{"not_picked":["Leap+1","Chaos+1","ReplayTheSpireMod:Repulse+1","Stack+1"],"picked":"SKIP","floor":25},{"not_picked":["ReplaySolidLightProjector+1","Turbo+1","hubris:DoWhile+1"],"picked":"FIFO Queue+1","floor":27},{"not_picked":["Reinforced Body+1","Chill+1","Ball Lightning+1"],"picked":"jedi:blockon+1","floor":29},{"not_picked":["StuffTheSpire:LoadUp+1","jedi:BurstLightning+1","Gash+1","Cold Snap+1"],"picked":"SKIP","floor":30},{"not_picked":["Core Surge+1","hubris:Prefetch+1","Electrodynamics+1"],"picked":"ReplayRNGCard+1","floor":33},{"not_picked":["Rebound+1","Cold Snap+1","Redo+1","Rip and Tear+1"],"picked":"SKIP","floor":35},{"not_picked":["FIFO Queue+1","Ball Lightning+1","Steam+1"],"picked":"hubris:PowerSurge+1","floor":36},{"not_picked":["Sunder+1","Rebound+1","jedi:BurstLightning+1","Ball Lightning+1"],"picked":"Singing Bowl","floor":38},{"not_picked":["Beam Cell+1","Leap+1","Hologram+1","ReplayGash+1"],"picked":"Singing Bowl","floor":40},{"not_picked":["Leap+1","Genetic Algorithm+1","hubris:SpecializedCircuitry+1","jedi:BurstFrost+1"],"picked":"Singing Bowl","floor":42},{"not_picked":["RefreshScreen+1","Leap+1","Double Energy+1","Stack+1"],"picked":"Singing Bowl","floor":43},{"not_picked":["Go for the Eyes+1","Gash+1","Sunder+1","Redo+1"],"picked":"Singing Bowl","floor":44},{"not_picked":["Turbo+1","FTL+1","Auto Shields+1","Storm+1"],"picked":"Singing Bowl","floor":46},{"not_picked":["Recycle+1","Panic Button+1","Heatsinks+1"],"picked":"ReplayTheSpireMod:Reroute Power+1","floor":48},{"not_picked":["jedi:blockon+1","Genetic Algorithm+1","Coolheaded+1"],"picked":"BasicCrystalCard+1","floor":54}],"player_experience":2256468,"relics_obtained":[{"floor":7,"key":"Pear"},{"floor":10,"key":"Question Card"},{"floor":12,"key":"Lantern"},{"floor":14,"key":"halation:BlackBeret"},{"floor":24,"key":"reliquary:PartyBalloon"},{"floor":27,"key":"Sundial"},{"floor":30,"key":"MealTicket"},{"floor":40,"key":"halation:SelfBoilingWater"},{"floor":42,"key":"jedi:Pinwheel"},{"floor":43,"key":"wanderingMiniBosses:Inkheart"},{"floor":43,"key":"WizardHat"},{"floor":44,"key":"Counterbalance"},{"floor":46,"key":"hubris:Potato"},{"floor":49,"key":"StuffTheSpire:Wildfire"}],"event_choices":[{"damage_healed":0,"gold_gain":0,"player_choice":"Simplicity","damage_taken":0,"max_hp_gain":0,"max_hp_loss":8,"event_name":"betterThird:BetterWriting","floor":0,"gold_loss":0},{"damage_healed":0,"gold_gain":0,"player_choice":"Upgraded","damage_taken":0,"max_hp_gain":0,"max_hp_loss":0,"event_name":"Upgrade Shrine","floor":3,"gold_loss":0,"cards_upgraded":["Cold Snap"]},{"damage_healed":0,"gold_gain":0,"player_choice":"RE ","damage_taken":20,"relics_obtained":["hubris:BallOfYels"],"max_hp_gain":0,"max_hp_loss":0,"event_name":"betterSkull:BetterSkull","floor":20,"gold_loss":0,"cards_upgraded":[]},{"damage_healed":0,"gold_gain":0,"player_choice":"RE ","damage_taken":18,"relics_obtained":["Regal Pillow"],"max_hp_gain":0,"max_hp_loss":0,"event_name":"betterSkull:BetterSkull","floor":39,"gold_loss":0,"cards_upgraded":[]}],"is_beta":false,"boss_relics":[{"not_picked":["reliquary:KinkedSpring","Honey Jar"],"picked":"Nuclear Battery"},{"not_picked":["aspiration:PoetsPen_weak","halation:HeavySnake","conspire:RunicOctahedron"]}],"items_purged_floors":[13,19,47],"is_endless":false,"potions_floor_spawned":[7,10,12,14,16,18,24,29,36,38,42,46,48],"ascension_level":16}}