{"host":"5dk97cf2ubw2v967","time":1611588061,"event":{"mods":["AlwaysNeverKeys","BaseMod","Better Altar","Better Vampires","Block Reminder","Colored Powertips","Downfall","Googly Eyes","Highlight Path","Minty Spire (QoL Compilation)","Permanent Neow","Potion Indicator Mod","Quick Restart","Relic Filter","Relic Stats","Say the Spire","Spicy Shops","StSLib","Waifu the Spire","everything is the same but u backflip on backflip"],"gold_per_floor":[0,10,10,22,41,26,26,39,52,84,84,98,98,98,114,214,214,114,129,39,39,39,24,71,71,71,90,117,17,36,64,84,182,182,182,192,234,246,246,246,246,146,166,166,186,199,199,224,240,240,240,267,44,44,44,44],"floor_reached":57,"language":"ENG","playtime":5047,"items_purged":["Regret"],"score":2018,"play_id":"dc39e066-26d2-40e7-9d0f-03dc4d28c709","local_time":"20210125152101","is_ascension_mode":true,"campfire_choices":[{"data":"Guardian:TwinSlam","floor":1.0,"key":"SMITH"},{"floor":13.0,"key":"RECALL"},{"data":"Guardian:StasisEngine","floor":18.0,"key":"SMITH"},{"data":"Guardian:CompilePackage","floor":25.0,"key":"SMITH"},{"data":"Guardian:PrismaticBarrier","floor":29.0,"key":"SMITH"},{"data":"Guardian:DecasProtection","floor":35.0,"key":"SMITH"},{"data":"Guardian:FloatingOrbs","floor":42,"key":"SMITH"},{"data":"Guardian:SentryBeam","floor":44,"key":"SMITH"},{"data":"Guardian:Clone","floor":47,"key":"SMITH"},{"data":"expansioncontent:QuickStudy","floor":54,"key":"SMITH"}],"circlet_count":0,"master_deck":["AscendersBane","Guardian:Strike_Guardian","Guardian:Strike_Guardian","Guardian:Strike_Guardian","Guardian:Defend_Guardian+1","Guardian:Defend_Guardian","Guardian:CurlUp+1","Guardian:TwinSlam+1","Guardian:ShieldCharger","Guardian:PrismaticBarrier+1","Guardian:RollAttack","Guardian:Orbwalk","Guardian:ConstructionForm","Guardian:ArmoredProtocol","Guardian:FloatingOrbs+1","Guardian:SentryBeam+1","Guardian:Gem_Crimson","Guardian:StasisEngine+1","Guardian:CompilePackage+1","Guardian:Gem_White","Guardian:Gem_Cyan","Guardian:ChargeCore","Guardian:SphericShield","Guardian:BronzeOrb","Guardian:SentryBeam+1","Guardian:DecasProtection+1","Guardian:Gem_Cyan","Guardian:Gem_Cyan","Guardian:Clone+1","Guardian:Orbwalk","Guardian:VentSteam","expansioncontent:QuickStudy+1"],"relics":["Guardian:ModeShifterPlus","FossilizedHelix","Mango","War Paint","Meat on the Bone","Guardian:PickAxe","Philosopher\u0027s Stone","downfall:HeartBlessingRed","Bloody Idol","Regal Pillow","Singing Bowl","MealTicket","downfall:HeartBlessingGreen","PreservedInsect","Medical Kit","downfall:HeartBlessingBlue","Potion Belt"],"acts_visited":["Exordium","TheCity","TheBeyond","TheEnding"],"potions_floor_usage":[43,48,50,56],"damage_taken":[{"damage":0.0,"enemies":"Jaw Worm","floor":2.0,"turns":3.0},{"damage":0.0,"enemies":"2 Louse","floor":4.0,"turns":4.0},{"damage":7.0,"enemies":"Small Slimes","floor":5.0,"turns":4.0},{"damage":0.0,"enemies":"downfall:FleeingMerchant","floor":6.0,"turns":4.0},{"damage":3.0,"enemies":"Blue Slaver","floor":8.0,"turns":4.0},{"damage":11.0,"enemies":"Red Slaver","floor":9.0,"turns":4.0},{"damage":0.0,"enemies":"Lagavulin","floor":10.0,"turns":6.0},{"damage":11.0,"enemies":"Exordium Thugs","floor":12.0,"turns":6.0},{"damage":16.0,"enemies":"Exordium Thugs","floor":14.0,"turns":6.0},{"damage":2.0,"enemies":"Large Slime","floor":15.0,"turns":5.0},{"damage":26.0,"enemies":"DF_ARCHETYPE_STREAMLINE","floor":16.0,"turns":12.0},{"damage":0.0,"enemies":"3 Byrds","floor":19.0,"turns":4.0},{"damage":0.0,"enemies":"downfall:FleeingMerchant","floor":20.0,"turns":4.0},{"damage":0.0,"enemies":"downfall:FleeingMerchant","floor":23.0,"turns":4.0},{"damage":2.0,"enemies":"Cultist and Chosen","floor":27.0,"turns":5.0},{"damage":0.0,"enemies":"Gremlin Leader","floor":28.0,"turns":8.0},{"damage":0.0,"enemies":"Snecko","floor":30.0,"turns":6.0},{"damage":0.0,"enemies":"Book of Stabbing","floor":31.0,"turns":4.0},{"damage":0.0,"enemies":"Sentry and Sphere","floor":32.0,"turns":6.0},{"damage":16.0,"enemies":"IC_MUSHROOM_ARCHETYPE","floor":33.0,"turns":10.0},{"damage":0.0,"enemies":"3 Shapes","floor":36.0,"turns":3.0},{"damage":0,"enemies":"downfall:FleeingMerchant","floor":37,"turns":3},{"damage":0,"enemies":"3 Darklings","floor":38,"turns":3},{"damage":0,"enemies":"4 Shapes","floor":43,"turns":6},{"damage":0,"enemies":"Maw","floor":45,"turns":7},{"damage":0,"enemies":"Transient","floor":46,"turns":5},{"damage":0,"enemies":"Reptomancer","floor":48,"turns":6},{"damage":0,"enemies":"Jaw Worm Horde","floor":49,"turns":5},{"damage":0,"enemies":"SI_POISON_ARCHETYPE","floor":50,"turns":9},{"damage":0,"enemies":"downfall:CharBossMerchant","floor":52,"turns":9},{"damage":4,"enemies":"downfall:NeowBoss","floor":55,"turns":19},{"damage":24,"enemies":"downfall:NeowBossFinal","floor":56,"turns":11}],"seed_played":"944464555645764701","potions_obtained":[{"floor":4.0,"key":"Swift Potion"},{"floor":8.0,"key":"LiquidBronze"},{"floor":9.0,"key":"ColorlessPotion"},{"floor":10.0,"key":"Guardian:BlockOnCardUsePotion"},{"floor":12.0,"key":"Swift Potion"},{"floor":27.0,"key":"LiquidMemories"},{"floor":28.0,"key":"Fruit Juice"},{"floor":31.0,"key":"Block Potion"},{"floor":43,"key":"LiquidBronze"},{"floor":46,"key":"Strength Potion"},{"floor":52,"key":"SpeedPotion"}],"is_trial":false,"path_per_floor":["R","M","?","M","M","$","T","M","M","E","?","M","R","?","M","B",null,"R","M","$","?","?","$","T","R","T","M","E","R","M","E","M","B",null,"R","M","$","M","?","?","T","R","M","R","M","M","R","E","M","B",null,"E","$","R","B","B",null],"character_chosen":"GUARDIAN","items_purchased":["Guardian:Gem_Synthetic","Medical Kit","Guardian:VentSteam","expansioncontent:QuickStudy"],"campfire_rested":0,"item_purchase_floors":[37,37,53,53],"current_hp_per_floor":[72,72,72,72,65,65,79,76,65,65,65,54,54,32,42,28,78,78,78,78,8,8,48,53,53,53,56,61,61,66,71,76,65,87,87,94,98,98,98,98,98,108,115,115,117,117,117,117,119,119,119,121,121,121,117,93],"gold":44,"neow_bonus":"ONE_RARE_RELIC","is_daily":false,"chose_seed":false,"campfire_upgraded":9,"win_rate":0.0,"timestamp":1611588061,"path_taken":["R","M","?","M","M","$","T","M","M","E","?","M","R","?","M","BOSS","R","M","$","?","?","$","T","R","?","?","E","R","M","E","M","BOSS","R","M","$","M","?","?","T","R","M","R","M","M","R","E","M","BOSS","E","$","R","BOSS","BOSS"],"items_purchased_type":["Card","Relic","Card","Card"],"build_version":"2020-12-22","purchased_purges":1,"victory":true,"max_hp_per_floor":[80,80,80,80,80,80,94,94,94,94,94,94,94,94,94,94,94,94,94,94,94,94,94,94,94,94,94,94,94,94,94,94,94,94,94,96,98,98,98,98,98,108,115,115,117,117,117,117,119,119,119,121,121,121,121,121],"relic_stats":{"Regal Pillow":0,"Singing Bowl":12,"counters":[32,195],"Bloody Idol":40,"MealTicket":2,"PreservedInsect":179,"War Paint":["Guardian:Defend_Guardian","Guardian:CurlUp"],"Medical Kit":[13],"obtain_stats":[{"Potion Belt":48,"Regal Pillow":24,"downfall:HeartBlessingRed":18,"Singing Bowl":26,"Guardian:ModeShifterPlus":34,"Guardian:ModeShifter":0,"Mango":7,"downfall:HeartBlessingGreen":29,"PreservedInsect":31,"War Paint":10,"Medical Kit":37,"Guardian:PickAxe":14,"downfall:HeartBlessingBlue":42,"Bloody Idol":21,"Philosopher\u0027s Stone":17,"MealTicket":28,"FossilizedHelix":0,"Meat on the Bone":11},{"Potion Belt":27,"Regal Pillow":14,"downfall:HeartBlessingRed":11,"Singing Bowl":14,"Guardian:ModeShifterPlus":20,"Guardian:ModeShifter":0,"Mango":4,"downfall:HeartBlessingGreen":16,"PreservedInsect":18,"War Paint":7,"Medical Kit":22,"Guardian:PickAxe":9,"downfall:HeartBlessingBlue":23,"Bloody Idol":13,"Philosopher\u0027s Stone":11,"MealTicket":16,"FossilizedHelix":0,"Meat on the Bone":7},{"Potion Belt":142,"Regal Pillow":70,"downfall:HeartBlessingRed":58,"Singing Bowl":70,"Guardian:ModeShifterPlus":109,"Guardian:ModeShifter":0,"Mango":15,"downfall:HeartBlessingGreen":83,"PreservedInsect":93,"War Paint":29,"Medical Kit":115,"Guardian:PickAxe":41,"downfall:HeartBlessingBlue":118,"Bloody Idol":66,"Philosopher\u0027s Stone":58,"MealTicket":83,"FossilizedHelix":0,"Meat on the Bone":29}],"Meat on the Bone":48},"card_choices":[{"not_picked":["Guardian:Gem_Green","Guardian:Recover"],"picked":"Guardian:ShieldCharger","floor":2.0},{"not_picked":["Guardian:Recover","Guardian:WalkerClaw"],"picked":"Guardian:PrismaticBarrier","floor":4.0},{"not_picked":["Guardian:Incinerate","Guardian:Planning"],"picked":"Guardian:RollAttack","floor":5.0},{"not_picked":["Guardian:Clone","Guardian:SentryBeam"],"picked":"Guardian:Orbwalk","floor":6.0},{"not_picked":["Guardian:CrystalBeam","Guardian:Suspension"],"picked":"Guardian:ConstructionForm","floor":8.0},{"not_picked":["Guardian:Gem_Lightblue","Guardian:BodySlam"],"picked":"Guardian:ArmoredProtocol","floor":9.0},{"not_picked":["Guardian:Gem_Cyan","Guardian:Gem_Red"],"picked":"Guardian:FloatingOrbs","floor":10.0},{"not_picked":["Guardian:Gem_Cyan","Guardian:PiercingHide"],"picked":"Guardian:SentryBeam","floor":12.0},{"not_picked":["Guardian:Reroute","Guardian:DonusPower"],"picked":"Guardian:StasisEngine","floor":15.0},{"not_picked":["Guardian:RevengeProtocol","Guardian:TimeSifter"],"picked":"Guardian:CompilePackage","floor":16.0},{"not_picked":["Guardian:ChargeCore","Guardian:Suspension+1"],"picked":"Guardian:Gem_White","floor":19.0},{"not_picked":["Guardian:Recover","Guardian:ShieldCharger"],"picked":"Guardian:Gem_Cyan","floor":20.0},{"not_picked":["Guardian:Harden","Guardian:CrystalBeam"],"picked":"Guardian:ChargeCore","floor":23.0},{"not_picked":["Guardian:Gem_Green","Guardian:Gem_Red"],"picked":"Guardian:SphericShield","floor":27.0},{"not_picked":["Guardian:ChargeCore","Guardian:Incinerate"],"picked":"Guardian:BronzeOrb","floor":28.0},{"not_picked":["Guardian:Recover","Guardian:GuardianWhirl"],"picked":"Guardian:SentryBeam+1","floor":30.0},{"not_picked":["Guardian:Gem_Green","Guardian:BronzeArmor"],"picked":"Guardian:DecasProtection","floor":31.0},{"not_picked":["Guardian:SpikerProtocol","Guardian:ShieldCharger+1"],"picked":"Guardian:Gem_Cyan","floor":32.0},{"not_picked":["Guardian:GatlingBeam","Guardian:GemFire"],"picked":"Guardian:Gem_Synthetic","floor":33.0},{"not_picked":["Guardian:Preprogram","Guardian:MultiBeam","Guardian:Gem_Red"],"picked":"Singing Bowl","floor":36.0},{"not_picked":["Guardian:PrismaticBarrier","Guardian:Reroute","Guardian:Planning+1"],"picked":"Singing Bowl","floor":37},{"not_picked":["Guardian:ChargeCore","Guardian:VentSteam+1"],"picked":"Guardian:Gem_Cyan","floor":38},{"not_picked":["Guardian:BronzeOrb","Guardian:Reroute","Guardian:RollAttack"],"picked":"Singing Bowl","floor":43},{"not_picked":["Guardian:PrimingBeam","Guardian:SentryBeam","Guardian:WalkerClaw"],"picked":"Singing Bowl","floor":45},{"not_picked":["Guardian:BodySlam","Guardian:Harden"],"picked":"Guardian:Clone","floor":46},{"not_picked":["Guardian:Gem_Green","Guardian:SentryBeam"],"picked":"Guardian:Orbwalk","floor":48},{"not_picked":["Guardian:Reroute","Guardian:Incinerate","Guardian:Gem_Blue"],"picked":"Singing Bowl","floor":49},{"not_picked":["Guardian:Reroute","Guardian:Gem_Green","Guardian:GuardianWhirl"],"picked":"Singing Bowl","floor":52}],"player_experience":1258376,"relics_obtained":[{"floor":7.0,"key":"Mango"},{"floor":10.0,"key":"War Paint"},{"floor":24.0,"key":"Regal Pillow"},{"floor":26.0,"key":"Singing Bowl"},{"floor":28.0,"key":"MealTicket"},{"floor":31.0,"key":"PreservedInsect"},{"floor":48,"key":"Potion Belt"}],"event_choices":[{"damage_healed":0.0,"max_hp_gain":0.0,"max_hp_loss":0.0,"gold_gain":0.0,"event_name":"Big Fish","player_choice":"Box","floor":11.0,"gold_loss":0.0,"damage_taken":0.0,"relics_obtained":["Meat on the Bone"],"cards_obtained":["Regret"]},{"damage_healed":0.0,"max_hp_gain":78.0,"max_hp_loss":8.0,"gold_gain":0.0,"event_name":"betterAltar:BetterAltar","player_choice":" Idol Potion ","floor":21.0,"potions_obtained":["betterAltar:AltarPotion"],"relics_lost":[],"gold_loss":0.0,"damage_taken":70.0,"relics_obtained":["Bloody Idol"]},{"cards_removed":["Guardian:Defend_Guardian"],"damage_healed":0,"gold_gain":0,"player_choice":"Removed Skill","damage_taken":0,"max_hp_gain":0,"max_hp_loss":0,"event_name":"Falling","floor":39,"gold_loss":0}],"is_beta":false,"boss_relics":[{"not_picked":["SlaversCollar","Empty Cage"],"picked":"Philosopher\u0027s Stone"},{"not_picked":["Snecko Eye","Runic Dome"],"picked":"Guardian:ModeShifterPlus"}],"items_purged_floors":[20],"is_endless":false,"potions_floor_spawned":[4,8,9,10,12,27,28,31,38,43,46,52],"ascension_level":12}}