{"host":"zomwe5n2owcqokh9","time":1611537081,"event":{"mods":["2.2 Compatiblity","Act Like it!","BaseMod","BetterRewards","Colored Map","Colored Powertips","Highlight Path","Hubris","Minty Spire (QoL Compilation)","Quick Restart","Rare Cards Sparkle","Replay The Spire","Shop Mod","StSLib","SuperFastMode"],"gold_per_floor":[118,39,114,133,151,151,186,186,186,186,197,211,231,10,10,10,10],"floor_reached":16,"language":"ENG","playtime":564,"items_purged":[],"score":127,"play_id":"f92407be-91f0-4192-915f-ca2d4a0fc380","local_time":"20210124191121","is_ascension_mode":false,"campfire_choices":[{"data":"Fusion","floor":6,"key":"SMITH"},{"data":"BasicCrystalCard","floor":10,"key":"SMITH"}],"circlet_count":0,"master_deck":["Strike_B","Strike_B","Strike_B","Strike_B","Defend_B","Defend_B","Defend_B","Defend_B","Zap","Dualcast","FIFO Queue","Fusion+1","Conserve Battery","BasicCrystalCard+1","Fission","Redo","BasicCrystalCard","Capacitor"],"relics":["Cracked Core","NeowsBlessing","Lizard Tail","hubris:CrystalStatue","Pear","Lee\u0027s Waffle"],"acts_visited":["Exordium"],"potions_floor_usage":[7,12,16,16],"damage_taken":[{"damage":0,"enemies":"Jaw Worm","floor":1,"turns":1},{"damage":0,"enemies":"Small Slimes","floor":4,"turns":1},{"damage":0,"enemies":"Cultist","floor":5,"turns":1},{"damage":43,"enemies":"Gremlin Nob","floor":7,"turns":6},{"damage":3,"enemies":"2 Fungi Beasts","floor":11,"turns":4},{"damage":10,"enemies":"3 Louse","floor":12,"turns":4},{"damage":20,"enemies":"Large Slime","floor":13,"turns":8},{"damage":99,"enemies":"Slime Boss","floor":16,"turns":12}],"seed_played":"-1323363764410805401","potions_obtained":[{"floor":5,"key":"EssenceOfSteel"},{"floor":7,"key":"Reflective Coating"},{"floor":15,"key":"BlessingOfTheForge"},{"floor":15,"key":"Fruit Juice"}],"is_trial":false,"path_per_floor":["M","$","?","M","M","R","E","?","T","R","M","M","M","$","R_BF","B"],"character_chosen":"DEFECT","items_purchased":["FIFO Queue","Lee\u0027s Waffle","Capacitor"],"campfire_rested":0,"item_purchase_floors":[2,14,14],"current_hp_per_floor":[75,75,64,64,64,64,21,21,31,31,28,18,42,92,92,0,0],"gold":10,"neow_bonus":"THREE_ENEMY_KILL","is_daily":false,"chose_seed":false,"campfire_upgraded":2,"win_rate":0.0,"timestamp":1611537081,"path_taken":["M","$","?","M","M","R","E","?","T","R","?","M","M","$","R_BF","BOSS"],"items_purchased_type":["Card","Relic","Card"],"build_version":"2020-12-22","purchased_purges":0,"victory":false,"max_hp_per_floor":[75,75,75,75,75,75,75,75,85,85,85,85,85,92,92,97,97],"card_choices":[{"not_picked":["Compile Driver","Go for the Eyes"],"picked":"Cold Snap","floor":1},{"not_picked":["Leap","Panic Button"],"picked":"Fusion","floor":4},{"not_picked":["Cold Snap","Rip and Tear"],"picked":"Conserve Battery","floor":5},{"not_picked":["Cold Snap","Panic Button"],"picked":"BasicCrystalCard","floor":7},{"not_picked":["Hologram","Sweeping Beam"],"picked":"Fission","floor":11},{"not_picked":["Panic Button","Rebound"],"picked":"Redo","floor":12},{"not_picked":["FTL","ReplayTheSpireMod:Reroute Power"],"picked":"BasicCrystalCard","floor":13}],"player_experience":56606,"relics_obtained":[{"floor":7,"key":"Lizard Tail"},{"floor":9,"key":"Pear"}],"event_choices":[{"damage_healed":0,"gold_gain":75,"player_choice":"Gather Gold","damage_taken":11,"max_hp_gain":0,"max_hp_loss":0,"event_name":"World of Goop","floor":3,"gold_loss":0},{"cards_removed":["Cold Snap"],"damage_healed":0,"gold_gain":0,"player_choice":"Gave Card","damage_taken":0,"relics_obtained":["hubris:CrystalStatue"],"max_hp_gain":0,"max_hp_loss":0,"event_name":"WeMeetAgain","floor":8,"gold_loss":0}],"is_beta":false,"boss_relics":[],"items_purged_floors":[],"is_endless":false,"potions_floor_spawned":[5,7],"killed_by":"Slime Boss","ascension_level":0}}