{"host":"r4aerl4ckfvw1dw3","time":1611607506,"event":{"mods":["BaseMod","BetterRewards","Minty Spire (QoL Compilation)","Quick Restart","StSLib"],"gold_per_floor":[110,128,203,213,213,213,230,250,300,311,330,365,365,394,394,394,394],"floor_reached":16,"language":"ENG","playtime":1113,"items_purged":[],"score":146,"play_id":"9b3d295a-e2dc-4987-9df8-a5948c4328d9","local_time":"20210125124506","is_ascension_mode":true,"campfire_choices":[{"floor":6,"key":"RECALL"},{"floor":13,"key":"REST"},{"data":"True Grit","floor":15,"key":"SMITH"}],"circlet_count":0,"master_deck":["Strike_R","Strike_R","Strike_R","Strike_R","Strike_R","Defend_R","Defend_R","Defend_R","Defend_R","Bash","Iron Wave","Thunderclap","Heavy Blade","Cleave","Reaper","Armaments","Anger","Sentinel","True Grit+1"],"relics":["Burning Blood","Ancient Tea Set","Gremlin Horn","PreservedInsect","Unceasing Top"],"acts_visited":["Exordium"],"potions_floor_usage":[16,16,16],"damage_taken":[{"damage":12,"enemies":"Small Slimes","floor":1,"turns":5},{"damage":10,"enemies":"Jaw Worm","floor":2,"turns":5},{"damage":1,"enemies":"Cultist","floor":4,"turns":3},{"damage":0,"enemies":"3 Louse","floor":7,"turns":2},{"damage":4,"enemies":"2 Fungi Beasts","floor":8,"turns":3},{"damage":16,"enemies":"Blue Slaver","floor":10,"turns":4},{"damage":15,"enemies":"Looter","floor":11,"turns":3},{"damage":50,"enemies":"Gremlin Nob","floor":12,"turns":6},{"damage":0,"enemies":"3 Sentries","floor":14,"turns":6},{"damage":76,"enemies":"Hexaghost","floor":16,"turns":11}],"seed_played":"-8590947529160674015","potions_obtained":[{"floor":2,"key":"ElixirPotion"},{"floor":8,"key":"Weak Potion"},{"floor":10,"key":"BloodPotion"},{"floor":11,"key":"LiquidBronze"},{"floor":14,"key":"Block Potion"}],"is_trial":false,"path_per_floor":["M","M","?","M","?","R","M","M","T","M","M","E","R","E","R","B"],"character_chosen":"IRONCLAD","items_purchased":[],"campfire_rested":1,"item_purchase_floors":[],"current_hp_per_floor":[74,70,59,64,64,64,70,72,72,66,63,23,47,53,53,0,0],"gold":394,"neow_bonus":"RANDOM_COMMON_RELIC","is_daily":false,"chose_seed":false,"campfire_upgraded":1,"win_rate":0.0,"timestamp":1611607506,"path_taken":["M","M","?","M","?","R","M","M","T","M","?","E","R","E","R","BOSS"],"items_purchased_type":[],"build_version":"2020-12-22","purchased_purges":0,"victory":false,"max_hp_per_floor":[80,80,80,80,80,80,80,80,80,80,80,80,80,80,80,80,80],"card_choices":[{"not_picked":["Twin Strike","Entrench"],"picked":"Iron Wave","floor":1},{"not_picked":["Shrug It Off","Cleave"],"picked":"Thunderclap","floor":2},{"not_picked":["Blood for Blood","Pommel Strike"],"picked":"Heavy Blade","floor":4},{"not_picked":["Sentinel","Sword Boomerang"],"picked":"Cleave","floor":7},{"not_picked":["Clothesline","Anger"],"picked":"Reaper","floor":8},{"not_picked":["Body Slam","Wild Strike"],"picked":"Armaments","floor":10},{"not_picked":["Pommel Strike","Twin Strike"],"picked":"Anger","floor":11},{"not_picked":["Impervious","True Grit"],"picked":"Sentinel","floor":12},{"not_picked":["Spot Weakness","Sword Boomerang"],"picked":"True Grit","floor":14}],"player_experience":400752,"relics_obtained":[{"floor":12,"key":"PreservedInsect"},{"floor":14,"key":"Unceasing Top"}],"event_choices":[{"damage_healed":0,"gold_gain":75,"player_choice":"Gather Gold","damage_taken":11,"max_hp_gain":0,"max_hp_loss":0,"event_name":"World of Goop","floor":3,"gold_loss":0},{"damage_healed":0,"gold_gain":0,"player_choice":"Gave Potion","damage_taken":0,"relics_obtained":["Gremlin Horn"],"max_hp_gain":0,"max_hp_loss":0,"event_name":"WeMeetAgain","floor":5,"gold_loss":0}],"is_beta":false,"boss_relics":[],"items_purged_floors":[],"is_endless":false,"potions_floor_spawned":[2,8,10,11,14],"killed_by":"Hexaghost","ascension_level":1}}