{"host":"sc0o2qwpf9j16a4i","time":1611604260,"event":{"mods":["AchievementEnabler","BaseMod","BetterRewards","Block Reminder","Colored Map","Colored Powertips","Custom Start","Highlight Path","Minty Spire (QoL Compilation)","Relic Stats"],"gold_per_floor":[118,193,210,210,20,20,50,50,73,100,100,120,147,167,167,262,262,273,284,284,131,131,131,157,157,157,157,257,270,285,319,319,426,426,454,1471,1399,609,622,653,653,694,694,716,716,716,736,756,756,756],"floor_reached":51,"language":"ENG","playtime":2116,"items_purged":["Strike_R","Normality"],"score":1011,"play_id":"732b60b7-e0d6-4759-aee1-7e61f8686f16","local_time":"20210125215100","daily_mods":["Allstar","Green Cards","Terminal"],"is_ascension_mode":false,"campfire_choices":[{"data":"Apotheosis","floor":6,"key":"SMITH"},{"data":"Mayhem","floor":8,"key":"SMITH"},{"data":"Shockwave","floor":11,"key":"SMITH"},{"data":"Well Laid Plans","floor":15,"key":"SMITH"},{"floor":23,"key":"REST"},{"floor":25,"key":"REST"},{"floor":27,"key":"REST"},{"floor":32,"key":"REST"},{"floor":45,"key":"REST"},{"floor":49,"key":"REST"}],"circlet_count":0,"master_deck":["Strike_R","Strike_R","Strike_R","Strike_R","Defend_R","Defend_R","Defend_R","Bash","Dramatic Entrance+1","Apotheosis+1","Blind","Mayhem+1","Metamorphosis","Deadly Poison+1","Shockwave+1","Flame Barrier","Burst","Well Laid Plans+1","Barricade","Shockwave+1","RitualDagger","Reaper","True Grit+1","Feel No Pain+1","Uppercut+1","Limit Break","Blade Dance+1","Normality","Feel No Pain+1","Entrench+1","Crippling Poison+1","Spot Weakness+1"],"relics":["Burning Blood","Tiny Chest","Blood Vial","Vajra","CaptainsWheel","Fusion Hammer","Question Card","Champion Belt","Ginger","Gambling Chip","Self Forming Clay","CeramicFish","SlaversCollar","Pantograph","Pear","DollysMirror","Eternal Feather","White Beast Statue","Incense Burner","Sundial"],"acts_visited":["Exordium","TheCity","TheBeyond"],"potions_floor_usage":[7,13,18,28,31,42,42,42,47],"damage_taken":[{"damage":1,"enemies":"Jaw Worm","floor":1,"turns":4},{"damage":0,"enemies":"2 Louse","floor":3,"turns":2},{"damage":0,"enemies":"Lagavulin","floor":7,"turns":5},{"damage":13,"enemies":"Gremlin Nob","floor":10,"turns":5},{"damage":0,"enemies":"Cultist","floor":12,"turns":3},{"damage":0,"enemies":"3 Sentries","floor":13,"turns":7},{"damage":0,"enemies":"Gremlin Gang","floor":14,"turns":1},{"damage":0,"enemies":"The Guardian","floor":16,"turns":9},{"damage":0,"enemies":"2 Thieves","floor":18,"turns":4},{"damage":0,"enemies":"Shell Parasite","floor":19,"turns":5},{"damage":0,"enemies":"Gremlin Leader","floor":24,"turns":7},{"damage":1,"enemies":"Colosseum Slavers","floor":28,"turns":5},{"damage":13,"enemies":"Colosseum Nobs","floor":28,"turns":4},{"damage":0,"enemies":"Snecko","floor":29,"turns":6},{"damage":1,"enemies":"Sentry and Sphere","floor":30,"turns":7},{"damage":7,"enemies":"Book of Stabbing","floor":31,"turns":7},{"damage":0,"enemies":"Champ","floor":33,"turns":16},{"damage":3,"enemies":"Orb Walker","floor":35,"turns":6},{"damage":0,"enemies":"3 Shapes","floor":39,"turns":7},{"damage":0,"enemies":"Nemesis","floor":40,"turns":11},{"damage":25,"enemies":"Giant Head","floor":42,"turns":11},{"damage":0,"enemies":"Sphere and 2 Shapes","floor":44,"turns":6},{"damage":1,"enemies":"4 Shapes","floor":47,"turns":4},{"damage":0,"enemies":"Jaw Worm Horde","floor":48,"turns":5},{"damage":30,"enemies":"Time Eater","floor":50,"turns":15}],"seed_played":"7395530954973532979","potions_obtained":[{"floor":10,"key":"Block Potion"},{"floor":13,"key":"DistilledChaos"},{"floor":19,"key":"Block Potion"},{"floor":28,"key":"DuplicationPotion"},{"floor":29,"key":"BloodPotion"},{"floor":31,"key":"Weak Potion"},{"floor":42,"key":"Regen Potion"},{"floor":44,"key":"Explosive Potion"},{"floor":47,"key":"GamblersBrew"},{"floor":48,"key":"AttackPotion"}],"is_trial":true,"path_per_floor":["M","?","M","?","$","R","E","R","T","E","R","M","E","M","R","B",null,"M","M","?","$","T","R","E","R","T","R","?","M","M","E","R","B",null,"M","?","?","$","M","E","T","E","T","M","R","?","M","M","R","B",null],"character_chosen":"IRONCLAD","items_purchased":["Shockwave","SkillPotion","Reaper","Pear","DollysMirror","Eternal Feather","PowerPotion"],"campfire_rested":6,"item_purchase_floors":[5,5,21,38,38,38,38],"current_hp_per_floor":[78,67,73,58,58,58,64,64,64,59,59,67,66,65,64,63,62,61,60,54,54,54,56,55,54,53,52,45,50,49,48,47,46,45,44,43,42,51,50,49,48,47,46,45,44,43,42,41,40,39],"gold":756,"neow_bonus":"","is_daily":false,"chose_seed":false,"campfire_upgraded":4,"win_rate":0.0,"timestamp":1611604260,"path_taken":["M","?","M","?","?","R","E","R","T","E","R","?","E","?","R","BOSS","M","M","?","$","?","R","E","R","T","R","?","M","M","E","R","BOSS","M","?","?","$","M","E","?","E","T","M","R","?","M","?","R","BOSS"],"items_purchased_type":["Card","Potion","Card","Relic","Relic","Relic","Potion"],"build_version":"2020-12-22","purchased_purges":2,"victory":true,"max_hp_per_floor":[78,77,76,75,74,73,72,71,70,69,68,67,66,65,64,63,62,61,60,59,58,57,56,55,54,53,52,51,50,49,48,47,46,45,44,43,42,51,50,49,48,47,46,45,44,43,42,41,40,39],"relic_stats":{"counters":[25,162],"Self Forming Clay":[24],"CeramicFish":81,"Eternal Feather":0,"Ginger":[11],"Question Card":13,"Burning Blood":38,"Blood Vial":6,"Sundial":[0],"Gambling Chip":[41],"Pantograph":0,"Tiny Chest":2,"Champion Belt":[47],"obtain_stats":[{"Pear":38,"Self Forming Clay":28,"CeramicFish":31,"Vajra":10,"Eternal Feather":38,"Incense Burner":42,"Ginger":26,"Question Card":22,"Burning Blood":0,"White Beast Statue":41,"Blood Vial":9,"SlaversCollar":34,"CaptainsWheel":13,"DollysMirror":38,"Sundial":43,"Gambling Chip":28,"Pantograph":37,"Tiny Chest":7,"Fusion Hammer":17,"Champion Belt":24},{"Pear":18,"Self Forming Clay":13,"CeramicFish":16,"Vajra":4,"Eternal Feather":18,"Incense Burner":21,"Ginger":11,"Question Card":10,"Burning Blood":0,"White Beast Statue":20,"Blood Vial":3,"SlaversCollar":17,"CaptainsWheel":6,"DollysMirror":18,"Sundial":21,"Gambling Chip":13,"Pantograph":18,"Tiny Chest":3,"Fusion Hammer":8,"Champion Belt":11},{"Pear":103,"Self Forming Clay":61,"CeramicFish":81,"Vajra":16,"Eternal Feather":103,"Incense Burner":132,"Ginger":52,"Question Card":45,"Burning Blood":0,"White Beast Statue":121,"Blood Vial":11,"SlaversCollar":97,"CaptainsWheel":26,"DollysMirror":103,"Sundial":132,"Gambling Chip":61,"Pantograph":103,"Tiny Chest":11,"Fusion Hammer":36,"Champion Belt":52}]},"card_choices":[{"not_picked":["Dagger Spray","Body Slam"],"picked":"Deadly Poison","floor":1},{"not_picked":["Intimidate","Infinite Blades","Sword Boomerang"],"picked":"SKIP","floor":3},{"not_picked":["Deadly Poison","Shrug It Off"],"picked":"Flame Barrier","floor":7},{"not_picked":["Slice","Clash"],"picked":"Burst","floor":10},{"not_picked":["Masterful Stab","Anger"],"picked":"Well Laid Plans","floor":12},{"not_picked":["Infernal Blade","Thunderclap","Dagger Spray"],"picked":"SKIP","floor":13},{"not_picked":["Sucker Punch","Ghostly Armor","Riddle With Holes"],"picked":"SKIP","floor":14},{"not_picked":["Night Terror","Phantasmal Killer"],"picked":"Barricade","floor":16},{"not_picked":["Clash","Infinite Blades","Headbutt"],"picked":"SKIP","floor":18},{"not_picked":["Sword Boomerang+1","Ghostly Armor"],"picked":"Shockwave+1","floor":19},{"not_picked":["Masterful Stab","Underhanded Strike","Rupture","Headbutt"],"picked":"SKIP","floor":24},{"not_picked":["Poisoned Stab","Thunderclap","Backstab"],"picked":"True Grit+1","floor":29},{"not_picked":["Blood for Blood","Shockwave","Backstab"],"picked":"Feel No Pain+1","floor":30},{"not_picked":["Heel Hook","Dagger Spray","Bouncing Flask+1"],"picked":"Uppercut+1","floor":31},{"not_picked":["Reaper","Storm of Steel","Wraith Form v2"],"picked":"Limit Break","floor":33},{"not_picked":["Finisher","Havoc","Second Wind+1"],"picked":"Blade Dance+1","floor":35},{"not_picked":["Riddle With Holes+1","Dagger Throw","Terror","Deadly Poison"],"picked":"SKIP","floor":39},{"not_picked":["Wraith Form v2","Acrobatics","Caltrops","Twin Strike"],"picked":"SKIP","floor":40},{"not_picked":["Double Tap","Ghostly Armor+1","Juggernaut"],"picked":"Entrench+1","floor":42},{"not_picked":["Quick Slash+1","Battle Trance","Backflip+1"],"picked":"Crippling Poison+1","floor":44},{"not_picked":["Backflip","Escape Plan+1","All Out Attack"],"picked":"Spot Weakness+1","floor":47},{"not_picked":["Blood for Blood","Cloak And Dagger","Iron Wave","Twin Strike+1"],"picked":"SKIP","floor":48}],"player_experience":965539,"relics_obtained":[{"floor":7,"key":"Tiny Chest"},{"floor":9,"key":"Blood Vial"},{"floor":10,"key":"Vajra"},{"floor":13,"key":"CaptainsWheel"},{"floor":22,"key":"Question Card"},{"floor":24,"key":"Champion Belt"},{"floor":26,"key":"Ginger"},{"floor":28,"key":"Gambling Chip"},{"floor":28,"key":"Self Forming Clay"},{"floor":31,"key":"CeramicFish"},{"floor":41,"key":"White Beast Statue"},{"floor":42,"key":"Incense Burner"},{"floor":43,"key":"Sundial"}],"event_choices":[{"damage_healed":0,"gold_gain":75,"player_choice":"Gather Gold","damage_taken":11,"max_hp_gain":0,"max_hp_loss":0,"event_name":"World of Goop","floor":2,"gold_loss":0},{"damage_healed":0,"gold_gain":0,"player_choice":"Entered Light","damage_taken":15,"max_hp_gain":0,"max_hp_loss":0,"event_name":"Shining Light","floor":4,"gold_loss":0,"cards_upgraded":["Dramatic Entrance","Deadly Poison"]},{"damage_healed":0,"gold_gain":0,"player_choice":"Joined the Cult","damage_taken":6,"max_hp_gain":0,"max_hp_loss":0,"event_name":"Nest","floor":20,"gold_loss":0,"cards_obtained":["RitualDagger"]},{"damage_healed":0,"gold_gain":0,"player_choice":"Fight","damage_taken":0,"max_hp_gain":0,"max_hp_loss":0,"event_name":"Colosseum","floor":28,"gold_loss":0},{"damage_healed":0,"gold_gain":0,"player_choice":"Fought Nobs","damage_taken":0,"max_hp_gain":0,"max_hp_loss":0,"event_name":"Colosseum","floor":28,"gold_loss":0},{"damage_healed":0,"gold_gain":999,"player_choice":"Gold","damage_taken":0,"max_hp_gain":0,"max_hp_loss":0,"event_name":"MindBloom","floor":36,"gold_loss":0,"cards_obtained":["Normality","Normality"]},{"damage_healed":0,"gold_gain":0,"player_choice":"Paid Gold","damage_taken":0,"relics_obtained":["Pantograph"],"max_hp_gain":0,"max_hp_loss":0,"event_name":"WeMeetAgain","floor":37,"gold_loss":72},{"cards_removed":["Defend_R"],"damage_healed":0,"gold_gain":0,"player_choice":"Removed Skill","damage_taken":0,"max_hp_gain":0,"max_hp_loss":0,"event_name":"Falling","floor":46,"gold_loss":0}],"is_beta":false,"boss_relics":[{"not_picked":["Tiny House","Astrolabe"],"picked":"Fusion Hammer"},{"not_picked":["Calling Bell","Philosopher\u0027s Stone"],"picked":"SlaversCollar"}],"items_purged_floors":[5,38],"is_endless":false,"potions_floor_spawned":[10,13,19,28,29,31,39,40,42,44,47,48],"ascension_level":0}}