{"host":"njb27ds59h4j3ikk","time":1611606459,"event":{"mods":["AchievementEnabler","BaseMod","Better Altar","Better Match","Better Note","Better Sensory Stone","Better Skull","Better Third Choice","BetterRewards","Downfall","Hermit","Hubris","Minty Spire (QoL Compilation)","Permanent Neow","Quarter Circle Forward PUNCH!","Quick Restart","Rare Cards Sparkle","Shop Mod","StSLib","Trackpad","Transform Curses"],"gold_per_floor":[99,114,132,147,160,160,234,250,250,269,295,312,312,324,344,442,442,442,459,475,475,575,593,593,612,117,117,7,21,32,46,65,65,65],"floor_reached":33,"language":"ENG","playtime":1468,"items_purged":[],"score":259,"play_id":"7df9e74c-2a06-4420-bbd2-cc47c72104c7","local_time":"20210125152739","is_ascension_mode":false,"campfire_choices":[{"data":"hermit:Snapshot","floor":1.0,"key":"SMITH"},{"data":"hermit:PistolWhip","floor":6.0,"key":"SMITH"},{"data":"hermit:HighCaliber","floor":9.0,"key":"SMITH"},{"floor":13.0,"key":"REST"},{"data":"hermit:HeroicBravado","floor":18,"key":"SMITH"}],"circlet_count":0,"master_deck":["hermit:Strike_Hermit+1","hermit:Strike_Hermit+1","hermit:Strike_Hermit+1","hermit:Strike_Hermit+1","hermit:Defend_Hermit+1","hermit:Defend_Hermit+1","hermit:Defend_Hermit+1","hermit:Defend_Hermit+1","hermit:Snapshot+1","hermit:Covet","hermit:HighCaliber+1","hermit:Vantage+1","hermit:PistolWhip+1","hermit:SprayPray","hermit:Spite","hermit:Feint","hermit:EyeOfTheStorm","hermit:WideOpen","hermit:Quickdraw","hermit:Misfire","hermit:HeroicBravado+1","hermit:BodyArmor","hermit:ShadowCloak+1","Slimebound:CorrosiveSpit+1","hermit:HoleUp","hermit:Desperado","hermit:Coalescence","hermit:Snipe","Dark Shackles","hermit:Showdown","hermit:Deadeye","hermit:RoundhouseKick","hermit:Misfire+1"],"relics":["expansioncontent:StudyCardRelic","Frozen Egg 2","War Paint","Black Star","qcfpunch:Wild_Herbs_Ointment","Akabeko","Shuriken"],"acts_visited":["Exordium","TheCity"],"potions_floor_usage":[16,16,20,23,28,31,33,33,33],"damage_taken":[{"damage":6.0,"enemies":"Cultist","floor":2.0,"turns":3.0},{"damage":2.0,"enemies":"2 Louse","floor":3.0,"turns":2.0},{"damage":1.0,"enemies":"Jaw Worm","floor":4.0,"turns":3.0},{"damage":2.0,"enemies":"Blue Slaver","floor":5.0,"turns":2.0},{"damage":2.0,"enemies":"3 Louse","floor":8.0,"turns":2.0},{"damage":13.0,"enemies":"Lots of Slimes","floor":10.0,"turns":3.0},{"damage":23.0,"enemies":"3 Sentries","floor":11.0,"turns":7.0},{"damage":10.0,"enemies":"Gremlin Gang","floor":12.0,"turns":3.0},{"damage":0,"enemies":"Large Slime","floor":14,"turns":3},{"damage":4,"enemies":"Blue Slaver","floor":15,"turns":2},{"damage":10,"enemies":"IC_STATUS_ARCHETYPE","floor":16,"turns":3},{"damage":1,"enemies":"Spheric Guardian","floor":19,"turns":3},{"damage":2,"enemies":"Snake Plant","floor":20,"turns":3},{"damage":7,"enemies":"Centurion and Healer","floor":23,"turns":6},{"damage":22,"enemies":"Cultist and Chosen","floor":25,"turns":5},{"damage":0,"enemies":"downfall:FleeingMerchant","floor":26,"turns":4},{"damage":10,"enemies":"downfall:FleeingMerchant","floor":28,"turns":4},{"damage":7,"enemies":"Snake Plant","floor":29,"turns":3},{"damage":1,"enemies":"Snecko","floor":30,"turns":4},{"damage":16,"enemies":"Centurion and Healer","floor":31,"turns":4},{"damage":2,"enemies":"Sentry and Sphere","floor":32,"turns":3},{"damage":72,"enemies":"DF_ARCHETYPE_CLAW","floor":33,"turns":7}],"seed_played":"-2566855584503341086","potions_obtained":[{"floor":2.0,"key":"EntropicBrew"},{"floor":3.0,"key":"Swift Potion"},{"floor":8.0,"key":"SmokeBomb"},{"floor":16,"key":"Weak Potion"},{"floor":19,"key":"Block Potion"},{"floor":20,"key":"hermit:Eclipse"},{"floor":29,"key":"SkillPotion"},{"floor":31,"key":"GamblersBrew"},{"floor":32,"key":"Dexterity Potion"}],"is_trial":false,"path_per_floor":["R","M","M","M","M","R","T","M","R","M","E","M","R","M","M","B",null,"R","M","M","?","?","M","T","M","$","?","$","M","M","M","M","B"],"character_chosen":"HERMIT","items_purchased":["hermit:Coalescence","Akabeko","Shuriken","AttackPotion","Dark Shackles"],"campfire_rested":1,"item_purchase_floors":[26,26,26,26,28],"current_hp_per_floor":[75,69,67,66,64,64,64,62,62,49,26,16,38,38,34,24,75,75,74,72,72,72,65,65,47,47,47,37,30,29,13,11,0,0],"gold":65,"neow_bonus":"BOSS_RELIC","is_daily":false,"chose_seed":false,"campfire_upgraded":4,"win_rate":0.0,"timestamp":1611606459,"path_taken":["R","M","M","M","M","R","T","M","R","M","E","M","R","?","M","BOSS","R","M","?","?","?","M","T","M","?","?","$","M","M","M","M","BOSS"],"items_purchased_type":["Card","Relic","Relic","Potion","Card"],"build_version":"2020-12-22","purchased_purges":0,"victory":false,"max_hp_per_floor":[75,75,75,75,75,75,75,75,75,75,75,75,75,75,75,75,75,75,75,75,75,75,75,75,79,79,79,79,79,79,79,79,79,79],"card_choices":[{"not_picked":["hermit:HoleUp","hermit:Headshot"],"picked":"hermit:HighCaliber","floor":2.0},{"not_picked":["hermit:Feint","hermit:Coalescence"],"picked":"hermit:Vantage","floor":3.0},{"not_picked":["hermit:NoHoldsBarred","hermit:LowProfile"],"picked":"hermit:PistolWhip","floor":4.0},{"not_picked":["hermit:Feint","hermit:Grudge"],"picked":"hermit:SprayPray","floor":5.0},{"not_picked":["hermit:BodyArmor","hermit:TrackingShot"],"picked":"hermit:Spite","floor":8.0},{"not_picked":["hermit:DeadOrAlive","hermit:Manifest"],"picked":"hermit:Feint","floor":10.0},{"not_picked":["hermit:Feint","hermit:Vantage"],"picked":"hermit:EyeOfTheStorm","floor":11.0},{"not_picked":["hermit:BodyArmor","hermit:Adapt+1"],"picked":"hermit:WideOpen","floor":12.0},{"not_picked":["hermit:HighCaliber","hermit:FullyLoaded"],"picked":"hermit:Quickdraw","floor":14},{"not_picked":["hermit:Spite","hermit:NoHoldsBarred"],"picked":"hermit:Misfire","floor":15},{"not_picked":["hermit:Purgatory","hermit:Roughhouse"],"picked":"hermit:HeroicBravado","floor":16},{"not_picked":["hermit:SprayPray","hermit:NoHoldsBarred"],"picked":"hermit:BodyArmor","floor":19},{"not_picked":["hermit:ItchyTrigger","hermit:BodyArmor"],"picked":"hermit:ShadowCloak+1","floor":20},{"not_picked":["hermit:Misfire","hermit:WideOpen"],"picked":"hermit:HoleUp","floor":23},{"not_picked":["hermit:BodyArmor","hermit:CalledShot"],"picked":"hermit:Desperado","floor":25},{"not_picked":["hermit:NoHoldsBarred","hermit:Misfire","hermit:ShadowCloak+1"],"picked":"SKIP","floor":26},{"not_picked":["hermit:Quickdraw","hermit:Headshot"],"picked":"hermit:Snipe","floor":28},{"not_picked":["hermit:Quickdraw","hermit:Headshot+1"],"picked":"hermit:Showdown","floor":29},{"not_picked":["hermit:Feint","hermit:ItchyTrigger"],"picked":"hermit:Deadeye","floor":30},{"not_picked":["hermit:ItchyTrigger+1","hermit:Scavenge"],"picked":"hermit:RoundhouseKick","floor":31},{"not_picked":["hermit:ItchyTrigger+1","hermit:BodyArmor"],"picked":"hermit:Misfire+1","floor":32}],"player_experience":1312519,"relics_obtained":[{"floor":7.0,"key":"Frozen Egg 2"},{"floor":11.0,"key":"War Paint"},{"floor":24,"key":"qcfpunch:Wild_Herbs_Ointment"}],"event_choices":[{"cards_removed":["hermit:HeroicBravado"],"damage_healed":0,"gold_gain":0,"player_choice":"Take \u0026 Give","damage_taken":0,"max_hp_gain":0,"max_hp_loss":0,"event_name":"betterNote:BetterNote","floor":21,"gold_loss":0,"cards_obtained":["Slimebound:CorrosiveSpit"]},{"damage_healed":0,"gold_gain":0,"player_choice":"Simplicity","damage_taken":0,"max_hp_gain":0,"max_hp_loss":7,"event_name":"betterThird:BetterWriting","floor":27,"gold_loss":0}],"is_beta":false,"boss_relics":[{"not_picked":["hubris:Stopwatch","Tiny House"],"picked":"Black Star"}],"items_purged_floors":[],"is_endless":false,"potions_floor_spawned":[2,3,8,12,16,19,20,29,31,32],"killed_by":"DF_ARCHETYPE_CLAW","ascension_level":0}}