{"host":"dzit4ljil6490tuf","time":1611544202,"event":{"mods":["BaseMod","Downfall","Hermit","Hubris","Minty Spire (QoL Compilation)","StSLib","The Cursed","The Runesmith","The Servant 0.9.4"],"gold_per_floor":[99,114,114,132,147,160,160,199,229,241,273,270,294,333,363,471,483,495,517,529,541,567,579,591,622,210,210,222,247,247,77,88,183,183,183,196,196,196,213,197,197,197,213,213,213,213],"floor_reached":44,"language":"ITA","playtime":2597,"items_purged":["Clumsy","bronze:Defend"],"score":514,"play_id":"c051cc0c-8b4d-4f43-9844-700728c8b1ba","local_time":"20210125041002","is_ascension_mode":true,"campfire_choices":[{"data":"bronze:Goto","floor":1,"key":"SMITH"},{"data":"bronze:Boost","floor":10,"key":"SMITH"},{"data":"bronze:Separator","floor":18,"key":"SMITH"},{"data":"bronze:NullPointer","floor":23,"key":"SMITH"},{"data":"bronze:Format","floor":27,"key":"SMITH"},{"data":"bronze:Flail","floor":30,"key":"SMITH"},{"data":"bronze:SpaghettiCode","floor":35,"key":"SMITH"}],"circlet_count":0,"master_deck":["bronze:Strike","bronze:Strike","bronze:Defend","bronze:Defend","bronze:Defend","bronze:Replicate","bronze:Goto+1","bronze:NullPointer+1","bronze:Overheat","bronze:FineTuning","bronze:Repair","bronze:Separator+1","bronze:Overheat","bronze:Boost+1","bronze:Branch","bronze:Flail+1","bronze:Break","bronze:Constructor+1","bronze:DelayedGuard","bronze:Format+1","bronze:FineTuning","bronze:DelayedGuard","bronze:Allocate+1","bronze:Overheat","bronze:CutThrough+1","bronze:Branch+1","bronze:Invalidate+1","bronze:BronzeOrb+1","bronze:Separator+1","bronze:WildBeam+1","bronze:SpaghettiCode+1","bronze:DelayedSlice+1","bronze:FineTuning","bronze:OilSpill+1","bronze:GetLatest+1","bronze:Shield","Normality"],"relics":["bronze:BronzeCore","MawBank","Juzu Bracelet","Matryoshka","Cursed Key","Anchor","bronze:CableSpool","Molten Egg 2","bronze:SilverBullet","Lantern","bronze:MakeshiftBattery","Gremlin Horn","Nunchaku","Pear"],"acts_visited":["Exordium","TheCity","TheBeyond"],"potions_floor_usage":[25,25,44,44],"damage_taken":[{"damage":0,"enemies":"2 Louse","floor":2,"turns":2},{"damage":1,"enemies":"Cultist","floor":4,"turns":3},{"damage":10,"enemies":"Small Slimes","floor":5,"turns":2},{"damage":7,"enemies":"Gremlin Gang","floor":6,"turns":4},{"damage":6,"enemies":"Lagavulin","floor":8,"turns":6},{"damage":0,"enemies":"Exordium Thugs","floor":9,"turns":2},{"damage":2,"enemies":"2 Fungi Beasts","floor":11,"turns":4},{"damage":0,"enemies":"downfall:FleeingMerchant","floor":12,"turns":4},{"damage":0,"enemies":"Red Slaver","floor":13,"turns":3},{"damage":13,"enemies":"Gremlin Nob","floor":14,"turns":4},{"damage":0,"enemies":"Blue Slaver","floor":15,"turns":3},{"damage":11,"enemies":"IC_STATUS_ARCHETYPE","floor":16,"turns":7},{"damage":6,"enemies":"3 Byrds","floor":19,"turns":5},{"damage":0,"enemies":"Cultist and Chosen","floor":22,"turns":4},{"damage":0,"enemies":"Snake Plant","floor":25,"turns":4},{"damage":0,"enemies":"downfall:FleeingMerchant","floor":26,"turns":4},{"damage":2,"enemies":"Centurion and Healer","floor":28,"turns":2},{"damage":8,"enemies":"Gremlin Leader","floor":29,"turns":5},{"damage":0,"enemies":"downfall:FleeingMerchant","floor":31,"turns":4},{"damage":4,"enemies":"3 Cultists","floor":32,"turns":4},{"damage":21,"enemies":"WA_ARCHETYPE_CALM","floor":33,"turns":10},{"damage":5,"enemies":"3 Shapes","floor":36,"turns":2},{"damage":22,"enemies":"3 Darklings","floor":39,"turns":3},{"damage":0,"enemies":"downfall:FleeingMerchant","floor":40,"turns":1},{"damage":43,"enemies":"Transient","floor":43,"turns":5},{"damage":36,"enemies":"Writhing Mass","floor":44,"turns":3}],"seed_played":"-9168995646318855376","potions_obtained":[{"floor":3,"key":"SteroidPotion"},{"floor":3,"key":"SteroidPotion"},{"floor":3,"key":"EssenceOfSteel"},{"floor":5,"key":"Fire Potion"},{"floor":14,"key":"FearPotion"},{"floor":25,"key":"EssenceOfSteel"},{"floor":32,"key":"champ:CounterPotion"}],"is_trial":false,"path_per_floor":["R","M","?","M","M","M","T","E","M","R","M","$","M","E","M","B",null,"R","M","?","?","M","R","T","M","$","R","M","E","R","$","M","B",null,"R","M","?","?","M","$","T","?","M","M"],"character_chosen":"THE_AUTOMATON","items_purchased":["Molten Egg 2","bronze:CutThrough+1","bronze:Branch+1","Lantern","Gremlin Horn","bronze:Shield"],"campfire_rested":0,"item_purchase_floors":[26,26,26,31,40,40],"current_hp_per_floor":[70,70,70,69,59,59,59,60,67,67,69,69,69,64,70,59,70,70,64,64,64,70,70,70,70,70,70,68,60,60,67,63,49,70,70,65,65,65,48,48,58,58,22,0,0,0],"gold":213,"neow_bonus":"THREE_CARDS","is_daily":false,"chose_seed":false,"campfire_upgraded":7,"win_rate":0.0,"timestamp":1611544202,"path_taken":["R","M","?","?","M","M","T","E","M","R","M","$","M","E","M","BOSS","R","M","?","?","M","R","T","M","$","R","M","E","R","?","M","BOSS","R","M","?","?","M","$","T","?","M","M"],"items_purchased_type":["Relic","Card","Card","Relic","Relic","Card"],"build_version":"2020-12-22","purchased_purges":2,"victory":false,"max_hp_per_floor":[70,70,70,70,70,70,70,70,70,70,70,70,70,70,70,70,70,70,70,70,70,70,70,70,70,70,70,70,70,70,70,70,70,70,70,70,70,70,70,70,80,80,80,80,80,80],"card_choices":[{"not_picked":["bronze:Iterate","bronze:Backtrace"],"picked":"bronze:NullPointer","floor":0},{"not_picked":["bronze:DelayedSlice","bronze:DarkDash"],"picked":"bronze:Overheat","floor":2},{"not_picked":["bronze:NullPointer","bronze:Turbo"],"picked":"bronze:FineTuning","floor":4},{"not_picked":["bronze:BitShift","bronze:ChildClass"],"picked":"bronze:Repair","floor":5},{"not_picked":["bronze:GetLatest","bronze:Allocate"],"picked":"bronze:Separator","floor":6},{"not_picked":["bronze:Repulsor","bronze:Separator"],"picked":"bronze:Overheat","floor":8},{"not_picked":["bronze:BitShift","bronze:Repair"],"picked":"bronze:Boost","floor":9},{"not_picked":["bronze:Shield","bronze:Deprecate"],"picked":"bronze:Branch","floor":11},{"not_picked":["bronze:BuggyMess","bronze:Frontload"],"picked":"bronze:Flail","floor":12},{"not_picked":["bronze:CutThrough","bronze:BuggyMess"],"picked":"bronze:Break","floor":13},{"not_picked":["bronze:FollowUp","bronze:BugBarrage"],"picked":"bronze:Constructor","floor":14},{"not_picked":["bronze:BronzeArmor","bronze:CutThrough"],"picked":"bronze:DelayedGuard","floor":15},{"not_picked":["bronze:FindAndReplace","bronze:SpaghettiCode"],"picked":"bronze:Format","floor":16},{"not_picked":["bronze:Overload+1","bronze:Shell+1"],"picked":"bronze:FineTuning","floor":19},{"not_picked":["bronze:Separator","bronze:Safeguard"],"picked":"bronze:DelayedGuard","floor":22},{"not_picked":["bronze:Deprecate","bronze:Constructor"],"picked":"bronze:Allocate+1","floor":25},{"not_picked":["bronze:BugBarrage","bronze:ShipIt"],"picked":"bronze:Overheat","floor":26},{"not_picked":["bronze:ItsAFeature","bronze:Overheat+1"],"picked":"bronze:Invalidate+1","floor":28},{"not_picked":["bronze:Repair+1","bronze:Fortify+1"],"picked":"bronze:BronzeOrb+1","floor":29},{"not_picked":["bronze:DarkDash+1","bronze:DelayedSlice+1"],"picked":"bronze:Separator+1","floor":31},{"not_picked":["bronze:BitShift","bronze:DelayedGuard"],"picked":"bronze:WildBeam+1","floor":32},{"not_picked":["bronze:ShipIt+1","bronze:BurnOut+1"],"picked":"bronze:SpaghettiCode","floor":33},{"not_picked":["bronze:Turbo","bronze:DelayedGuard+1"],"picked":"bronze:DelayedSlice+1","floor":36},{"not_picked":["bronze:Turbo","bronze:BronzeArmor+1"],"picked":"bronze:OilSpill+1","floor":39},{"not_picked":["bronze:ChildClass+1","bronze:Philosophize"],"picked":"bronze:GetLatest+1","floor":40},{"not_picked":["bronze:Invalidate+1","bronze:BuggyMess","bronze:Frontload"],"picked":"SKIP","floor":43}],"player_experience":601394,"relics_obtained":[{"floor":7,"key":"MawBank"},{"floor":8,"key":"Juzu Bracelet"},{"floor":14,"key":"Matryoshka"},{"floor":24,"key":"Anchor"},{"floor":24,"key":"bronze:CableSpool"},{"floor":29,"key":"bronze:SilverBullet"},{"floor":41,"key":"Nunchaku"},{"floor":41,"key":"Pear"}],"event_choices":[{"damage_healed":0,"gold_gain":0,"player_choice":"Got Potions","damage_taken":0,"max_hp_gain":0,"max_hp_loss":0,"event_name":"Lab","floor":3,"gold_loss":0}],"is_beta":false,"boss_relics":[{"not_picked":["hubris:VirtuousBlindfold","Runic Pyramid"],"picked":"Cursed Key"},{"not_picked":["Runesmith:UraniumAnvil","Snecko Eye"],"picked":"bronze:MakeshiftBattery"}],"items_purged_floors":[26,40],"is_endless":false,"potions_floor_spawned":[4,5,11,14,15,19,25,32],"killed_by":"Writhing Mass","ascension_level":1}}