{"host":"63yhhrjweyj22b0v","time":1611558873,"event":{"mods":["BaseMod","Minty Spire (QoL Compilation)","Quick Restart"],"gold_per_floor":[109,109,12,187,73,73,73,73,73,93,111,131,131,148,148,247,247,260,277,277,291,308,308,327,24,50,50,50],"floor_reached":27,"language":"ENG","playtime":756,"items_purged":["Doubt"],"score":205,"play_id":"5cab9752-8311-4cde-9bcd-a5408c0dd8d8","local_time":"20210125011433","is_ascension_mode":false,"campfire_choices":[{"data":"White Noise","floor":6,"key":"SMITH"},{"data":"Static Discharge","floor":8,"key":"SMITH"},{"data":"Fission","floor":15,"key":"SMITH"},{"floor":23,"key":"REST"}],"circlet_count":0,"master_deck":["Strike_B","Strike_B","Defend_B","Defend_B+1","Defend_B","Defend_B","Zap","Dualcast","Redo","Static Discharge+1","Barrage","White Noise+1","Doom and Gloom","Fusion","Fission+1","Seek","Auto Shields+1","Strike_R","Melter","Beam Cell"],"relics":["Cracked Core","NeowsBlessing","HornCleat","War Paint","HandDrill","PreservedInsect"],"acts_visited":["Exordium","TheCity"],"potions_floor_usage":[12,16,19,22,27],"damage_taken":[{"damage":0,"enemies":"Jaw Worm","floor":1,"turns":1},{"damage":0,"enemies":"Cultist","floor":10,"turns":1},{"damage":0,"enemies":"2 Louse","floor":11,"turns":1},{"damage":2,"enemies":"Exordium Thugs","floor":12,"turns":3},{"damage":14,"enemies":"Blue Slaver","floor":14,"turns":4},{"damage":38,"enemies":"Hexaghost","floor":16,"turns":9},{"damage":18,"enemies":"Chosen","floor":18,"turns":5},{"damage":1,"enemies":"Shell Parasite","floor":19,"turns":3},{"damage":23,"enemies":"Snecko","floor":21,"turns":5},{"damage":15,"enemies":"Centurion and Healer","floor":22,"turns":5},{"damage":28,"enemies":"Snake Plant","floor":24,"turns":3},{"damage":27,"enemies":"3 Cultists","floor":27,"turns":3}],"seed_played":"-1671487527297031235","potions_obtained":[{"floor":10,"key":"Swift Potion"},{"floor":12,"key":"Energy Potion"},{"floor":16,"key":"Block Potion"},{"floor":19,"key":"Explosive Potion"},{"floor":22,"key":"SkillPotion"}],"is_trial":false,"path_per_floor":["M","?","$","?","$","R","$","R","T","M","M","M","?","M","R","B",null,"M","M","?","M","M","R","M","$","T","M"],"character_chosen":"DEFECT","items_purchased":["Static Discharge","Barrage","White Noise","War Paint","HandDrill"],"campfire_rested":1,"item_purchase_floors":[3,3,5,25,25],"current_hp_per_floor":[75,80,80,80,80,80,80,80,80,80,80,78,78,64,64,26,80,62,61,61,38,23,47,19,19,19,0,0],"gold":50,"neow_bonus":"THREE_ENEMY_KILL","is_daily":false,"chose_seed":false,"campfire_upgraded":3,"win_rate":0.0,"timestamp":1611558873,"path_taken":["M","?","$","?","?","R","$","R","T","M","M","?","?","M","R","BOSS","M","?","?","M","M","R","M","$","T","M"],"items_purchased_type":["Card","Card","Card","Relic","Relic"],"build_version":"2020-12-22","purchased_purges":1,"victory":false,"max_hp_per_floor":[75,80,80,80,80,80,80,80,80,80,80,80,80,80,80,80,80,80,80,80,80,80,80,80,80,80,80,80],"card_choices":[{"not_picked":["Sweeping Beam","Double Energy"],"picked":"Redo","floor":1},{"not_picked":["Glacier","Genetic Algorithm"],"picked":"Doom and Gloom","floor":10},{"not_picked":["Cold Snap","Streamline"],"picked":"Fusion","floor":11},{"not_picked":["Steam","Go for the Eyes","Rebound"],"picked":"SKIP","floor":12},{"not_picked":["Leap","Conserve Battery"],"picked":"Fission","floor":14},{"not_picked":["Creative AI","Amplify"],"picked":"Seek","floor":16},{"not_picked":["Cold Snap","Leap","Streamline"],"picked":"SKIP","floor":18},{"not_picked":["Turbo","Go for the Eyes"],"picked":"Auto Shields","floor":19},{"not_picked":["Beam Cell","Chill"],"picked":"Melter","floor":21},{"not_picked":["Hologram","Force Field+1","Stack"],"picked":"SKIP","floor":22},{"not_picked":["Barrage","Core Surge"],"picked":"Beam Cell","floor":24}],"player_experience":594169,"relics_obtained":[{"floor":9,"key":"HornCleat"},{"floor":26,"key":"PreservedInsect"}],"event_choices":[{"damage_healed":0,"gold_gain":0,"player_choice":"Donut","damage_taken":0,"max_hp_gain":5,"max_hp_loss":0,"event_name":"Big Fish","floor":2,"gold_loss":0},{"damage_healed":0,"gold_gain":175,"player_choice":"AGREE","damage_taken":0,"max_hp_gain":0,"max_hp_loss":0,"event_name":"Liars Game","floor":4,"gold_loss":0,"cards_obtained":["Doubt"]},{"cards_removed":["Strike_B"],"damage_healed":0,"gold_gain":0,"player_choice":"Purged","damage_taken":0,"max_hp_gain":0,"max_hp_loss":0,"event_name":"Purifier","floor":13,"gold_loss":0},{"cards_removed":["Strike_B"],"damage_healed":0,"gold_gain":0,"player_choice":"Took Card","damage_taken":0,"max_hp_gain":0,"max_hp_loss":0,"event_name":"NoteForYourself","floor":20,"gold_loss":0,"cards_obtained":["Strike_R"]}],"is_beta":false,"boss_relics":[{"not_picked":["Calling Bell","Velvet Choker","Cursed Key"]}],"items_purged_floors":[5],"is_endless":false,"potions_floor_spawned":[10,12,16,19,22],"killed_by":"3 Cultists","ascension_level":0}}