{"host":"zksvs3x2ysy9npnz","time":1611576940,"event":{"mods":["Aspiration","BaseMod","Beaked The Cultist","BetterRewards","Clockwork Mod","Colored Map","Conspire","Downfall","Duelist Mod","Ekko","Fiend Mod","Halation","Highlight Path","Hubris","Hunter ??","Infinite Spire","Jedi Mod","Magitek Elite","Minty Spire (QoL Compilation)","Permanent Neow","Quick Restart","Relic Stats","Shop Mod","StSLib","The Construct","The Runesmith","The Witch","thorton"],"gold_per_floor":[112,135,166,4,25,48,48,83,108,132,132,132,160,160,124,124,254,254,312,359,364,364],"floor_reached":20,"language":"FRA","playtime":944,"items_purged":["Normality"],"score":218,"play_id":"d62e9c16-2e7d-4f7f-ae08-d7f7561093f1","local_time":"20210125131540","is_ascension_mode":true,"campfire_choices":[{"data":"thethorton:Octopus","floor":6,"key":"SMITH"},{"floor":10,"key":"REST"},{"data":"thethorton:BusinessCard","floor":13,"key":"SMITH"},{"data":"thethorton:BusinessBash","floor":15,"key":"SMITH"}],"circlet_count":0,"master_deck":["thethorton:Strike","thethorton:Strike","thethorton:Strike","thethorton:Strike","thethorton:Defend","thethorton:Defend","thethorton:Defend","thethorton:Defend","thethorton:Heckle","thethorton:CreditCard","thethorton:StumblingSlap","thethorton:Octopus+1","thethorton:ChartProject","thethorton:DualBap","thethorton:GoldBuffer","thethorton:BusinessBash+1","thethorton:YoureFired","thethorton:Distance","thethorton:BusinessCard+1","thethorton:Portfolio","thethorton:SicklyRun","thethorton:CardboardBox"],"relics":["thethorton:CouragePotion","NeowsBlessing","Toy Ornithopter","conspire:Boomerang","Runesmith:AutoHammer","Golden Idol","hubris:GrandSneckoEye"],"acts_visited":["Exordium","TheCity"],"potions_floor_usage":[7,7,16,19],"damage_taken":[{"damage":0.0,"enemies":"2 Louse","floor":1.0,"turns":1.0},{"damage":0,"enemies":"conspire:MimicChest","floor":2,"turns":1},{"damage":0,"enemies":"Jaw Worm","floor":4,"turns":2},{"damage":0,"enemies":"Cultist","floor":5,"turns":4},{"damage":24,"enemies":"3 Sentries","floor":7,"turns":9},{"damage":9,"enemies":"2 Fungi Beasts","floor":8,"turns":4},{"damage":8,"enemies":"Lots of Slimes","floor":12,"turns":5},{"damage":10,"enemies":"Slime Boss","floor":16,"turns":9},{"damage":11,"enemies":"2 Thieves","floor":18,"turns":4},{"damage":37,"enemies":"3 Byrds","floor":19,"turns":4},{"damage":21,"enemies":"3 Cultists","floor":20,"turns":3}],"seed_played":"-5398444047517615406","potions_obtained":[{"floor":1.0,"key":"PowerPotion"},{"floor":2,"key":"CultistPotion"},{"floor":7,"key":"CultistPotion"},{"floor":16,"key":"LiquidBronze"},{"floor":18,"key":"FearPotion"}],"is_trial":false,"path_per_floor":["M","?","$","M","M","R","E","M","T","R","?","M","R","?","R","B",null,"M","M","M"],"character_chosen":"THE_THORT","items_purchased":["thethorton:ChartProject","thethorton:DualBap"],"campfire_rested":1,"item_purchase_floors":[3,3],"current_hp_per_floor":[68,68,68,68,68,68,68,49,40,40,60,60,52,52,52,52,47,59,48,16,0,0],"gold":364,"neow_bonus":"THREE_ENEMY_KILL","is_daily":false,"chose_seed":false,"campfire_upgraded":3,"win_rate":0.0,"timestamp":1611576940,"path_taken":["M","?","?","M","?","R","E","M","T","R","?","M","R","?","R","BOSS","M","M","M"],"items_purchased_type":["Card","Card"],"build_version":"2020-12-22","purchased_purges":1,"victory":false,"max_hp_per_floor":[68,68,68,68,68,68,68,68,68,68,68,63,63,63,63,63,63,63,63,63,63,63],"relic_stats":{"counters":[11,46],"Golden Idol":36,"obtain_stats":[{"NeowsBlessing":0,"Golden Idol":11,"thethorton:CouragePotion":0,"conspire:Boomerang":7,"hubris:GrandSneckoEye":17,"Runesmith:AutoHammer":9,"Toy Ornithopter":2},{"NeowsBlessing":0,"Golden Idol":6,"thethorton:CouragePotion":0,"conspire:Boomerang":5,"hubris:GrandSneckoEye":8,"Runesmith:AutoHammer":6,"Toy Ornithopter":2},{"NeowsBlessing":0,"Golden Idol":21,"thethorton:CouragePotion":0,"conspire:Boomerang":17,"hubris:GrandSneckoEye":35,"Runesmith:AutoHammer":21,"Toy Ornithopter":2}],"Toy Ornithopter":15},"card_choices":[{"not_picked":["thethorton:PocketChange","thethorton:LongTermPayoff"],"picked":"thethorton:StumblingSlap","floor":1.0},{"not_picked":["thethorton:PowerUp","thethorton:DualBap"],"picked":"thethorton:Octopus","floor":2},{"not_picked":["thethorton:CoinClash","thethorton:RunningKick"],"picked":"thethorton:GoldBuffer","floor":4},{"not_picked":["thethorton:ChartProject","thethorton:WhirlingBriefcase"],"picked":"thethorton:BusinessBash","floor":5},{"not_picked":["thethorton:DualBap","thethorton:FearfulRun"],"picked":"thethorton:YoureFired","floor":7},{"not_picked":["thethorton:CashBash","thethorton:RichRun"],"picked":"thethorton:Distance","floor":8},{"not_picked":["thethorton:DoubleRun","thethorton:StumblingSlap"],"picked":"thethorton:BusinessCard","floor":12},{"not_picked":["thethorton:CallShop","thethorton:DodgeAndRollAndRun"],"picked":"thethorton:Portfolio","floor":16},{"not_picked":["thethorton:HitAhead","thethorton:LongTermPayoff"],"picked":"thethorton:SicklyRun","floor":18},{"not_picked":["thethorton:CashBash","thethorton:StumblingSlap"],"picked":"thethorton:CardboardBox","floor":19}],"player_experience":2500147,"relics_obtained":[{"floor":2,"key":"Toy Ornithopter"},{"floor":7,"key":"conspire:Boomerang"},{"floor":9,"key":"Runesmith:AutoHammer"}],"event_choices":[{"damage_healed":0,"gold_gain":0,"player_choice":"Lose Max HP","damage_taken":0,"relics_obtained":["Golden Idol"],"max_hp_gain":0,"max_hp_loss":5,"event_name":"Golden Idol","floor":11,"gold_loss":0},{"damage_healed":0,"gold_gain":0,"player_choice":"Left Gold","damage_taken":0,"max_hp_gain":0,"max_hp_loss":0,"event_name":"World of Goop","floor":14,"gold_loss":36}],"is_beta":false,"boss_relics":[{"not_picked":["Runic Pyramid","Cursed Key"],"picked":"hubris:GrandSneckoEye"}],"items_purged_floors":[3],"is_endless":false,"potions_floor_spawned":[1,2,7,16,18],"killed_by":"3 Cultists","ascension_level":5}}