{"host":"Bilverbakes","time":1611535517,"event":{"mods":["2.2 Compatiblity","AchievementEnabler","BaseMod","Bestiary","Colored Map","Minty Spire (QoL Compilation)","Relic Stats","StSLib","ojb\u0027s Info Mod"],"gold_per_floor":[111,125,145,64,64,64,100,100,100,120,120,163,163,176,176,271,271,289,48,48,64,0,35,35,35,82,122,19,40,40,54,54,147,147,161,61,79,412,464,464,498,498,525,525,525,525],"floor_reached":45,"language":"ENG","playtime":3272,"items_purged":["Strike_G","Defend_G"],"score":1053,"play_id":"e42b73fb-68ee-40e2-9e78-9011c5922277","local_time":"20210124184517","is_ascension_mode":true,"campfire_choices":[{"data":"Skewer","floor":6.0,"key":"SMITH"},{"data":"Poisoned Stab","floor":11,"key":"SMITH"},{"data":"Concentrate","floor":13,"key":"SMITH"},{"data":"Neutralize","floor":15,"key":"SMITH"},{"data":"Expertise","floor":24,"key":"SMITH"},{"floor":30,"key":"REST"},{"data":"Storm of Steel","floor":32,"key":"SMITH"},{"data":"Bouncing Flask","floor":40,"key":"SMITH"},{"floor":44,"key":"REST"}],"circlet_count":0,"master_deck":["AscendersBane","Defend_G","Defend_G","Defend_G","Survivor","Neutralize+1","Underhanded Strike","Masterful Stab","Skewer+1","Poisoned Stab+1","Backstab","Concentrate+1","PiercingWail","Storm of Steel+1","Night Terror+1","PiercingWail+1","Malaise+1","Expertise+1","Blade Dance","Glass Knife","Dagger Throw","Acrobatics","Predator","Dagger Throw","Unload","Bouncing Flask+1","Finisher","Choke+1"],"relics":["Ring of the Snake","Lizard Tail","Tough Bandages","InkBottle","Astrolabe","Lee\u0027s Waffle","Omamori","Art of War","Darkstone Periapt","Runic Pyramid","Turnip","Boot"],"acts_visited":["Exordium","TheCity","TheBeyond"],"potions_floor_usage":[12,16,16,20,23,23,23,27,33,39,42],"damage_taken":[{"damage":0.0,"enemies":"2 Louse","floor":1.0,"turns":6.0},{"damage":6.0,"enemies":"Jaw Worm","floor":2.0,"turns":7.0},{"damage":0.0,"enemies":"Small Slimes","floor":3.0,"turns":2.0},{"damage":14.0,"enemies":"3 Sentries","floor":7.0,"turns":10.0},{"damage":0,"enemies":"3 Louse","floor":10,"turns":3},{"damage":0,"enemies":"Gremlin Nob","floor":12,"turns":3},{"damage":0,"enemies":"Red Slaver","floor":14,"turns":2},{"damage":19,"enemies":"Hexaghost","floor":16,"turns":9},{"damage":12,"enemies":"Shell Parasite","floor":18,"turns":8},{"damage":0,"enemies":"Spheric Guardian","floor":21,"turns":5},{"damage":11,"enemies":"Slavers","floor":23,"turns":7},{"damage":22,"enemies":"Gremlin Leader","floor":27,"turns":9},{"damage":6,"enemies":"Snecko","floor":29,"turns":5},{"damage":0,"enemies":"Centurion and Healer","floor":31,"turns":4},{"damage":70,"enemies":"Collector","floor":33,"turns":15},{"damage":10,"enemies":"3 Darklings","floor":35,"turns":7},{"damage":0,"enemies":"3 Shapes","floor":37,"turns":5},{"damage":5,"enemies":"2 Orb Walkers","floor":39,"turns":4},{"damage":38,"enemies":"Nemesis","floor":41,"turns":9},{"damage":0,"enemies":"Transient","floor":42,"turns":5},{"damage":0,"enemies":"4 Shapes","floor":45,"turns":1}],"seed_played":"2311905020768036437","potions_obtained":[{"floor":1.0,"key":"Dexterity Potion"},{"floor":7.0,"key":"Block Potion"},{"floor":10,"key":"LiquidBronze"},{"floor":14,"key":"DistilledChaos"},{"floor":23,"key":"LiquidBronze"},{"floor":29,"key":"LiquidMemories"},{"floor":33,"key":"LiquidMemories"},{"floor":41,"key":"SmokeBomb"}],"is_trial":false,"path_per_floor":["M","M","M","$","?","R","E","?","T","M","R","E","R","M","R","B",null,"M","$","?","M","?","E","R","?","T","E","$","M","R","M","R","B",null,"M","$","M","?","?","R","E","M","T","R","M"],"character_chosen":"THE_SILENT","items_purchased":["CunningPotion","Lee\u0027s Waffle","Dagger Throw","Acrobatics"],"campfire_rested":2,"item_purchase_floors":[4,19,28,28],"current_hp_per_floor":[65,59,59,59,59,59,45,45,45,45,45,45,45,45,45,26,55,43,72,58,58,58,47,47,47,47,25,25,19,42,42,42,15,62,52,52,52,52,47,47,9,9,9,32,32,32],"gold":525,"neow_bonus":"TEN_PERCENT_HP_BONUS","is_daily":false,"chose_seed":false,"campfire_upgraded":7,"win_rate":0.0,"timestamp":1611535517,"path_taken":["M","M","M","$","?","R","E","?","T","M","R","E","R","M","R","BOSS","M","$","?","?","?","E","R","?","T","E","$","?","R","M","R","BOSS","M","$","M","?","?","R","E","M","T","R","M"],"items_purchased_type":["Potion","Relic","Card","Card"],"build_version":"2020-12-18","purchased_purges":2,"victory":false,"max_hp_per_floor":[72,72,72,72,65,65,65,65,65,65,65,65,65,65,65,65,65,65,72,77,77,77,77,77,77,77,77,77,77,77,77,77,77,77,77,77,77,77,77,77,77,77,77,77,77,77],"relic_stats":{"Darkstone Periapt":0,"Lizard Tail":38,"Tough Bandages":[618],"Lee\u0027s Waffle":29,"counters":[21,126],"Astrolabe":["Night Terror","PiercingWail","Malaise"],"Turnip":[0],"Art of War":[5],"Boot":[4],"obtain_stats":[{"Darkstone Periapt":27,"Lee\u0027s Waffle":19,"Golden Idol":5,"Astrolabe":17,"Omamori":23,"Boot":41,"Lizard Tail":7,"Tough Bandages":9,"Turnip":39,"Art of War":26,"InkBottle":12,"Ring of the Snake":0,"Runic Pyramid":34},{"Darkstone Periapt":12,"Lee\u0027s Waffle":9,"Golden Idol":3,"Astrolabe":8,"Omamori":11,"Boot":19,"Lizard Tail":4,"Tough Bandages":4,"Turnip":18,"Art of War":11,"InkBottle":6,"Ring of the Snake":0,"Runic Pyramid":15},{"Darkstone Periapt":71,"Lee\u0027s Waffle":50,"Golden Idol":15,"Astrolabe":42,"Omamori":62,"Boot":120,"Lizard Tail":25,"Tough Bandages":25,"Turnip":111,"Art of War":62,"InkBottle":31,"Ring of the Snake":0,"Runic Pyramid":95}],"InkBottle":[45],"Ring of the Snake":[42]},"card_choices":[{"not_picked":["Expertise","PiercingWail"],"picked":"Underhanded Strike","floor":1.0},{"not_picked":["Finisher","Flying Knee"],"picked":"Masterful Stab","floor":2.0},{"not_picked":["Expertise","Backstab"],"picked":"Skewer","floor":3.0},{"not_picked":["Acrobatics","Tactician"],"picked":"Poisoned Stab","floor":7.0},{"not_picked":["Dagger Spray","Accuracy","Underhanded Strike"],"picked":"SKIP","floor":10},{"not_picked":["Poisoned Stab","Deflect"],"picked":"Concentrate","floor":12},{"not_picked":["Cloak And Dagger","Infinite Blades"],"picked":"PiercingWail","floor":14},{"not_picked":["Bullet Time","A Thousand Cuts"],"picked":"Storm of Steel","floor":16},{"not_picked":["Distraction","Finisher","Deadly Poison"],"picked":"SKIP","floor":18},{"not_picked":["Flechettes","Catalyst","PiercingWail"],"picked":"SKIP","floor":21},{"not_picked":["Noxious Fumes+1","Dash"],"picked":"Expertise","floor":23},{"not_picked":["Masterful Stab","Deadly Poison"],"picked":"Glass Knife","floor":27},{"not_picked":["Bane","Finisher"],"picked":"Predator","floor":29},{"not_picked":["Skewer","Dash"],"picked":"Dagger Throw","floor":31},{"not_picked":["Corpse Explosion","Die Die Die"],"picked":"Unload","floor":33},{"not_picked":["Cloak And Dagger","Sucker Punch"],"picked":"Bouncing Flask","floor":35},{"not_picked":["Dagger Spray","Blade Dance"],"picked":"Finisher","floor":37},{"not_picked":["Dodge and Roll","Well Laid Plans"],"picked":"Choke+1","floor":41}],"player_experience":808706,"relics_obtained":[{"floor":7.0,"key":"Lizard Tail"},{"floor":9.0,"key":"Tough Bandages"},{"floor":12,"key":"InkBottle"},{"floor":23,"key":"Omamori"},{"floor":26,"key":"Art of War"},{"floor":27,"key":"Darkstone Periapt"},{"floor":39,"key":"Turnip"},{"floor":41,"key":"Boot"}],"event_choices":[{"damage_healed":0.0,"max_hp_gain":0.0,"max_hp_loss":7.0,"gold_gain":0.0,"event_name":"Golden Idol","player_choice":"Lose Max HP","floor":5.0,"gold_loss":0.0,"damage_taken":0.0,"relics_obtained":["Golden Idol"]},{"damage_healed":0.0,"max_hp_gain":0.0,"max_hp_loss":0.0,"gold_gain":0.0,"cards_transformed":["Strike_G"],"event_name":"Living Wall","player_choice":"Change","floor":8.0,"gold_loss":0.0,"damage_taken":0.0,"cards_obtained":["Backstab"]},{"damage_healed":0,"gold_gain":0,"player_choice":"POTION POTION ","damage_taken":19,"max_hp_gain":0,"max_hp_loss":0,"event_name":"Knowing Skull","floor":20,"potions_obtained":["Fruit Juice","EntropicBrew"],"gold_loss":0,"cards_obtained":[]},{"damage_healed":0,"gold_gain":0,"player_choice":"Paid Fearfully","damage_taken":0,"max_hp_gain":0,"max_hp_loss":0,"event_name":"Masked Bandits","floor":22,"gold_loss":64},{"damage_healed":0,"gold_gain":0,"cards_transformed":["Strike_G"],"player_choice":"Transformed","damage_taken":0,"max_hp_gain":0,"max_hp_loss":0,"event_name":"Transmorgrifier","floor":25,"gold_loss":0,"cards_obtained":["Blade Dance"]},{"damage_healed":0,"gold_gain":333,"player_choice":"Gave Idol","damage_taken":0,"max_hp_gain":0,"max_hp_loss":0,"event_name":"The Moai Head","floor":38,"relics_lost":["Golden Idol"],"gold_loss":0},{"damage_healed":0,"gold_gain":0,"player_choice":"Fight","damage_taken":0,"max_hp_gain":0,"max_hp_loss":0,"event_name":"Mysterious Sphere","floor":39,"gold_loss":0}],"is_beta":true,"boss_relics":[{"not_picked":["Snecko Eye","Fusion Hammer"],"picked":"Astrolabe"},{"not_picked":["Busted Crown","Coffee Dripper"],"picked":"Runic Pyramid"}],"items_purged_floors":[19,36],"is_endless":false,"potions_floor_spawned":[1,7,10,14,23,29,33,41,42],"killed_by":"4 Shapes","ascension_level":20}}