{"host":"f5gffvlv6a66yqkd","time":1611574521,"event":{"mods":["2.2 Compatiblity","BaseMod","Colored Map","Custom Start","DeckTracker","Keyboard Shortcuts","Minty Spire (QoL Compilation)","Permanent Neow","Quick Restart","Relic Stats","StSLib","SuperFastMode"],"gold_per_floor":[110,121,121,121,46,72,72,107,153,166,166,186,186,199,199,199,199],"floor_reached":16,"language":"KOR","playtime":261,"items_purged":["Strike_G"],"score":270,"play_id":"e639b6bc-44de-4f11-942f-f5bf66e01d09","local_time":"20210125203521","is_ascension_mode":true,"campfire_choices":[{"floor":7.0,"key":"REST"},{"floor":11.0,"key":"REST"},{"floor":13.0,"key":"REST"},{"data":"Blade Dance","floor":15.0,"key":"SMITH"}],"circlet_count":0,"master_deck":["AscendersBane","Strike_G","Strike_G+1","Strike_G","Strike_G","Defend_G","Defend_G","Defend_G","Defend_G","Defend_G","Survivor","Neutralize","Blade Dance+1","Cloak And Dagger","Backflip","Blade Dance+1","Dagger Spray"],"relics":["Ring of the Snake","NeowsBlessing","Centennial Puzzle","Akabeko","Toy Ornithopter","MealTicket"],"acts_visited":["Exordium"],"potions_floor_usage":[16],"damage_taken":[{"damage":0.0,"enemies":"Cultist","floor":1.0,"turns":1.0},{"damage":0.0,"enemies":"Small Slimes","floor":2.0,"turns":1.0},{"damage":0.0,"enemies":"Lagavulin","floor":6.0,"turns":1.0},{"damage":21.0,"enemies":"Gremlin Nob","floor":8.0,"turns":4.0},{"damage":0.0,"enemies":"Jaw Worm","floor":10.0,"turns":2.0},{"damage":3.0,"enemies":"Red Slaver","floor":12.0,"turns":2.0},{"damage":6.0,"enemies":"Exordium Thugs","floor":14.0,"turns":5.0},{"damage":20,"enemies":"Slime Boss","floor":16,"turns":7}],"seed_played":"2345840626254939688","potions_obtained":[{"floor":2.0,"key":"LiquidBronze"},{"floor":12.0,"key":"Block Potion"}],"is_trial":false,"path_per_floor":["M","M","?","?","$","E","R","E","T","M","R","M","R","M","R","B"],"character_chosen":"THE_SILENT","items_purchased":[],"campfire_rested":3,"item_purchase_floors":[],"current_hp_per_floor":[59,59,24,4,4,4,23,2,2,2,21,18,37,31,31,16,16],"gold":199,"neow_bonus":"THREE_ENEMY_KILL","is_daily":false,"chose_seed":false,"campfire_upgraded":1,"win_rate":0.0,"timestamp":1611574521,"path_taken":["M","M","?","?","$","E","R","E","T","M","R","M","R","M","R","BOSS"],"items_purchased_type":[],"build_version":"2020-12-22","purchased_purges":1,"victory":false,"max_hp_per_floor":[66,66,66,66,66,66,66,66,66,66,66,66,66,66,66,66,66],"relic_stats":{"Centennial Puzzle":[12],"counters":[8,23],"MealTicket":0,"obtain_stats":[{"Centennial Puzzle":3,"NeowsBlessing":0,"MealTicket":9,"Akabeko":6,"Toy Ornithopter":8,"Ring of the Snake":0},{"Centennial Puzzle":2,"NeowsBlessing":0,"MealTicket":4,"Akabeko":3,"Toy Ornithopter":4,"Ring of the Snake":0},{"Centennial Puzzle":2,"NeowsBlessing":0,"MealTicket":7,"Akabeko":3,"Toy Ornithopter":7,"Ring of the Snake":0}],"Toy Ornithopter":5,"Ring of the Snake":[16]},"card_choices":[{"not_picked":["Prepared","Sucker Punch"],"picked":"Blade Dance","floor":1.0},{"not_picked":["Blur","Noxious Fumes"],"picked":"Cloak And Dagger","floor":2.0},{"not_picked":["Concentrate","Slice"],"picked":"Backflip","floor":6.0},{"not_picked":["Catalyst","A Thousand Cuts"],"picked":"Blade Dance","floor":8.0},{"not_picked":["Expertise","Leg Sweep","Dodge and Roll"],"picked":"SKIP","floor":10.0},{"not_picked":["Quick Slash","Cloak And Dagger","Acrobatics"],"picked":"SKIP","floor":12.0},{"not_picked":["Prepared","Poisoned Stab"],"picked":"Dagger Spray","floor":14.0}],"player_experience":1619146,"relics_obtained":[{"floor":6.0,"key":"Akabeko"},{"floor":8.0,"key":"Toy Ornithopter"},{"floor":9.0,"key":"MealTicket"}],"event_choices":[{"damage_healed":0.0,"max_hp_gain":0.0,"max_hp_loss":0.0,"gold_gain":0.0,"event_name":"Scrap Ooze","player_choice":"Success","floor":3.0,"gold_loss":0.0,"damage_taken":35.0,"relics_obtained":["Centennial Puzzle"]},{"damage_healed":0.0,"max_hp_gain":0.0,"max_hp_loss":0.0,"gold_gain":0.0,"event_name":"Shining Light","player_choice":"Entered Light","floor":4.0,"gold_loss":0.0,"damage_taken":20.0,"cards_upgraded":["Blade Dance","Strike_G"]}],"is_beta":false,"boss_relics":[],"items_purged_floors":[5],"is_endless":false,"potions_floor_spawned":[2,12],"killed_by":"Slime Boss","ascension_level":20}}