{"host":"6dzkwbf36t1khqct","time":1611600545,"event":{"mods":["AchievementEnabler","BaseMod","Beaked The Cultist","Better Third Choice","Colored Map","Colored Powertips","Conspire","Curses Come First","Displayed Cursed Tome","Downfall","Friendly Minions","Glutton Mod","Hubris","Infinite Spire","Koishi","Lobotomy","Mad Scientist","Marisa????????","Minty Spire (QoL Compilation)","Quick Restart","Replay The Spire","Robot Space Explorer","Say the Spire","StSLib","The Blackbeard","The Construct","The Cursed","The Disciple","The Hierophant","The Mystic","The Runesmith","The Servant 0.9.4","The Witch","??????REMEMod"],"gold_per_floor":[118,118,118,218,237,237,237,271,271,271,234,234,234,234,234,364,364,385,445,545,563,588,588,588],"floor_reached":23,"language":"ENG","playtime":1696,"items_purged":[],"score":185,"play_id":"797f2b74-c1ac-4162-9366-4f8e2fed95b2","local_time":"20210125164905","is_ascension_mode":false,"campfire_choices":[{"data":"Dualcast","floor":6,"key":"SMITH"},{"data":"Redo","floor":10,"key":"SMITH"},{"floor":15,"key":"REST"}],"circlet_count":0,"master_deck":["Strike_B","Strike_B","Strike_B","Strike_B","Defend_B","Defend_B","Defend_B","Defend_B","Zap","Dualcast+1","Redo+1","Defragment","Apotheosis+1","Cold Snap","Streamline","Conserve Battery+1","infinitespire:FutureSight","Machine Learning","Chill","hubris:Ukulele","Coolheaded","Capacitor"],"relics":["Cracked Core","REME_ComplimentaryCards","hubris:Icosahedron","Shuriken","hubris:MysteriousPyramids","Golden Idol","beaked:MawFillet","Eternal Feather"],"acts_visited":["Exordium","TheCity"],"potions_floor_usage":[23],"damage_taken":[{"damage":0,"enemies":"conspire:RoseBush","floor":1,"turns":3},{"damage":0,"enemies":"Cultist","floor":5,"turns":2},{"damage":6,"enemies":"Gremlin Nob","floor":8,"turns":5},{"damage":21,"enemies":"The Guardian","floor":16,"turns":7},{"damage":16,"enemies":"Spheric Guardian","floor":18,"turns":4},{"damage":8,"enemies":"3 Byrds","floor":21,"turns":6},{"damage":15,"enemies":"Snake Plant","floor":22,"turns":4},{"damage":11,"enemies":"Gremlin Leader","floor":23,"turns":1}],"seed_played":"301562584370658622","potions_obtained":[{"floor":8,"key":"Elixir"},{"floor":16,"key":"EssenceOfDarkness"},{"floor":21,"key":"SpeedPotion"}],"is_trial":false,"path_per_floor":["M","?","?","?","M","R","?","E","T","R","$","?","?","$","R","B",null,"M","?","?","M","M","E"],"character_chosen":"DEFECT","items_purchased":["Conserve Battery+1"],"campfire_rested":1,"item_purchase_floors":[11],"current_hp_per_floor":[75,75,75,75,75,75,68,62,62,62,62,44,26,26,48,27,75,59,29,29,21,6,0,0],"gold":588,"neow_bonus":"THREE_CARDS","is_daily":false,"chose_seed":false,"campfire_upgraded":2,"win_rate":0.0,"timestamp":1611600545,"path_taken":["M","?","?","?","?","R","?","E","T","R","$","?","?","?","R","BOSS","M","?","?","?","M","E"],"items_purchased_type":["Card"],"build_version":"2020-12-22","purchased_purges":0,"victory":false,"max_hp_per_floor":[75,75,75,75,75,75,75,75,75,75,75,75,75,75,75,75,75,75,75,75,75,75,75,75],"card_choices":[{"not_picked":["Sweeping Beam","Steam"],"picked":"Redo","floor":0},{"not_picked":["Compile Driver","REME_Whirling"],"picked":"Defragment","floor":1},{"not_picked":["Tempest","Steam"],"picked":"Cold Snap","floor":5},{"not_picked":["Hologram","Redo"],"picked":"Streamline","floor":8},{"not_picked":["hubris:InfiniteBlow","ReplayTheSpireMod:Chaos Vortex"],"picked":"infinitespire:FutureSight","floor":12},{"not_picked":["ReplayTheSpireMod:Omega Cannon","Biased Cognition"],"picked":"Machine Learning","floor":16},{"not_picked":["Scrape+1","Panic Button"],"picked":"Chill","floor":18},{"not_picked":["Chill","ReplayTheSpireMod:System Scan"],"picked":"hubris:Ukulele","floor":19},{"not_picked":["Beam Cell","Steam"],"picked":"Coolheaded","floor":21},{"not_picked":["Redo","Streamline"],"picked":"Capacitor","floor":22}],"player_experience":33663,"relics_obtained":[{"floor":8,"key":"Shuriken"},{"floor":9,"key":"hubris:MysteriousPyramids"},{"floor":19,"key":"Eternal Feather"}],"event_choices":[{"damage_healed":75,"gold_gain":0,"player_choice":"Embrace","damage_taken":0,"max_hp_gain":0,"max_hp_loss":75,"event_name":"betterThird:BetterShining","floor":3,"gold_loss":0},{"damage_healed":0,"gold_gain":100,"player_choice":"Pray","damage_taken":0,"max_hp_gain":0,"max_hp_loss":0,"event_name":"Golden Shrine","floor":4,"gold_loss":0},{"cards_removed":["hierophant:LocustPlague"],"damage_healed":0,"gold_gain":0,"player_choice":"Card Removal","damage_taken":7,"max_hp_gain":0,"max_hp_loss":0,"event_name":"Golden Wing","floor":7,"gold_loss":0},{"damage_healed":0,"gold_gain":0,"player_choice":"Take Damage","damage_taken":18,"relics_obtained":["Golden Idol"],"max_hp_gain":0,"max_hp_loss":0,"event_name":"Golden Idol","floor":13,"gold_loss":0},{"damage_healed":0,"gold_gain":100,"player_choice":"Pray","damage_taken":0,"max_hp_gain":0,"max_hp_loss":0,"event_name":"Golden Shrine","floor":20,"gold_loss":0}],"is_beta":false,"boss_relics":[{"not_picked":["hubris:ScarierMask","construct:WeddingRing"],"picked":"beaked:MawFillet"}],"items_purged_floors":[],"is_endless":false,"potions_floor_spawned":[8,16,21],"killed_by":"Gremlin Leader","ascension_level":0}}