{"host":"v3mpq6flurzldi5g","time":1611611623,"event":{"mods":["AchievementEnabler","BaseMod","Colored Powertips","Highlight Path","Minty Spire (QoL Compilation)","StSLib"],"gold_per_floor":[114,74,93,107,117,117,143,143,143,143,143,158,176,196,196,268,268,278,19,19,34,34,61,61,72,72,72,72,84,99,24,24,100,100,118,18,43,43,94,94,109,109,109,109,122,134,134,134,134,134],"floor_reached":51,"language":"ENG","playtime":3050,"items_purged":["Strike_R+1","Armaments+1"],"score":1109,"play_id":"9ee69ad3-bfed-40af-b7c0-2fe64992d038","local_time":"20210125165343","is_ascension_mode":true,"campfire_choices":[{"data":"Metallicize","floor":6.0,"key":"SMITH"},{"floor":8.0,"key":"REST"},{"data":"Spot Weakness","floor":10.0,"key":"SMITH"},{"floor":15.0,"key":"REST"},{"data":"Armaments","floor":24.0,"key":"SMITH"},{"data":"Limit Break","floor":27.0,"key":"SMITH"},{"floor":32.0,"key":"REST"},{"data":"Feed","floor":40.0,"key":"SMITH"},{"data":"Heavy Blade","floor":42.0,"key":"SMITH"},{"data":"Cleave","floor":44.0,"key":"SMITH"},{"data":"Clothesline","floor":47.0,"key":"SMITH"},{"data":"Bash","floor":49.0,"key":"SMITH"}],"circlet_count":0,"master_deck":["AscendersBane","Strike_R+1","Strike_R+1","Strike_R+1","Strike_R+1","Defend_R+1","Defend_R+1","Defend_R+1","Defend_R+1","Bash+1","Spot Weakness+1","Inflame","Metallicize+1","Feed+1","Battle Trance","Clothesline+1","Metallicize+1","Headbutt+1","Cleave+1","Limit Break+1","Carnage","Heavy Blade+1"],"relics":["Burning Blood","Oddly Smooth Stone","HornCleat","StrikeDummy","Busted Crown","Shuriken","Letter Opener","Vajra","Sozu","Incense Burner","Red Skull","Mercury Hourglass"],"acts_visited":["Exordium","TheCity","TheBeyond"],"potions_floor_usage":[],"damage_taken":[{"damage":0.0,"enemies":"Cultist","floor":1.0,"turns":4.0},{"damage":3.0,"enemies":"2 Louse","floor":3.0,"turns":3.0},{"damage":4.0,"enemies":"Jaw Worm","floor":4.0,"turns":5.0},{"damage":23.0,"enemies":"3 Louse","floor":5.0,"turns":5.0},{"damage":32.0,"enemies":"3 Sentries","floor":7.0,"turns":9.0},{"damage":17.0,"enemies":"Red Slaver","floor":12.0,"turns":4.0},{"damage":15.0,"enemies":"Exordium Thugs","floor":13.0,"turns":5.0},{"damage":4.0,"enemies":"Looter","floor":14.0,"turns":3.0},{"damage":46.0,"enemies":"Hexaghost","floor":16.0,"turns":10.0},{"damage":6.0,"enemies":"Chosen","floor":18.0,"turns":6.0},{"damage":0.0,"enemies":"Shell Parasite","floor":21.0,"turns":6.0},{"damage":16.0,"enemies":"Gremlin Leader","floor":23.0,"turns":7.0},{"damage":19.0,"enemies":"Snecko","floor":25.0,"turns":6.0},{"damage":32.0,"enemies":"Chosen and Byrds","floor":29.0,"turns":7.0},{"damage":21.0,"enemies":"Centurion and Healer","floor":30.0,"turns":4.0},{"damage":33.0,"enemies":"Champ","floor":33.0,"turns":8.0},{"damage":0.0,"enemies":"Orb Walker","floor":35.0,"turns":2.0},{"damage":0.0,"enemies":"Mind Bloom Boss Battle","floor":37.0,"turns":6.0},{"damage":20.0,"enemies":"3 Darklings","floor":41.0,"turns":6.0},{"damage":4.0,"enemies":"Maw","floor":45.0,"turns":5.0},{"damage":0.0,"enemies":"Transient","floor":46.0,"turns":5.0},{"damage":75,"enemies":"Donu and Deca","floor":50,"turns":7}],"seed_played":"765443110592092163","potions_obtained":[{"floor":4.0,"key":"Regen Potion"},{"floor":5.0,"key":"ColorlessPotion"},{"floor":7.0,"key":"PowerPotion"},{"floor":25.0,"key":"FearPotion"},{"floor":29.0,"key":"BlessingOfTheForge"}],"is_trial":false,"path_per_floor":["M","$","M","M","M","R","E","R","T","R","?","M","M","M","R","B",null,"M","$","?","M","?","E","R","M","T","R","?","M","M","$","R","B",null,"M","$","?","$","T","R","M","R","T","R","M","M","R","?","R","B",null],"character_chosen":"IRONCLAD","items_purchased":["Inflame","Shuriken"],"campfire_rested":3,"item_purchase_floors":[2,19],"current_hp_per_floor":[78,78,80,80,66,66,43,68,68,68,73,62,56,58,86,46,82,85,85,85,94,94,84,84,71,71,71,71,48,33,33,63,48,89,95,95,101,101,101,101,87,87,87,87,89,95,95,95,95,26],"gold":134,"neow_bonus":"RANDOM_COMMON_RELIC","is_daily":false,"chose_seed":false,"campfire_upgraded":9,"win_rate":0.0,"timestamp":1611611623,"path_taken":["M","?","M","M","M","R","E","R","T","R","?","M","M","M","R","BOSS","M","$","?","M","?","E","R","M","T","R","?","M","?","?","R","BOSS","M","$","?","?","?","R","?","R","T","R","M","M","R","?","R","BOSS"],"items_purchased_type":["Card","Relic"],"build_version":"2020-12-22","purchased_purges":2,"victory":true,"max_hp_per_floor":[80,80,80,80,83,83,86,86,86,86,91,91,94,94,94,94,94,97,97,97,100,100,100,100,100,100,100,100,103,103,103,103,103,103,103,103,103,103,103,103,103,103,103,103,103,103,103,103,103,103],"card_choices":[{"not_picked":["Twin Strike","Flame Barrier"],"picked":"Spot Weakness","floor":1.0},{"not_picked":["Pommel Strike","Anger"],"picked":"Metallicize","floor":3.0},{"not_picked":["Infernal Blade","Havoc"],"picked":"Feed","floor":4.0},{"not_picked":["Reckless Charge","Iron Wave","Sword Boomerang"],"picked":"SKIP","floor":5.0},{"not_picked":["Havoc","Juggernaut"],"picked":"Battle Trance","floor":7.0},{"not_picked":["Body Slam","Flame Barrier"],"picked":"Clothesline","floor":12.0},{"not_picked":["Pommel Strike","Dark Embrace","Wild Strike"],"picked":"SKIP","floor":13.0},{"not_picked":["Flex","Perfected Strike"],"picked":"Metallicize","floor":14.0},{"not_picked":[],"picked":"Headbutt+1","floor":18.0},{"not_picked":[],"picked":"Armaments","floor":21.0},{"not_picked":[],"picked":"Limit Break","floor":23.0},{"not_picked":[],"picked":"Carnage","floor":25.0},{"not_picked":["Flame Barrier"],"picked":"SKIP","floor":29.0},{"not_picked":["Combust+1"],"picked":"SKIP","floor":30.0},{"not_picked":["Pommel Strike"],"picked":"SKIP","floor":35.0},{"not_picked":[],"picked":"Heavy Blade","floor":41.0},{"not_picked":["Sentinel"],"picked":"SKIP","floor":45.0},{"not_picked":["Heavy Blade"],"picked":"SKIP","floor":46.0}],"player_experience":1059194,"relics_obtained":[{"floor":7.0,"key":"HornCleat"},{"floor":9.0,"key":"StrikeDummy"},{"floor":23.0,"key":"Letter Opener"},{"floor":26.0,"key":"Vajra"},{"floor":37.0,"key":"Incense Burner"},{"floor":39.0,"key":"Red Skull"},{"floor":43.0,"key":"Mercury Hourglass"}],"event_choices":[{"damage_healed":0.0,"max_hp_gain":5.0,"max_hp_loss":0.0,"gold_gain":0.0,"event_name":"Big Fish","player_choice":"Donut","floor":11.0,"gold_loss":0.0,"damage_taken":0.0},{"damage_healed":0.0,"max_hp_gain":0.0,"max_hp_loss":0.0,"gold_gain":0.0,"event_name":"Back to Basics","player_choice":"Simplicity","floor":20.0,"gold_loss":0.0,"damage_taken":0.0,"cards_upgraded":["Strike_R","Strike_R","Strike_R","Strike_R","Strike_R","Defend_R","Defend_R","Defend_R","Defend_R"]},{"damage_healed":0.0,"max_hp_gain":0.0,"max_hp_loss":0.0,"gold_gain":0.0,"event_name":"The Library","player_choice":"Read","floor":22.0,"gold_loss":0.0,"damage_taken":0.0,"cards_obtained":["Cleave"]},{"damage_healed":0.0,"max_hp_gain":0.0,"max_hp_loss":0.0,"gold_gain":0.0,"event_name":"Accursed Blacksmith","player_choice":"Forge","floor":28.0,"gold_loss":0.0,"damage_taken":0.0,"cards_upgraded":["Metallicize"]},{"damage_healed":0.0,"max_hp_gain":0.0,"max_hp_loss":0.0,"gold_gain":0.0,"event_name":"MindBloom","player_choice":"Fight","floor":37.0,"gold_loss":0.0,"damage_taken":0.0},{"damage_healed":0.0,"max_hp_gain":0.0,"max_hp_loss":0.0,"gold_gain":0.0,"event_name":"SensoryStone","player_choice":"Memory 1","floor":48.0,"gold_loss":0.0,"damage_taken":0.0}],"is_beta":false,"boss_relics":[{"not_picked":["Snecko Eye","Velvet Choker"],"picked":"Busted Crown"},{"not_picked":["Mark of Pain","Coffee Dripper"],"picked":"Sozu"}],"items_purged_floors":[31,36],"is_endless":false,"potions_floor_spawned":[4,5,7,13,25,29,30,41,45],"ascension_level":13}}