{"host":"d4km6p8r92tm3vpl","time":1611614614,"event":{"mods":["AchievementEnabler","BaseMod","Colored Map","Colored Powertips","DeckTracker","Minty Spire (QoL Compilation)","Relic Stats","StSLib"],"gold_per_floor":[109,126,138,88,106,139,154,154,154,154,181,208,7,7,7,104,104,118,131,149,107,107,107,140,140,140],"floor_reached":25,"language":"ENG","playtime":1089,"items_purged":[],"score":338,"play_id":"03738fcc-d3a4-4f61-9270-897cc333143d","local_time":"20210125174334","is_ascension_mode":true,"campfire_choices":[{"data":"Predator","floor":10,"key":"SMITH"},{"floor":15,"key":"REST"},{"data":"Die Die Die","floor":23,"key":"SMITH"}],"circlet_count":0,"master_deck":["AscendersBane","Strike_G","Defend_G","Defend_G","Defend_G","Defend_G","Defend_G","Survivor","Neutralize","Poisoned Stab","Deadly Poison","Quick Slash","Leg Sweep","Cloak And Dagger","Predator+1","Flying Knee","Backflip","Footwork+1","Die Die Die+1","Heel Hook+1","Deflect+1","Deflect+1","Dagger Spray","Bandage Up"],"relics":["Philosopher\u0027s Stone","Regal Pillow","Odd Mushroom","WingedGreaves","Membership Card","Astrolabe","Red Mask"],"acts_visited":["Exordium","TheCity"],"potions_floor_usage":[24,24],"damage_taken":[{"damage":0,"enemies":"Cultist","floor":1,"turns":4},{"damage":0,"enemies":"2 Louse","floor":2,"turns":3},{"damage":6,"enemies":"Small Slimes","floor":3,"turns":4},{"damage":0,"enemies":"2 Fungi Beasts","floor":5,"turns":4},{"damage":28,"enemies":"3 Sentries","floor":6,"turns":12},{"damage":3,"enemies":"Looter","floor":7,"turns":4},{"damage":21,"enemies":"The Mushroom Lair","floor":11,"turns":5},{"damage":26,"enemies":"Lagavulin","floor":12,"turns":8},{"damage":29,"enemies":"Hexaghost","floor":16,"turns":13},{"damage":12,"enemies":"Chosen","floor":18,"turns":6},{"damage":9,"enemies":"3 Byrds","floor":19,"turns":6},{"damage":15,"enemies":"Cultist and Chosen","floor":20,"turns":9},{"damage":15,"enemies":"Masked Bandits","floor":24,"turns":3},{"damage":22,"enemies":"3 Cultists","floor":25,"turns":3}],"seed_played":"-4119194129032553867","potions_obtained":[{"floor":3,"key":"SteroidPotion"},{"floor":7,"key":"Strength Potion"},{"floor":24,"key":"Strength Potion"}],"is_trial":false,"path_per_floor":["M","M","M","?","M","E","M","?","T","R","?","E","$","?","R","B",null,"M","M","M","$","?","R","?","M"],"character_chosen":"THE_SILENT","items_purchased":["Membership Card","Footwork","Block Potion","Bandage Up"],"campfire_rested":1,"item_purchase_floors":[13,13,13,21],"current_hp_per_floor":[63,63,57,57,57,29,26,49,49,49,28,2,2,2,38,9,55,43,34,19,19,19,19,8,0,0],"gold":140,"neow_bonus":"BOSS_RELIC","is_daily":false,"chose_seed":false,"campfire_upgraded":2,"win_rate":0.0,"timestamp":1611614614,"path_taken":["M","M","M","?","M","E","M","?","T","R","?","E","$","?","R","BOSS","M","M","M","$","?","R","?","M"],"items_purchased_type":["Relic","Card","Potion","Card"],"build_version":"2020-12-22","purchased_purges":0,"victory":false,"max_hp_per_floor":[70,70,70,70,70,70,70,70,70,70,70,70,70,70,70,70,70,70,70,70,70,70,70,70,70,70],"relic_stats":{"Regal Pillow":15,"counters":[14,84],"Astrolabe":["Heel Hook","Deflect","Deflect"],"obtain_stats":[{"Regal Pillow":6,"Astrolabe":17,"Philosopher\u0027s Stone":0,"WingedGreaves":12,"Red Mask":24,"Membership Card":13,"Odd Mushroom":11,"Ring of the Snake":0},{"Regal Pillow":5,"Astrolabe":9,"Philosopher\u0027s Stone":0,"WingedGreaves":8,"Red Mask":13,"Membership Card":8,"Odd Mushroom":7,"Ring of the Snake":0},{"Regal Pillow":27,"Astrolabe":57,"Philosopher\u0027s Stone":0,"WingedGreaves":44,"Red Mask":81,"Membership Card":44,"Odd Mushroom":36,"Ring of the Snake":0}]},"card_choices":[{"not_picked":["Deadly Poison","Terror"],"picked":"Poisoned Stab","floor":1},{"not_picked":["Cloak And Dagger","Choke"],"picked":"Deadly Poison","floor":2},{"not_picked":["Heel Hook","Prepared"],"picked":"Quick Slash","floor":3},{"not_picked":["Slice","Setup"],"picked":"Leg Sweep","floor":5},{"not_picked":["Tactician","Flying Knee"],"picked":"Cloak And Dagger","floor":6},{"not_picked":["Calculated Gamble","Outmaneuver"],"picked":"Predator","floor":7},{"not_picked":["Well Laid Plans","Blade Dance"],"picked":"Flying Knee","floor":11},{"not_picked":["Blade Dance","Prepared"],"picked":"Backflip","floor":12},{"not_picked":["After Image","Wraith Form v2"],"picked":"Die Die Die","floor":16},{"not_picked":["Quick Slash","PiercingWail","Riddle With Holes"],"picked":"SKIP","floor":18},{"not_picked":["Skewer","Dodge and Roll"],"picked":"Dagger Spray","floor":19},{"not_picked":["Dagger Spray","Slice","Bane"],"picked":"SKIP","floor":20}],"player_experience":829594,"relics_obtained":[{"floor":6,"key":"Regal Pillow"},{"floor":11,"key":"Odd Mushroom"},{"floor":12,"key":"WingedGreaves"},{"floor":24,"key":"Red Mask"}],"event_choices":[{"cards_removed":["Strike_G"],"damage_healed":0,"gold_gain":0,"player_choice":"Card Removal","damage_taken":0,"max_hp_gain":0,"max_hp_loss":0,"event_name":"The Cleric","floor":4,"gold_loss":50},{"damage_healed":23,"gold_gain":0,"player_choice":"Banana","damage_taken":0,"max_hp_gain":0,"max_hp_loss":0,"event_name":"Big Fish","floor":8,"gold_loss":0},{"damage_healed":0,"gold_gain":0,"player_choice":"Fought Mushrooms","damage_taken":0,"max_hp_gain":0,"max_hp_loss":0,"event_name":"Mushrooms","floor":11,"gold_loss":0},{"damage_healed":0,"gold_gain":0,"player_choice":"Grow","damage_taken":0,"max_hp_gain":0,"max_hp_loss":0,"event_name":"Living Wall","floor":14,"gold_loss":0,"cards_upgraded":["Footwork"]},{"damage_healed":0,"gold_gain":0,"player_choice":"Ignored","damage_taken":0,"max_hp_gain":0,"max_hp_loss":0,"event_name":"Ghosts","floor":22,"gold_loss":0},{"damage_healed":0,"gold_gain":0,"player_choice":"Fought Bandits","damage_taken":0,"max_hp_gain":0,"max_hp_loss":0,"event_name":"Masked Bandits","floor":24,"gold_loss":0}],"is_beta":false,"boss_relics":[{"not_picked":["SacredBark","Pandora\u0027s Box"],"picked":"Astrolabe"}],"items_purged_floors":[],"is_endless":false,"potions_floor_spawned":[3,7,11,20,24],"killed_by":"3 Cultists","ascension_level":12}}