{"host":"9bcwdp8h7kwcxx90","time":1611617368,"event":{"mods":["2.2 Compatiblity","BaseMod","Colored Map","Colored Powertips","Downfall","Infinite Spire","Minty Spire (QoL Compilation)","Permanent Neow","Quick Restart","Random Character Button","Relic Sorter","Relic Stats","Robot Space Explorer","Shop Mod","StSLib","The Marked","Unknown Chances"],"gold_per_floor":[99,116,26,46,59,84,107,135,135,155,182,191,230,239,267,377,377,277,302,321,321,70,70,70,70],"floor_reached":23,"language":"ENG","playtime":2587,"items_purged":["bronze:Defend","Regret"],"score":248,"play_id":"8fa3573f-2db3-476f-a1e4-5b09e9239292","local_time":"20210125172928","is_ascension_mode":true,"campfire_choices":[{"data":"bronze:Goto","floor":1.0,"key":"SMITH"},{"data":"bronze:BronzeOrb","floor":9.0,"key":"SMITH"},{"data":"bronze:Philosophize","floor":18.0,"key":"SMITH"}],"circlet_count":0,"master_deck":["bronze:Strike","bronze:Strike","bronze:Strike","bronze:Strike","bronze:Defend","bronze:Defend","bronze:Defend","bronze:Replicate","bronze:Goto+1","bronze:DelayedGuard","bronze:FineTuning","bronze:FollowUp","bronze:BronzeOrb+1","bronze:Philosophize+1","bronze:RecursiveStrike","infinitespire:Starlight","bronze:Return","bronze:ThunderWave","bronze:Iterate","bronze:ItsAFeature+1","bronze:BuggyMess"],"relics":["bronze:PlatinumCore","Juzu Bracelet","Gambling Chip","infinitespire:WardingShard","Blood Vial","downfall:HeartBlessingGreen","MerchantsRug"],"acts_visited":["Exordium","TheCity"],"potions_floor_usage":[23],"damage_taken":[{"damage":2.0,"enemies":"2 Louse","floor":2.0,"turns":3.0},{"damage":0.0,"enemies":"downfall:FleeingMerchant","floor":3.0,"turns":4.0},{"damage":3.0,"enemies":"infinitespire:Voidling","floor":4.0,"turns":4.0},{"damage":1.0,"enemies":"Jaw Worm","floor":5.0,"turns":4.0},{"damage":11.0,"enemies":"Gremlin Nob","floor":6.0,"turns":4.0},{"damage":0.0,"enemies":"3 Louse","floor":8.0,"turns":4.0},{"damage":4.0,"enemies":"Lots of Slimes","floor":10.0,"turns":5.0},{"damage":9.0,"enemies":"3 Sentries","floor":11.0,"turns":12.0},{"damage":3.0,"enemies":"Gremlin Nob","floor":13.0,"turns":3.0},{"damage":3.0,"enemies":"Exordium Wildlife","floor":15.0,"turns":2.0},{"damage":41.0,"enemies":"DF_ARCHETYPE_STREAMLINE","floor":16.0,"turns":8.0},{"damage":4.0,"enemies":"Chosen","floor":19.0,"turns":5.0},{"damage":9.0,"enemies":"Shelled Parasite and Fungi","floor":20.0,"turns":5.0},{"damage":41.0,"enemies":"downfall:FleeingMerchant","floor":22.0,"turns":4.0},{"damage":2,"enemies":"Gremlin Leader","floor":23,"turns":3}],"seed_played":"-2733249083330829472","potions_obtained":[{"floor":4.0,"key":"Dexterity Potion"},{"floor":10.0,"key":"Block Potion"},{"floor":11.0,"key":"LiquidMemories"},{"floor":13.0,"key":"SkillPotion"},{"floor":15.0,"key":"DistilledChaos"},{"floor":16.0,"key":"bronze:FreeFunctionsPotion"},{"floor":19.0,"key":"Ancient Potion"},{"floor":21.0,"key":"downfall:CursedFountainPotion"}],"is_trial":false,"path_per_floor":["R","M","$","M","M","E","T","M","R","M","E","?","E","?","M","B",null,"R","M","M","?","$","E"],"character_chosen":"THE_AUTOMATON","items_purchased":["bronze:BuggyMess","MerchantsRug"],"campfire_rested":0,"item_purchase_floors":[22,22],"current_hp_per_floor":[77,75,75,72,71,60,60,60,60,56,47,47,44,24,33,4,77,77,75,68,68,36,36,36,36],"gold":70,"neow_bonus":"ONE_RARE_RELIC","is_daily":false,"chose_seed":false,"campfire_upgraded":3,"win_rate":0.0,"timestamp":1611617368,"path_taken":["R","M","$","M","M","E","T","M","R","M","E","?","E","?","M","BOSS","R","M","M","?","$","E"],"items_purchased_type":["Card","Relic"],"build_version":"2020-12-22","purchased_purges":2,"victory":false,"max_hp_per_floor":[77,77,77,77,77,77,77,77,77,77,77,77,77,77,77,77,77,77,77,77,77,77,77,77,77],"relic_stats":{"Blood Vial":10,"counters":[15,70],"Gambling Chip":[13],"Juzu Bracelet":0,"obtain_stats":[{"Blood Vial":13,"bronze:PlatinumCore":17,"MerchantsRug":22,"bronze:BronzeCore":0,"infinitespire:WardingShard":12,"CeramicFish":7,"Gambling Chip":11,"Mango":0,"downfall:HeartBlessingGreen":18,"Juzu Bracelet":6},{"Blood Vial":9,"bronze:PlatinumCore":11,"MerchantsRug":14,"bronze:BronzeCore":0,"infinitespire:WardingShard":8,"CeramicFish":5,"Gambling Chip":8,"Mango":0,"downfall:HeartBlessingGreen":11,"Juzu Bracelet":5},{"Blood Vial":43,"bronze:PlatinumCore":53,"MerchantsRug":67,"bronze:BronzeCore":0,"infinitespire:WardingShard":40,"CeramicFish":19,"Gambling Chip":40,"Mango":0,"downfall:HeartBlessingGreen":53,"Juzu Bracelet":19}]},"card_choices":[{"not_picked":["bronze:BugBarrage","bronze:OilSpill"],"picked":"bronze:DelayedGuard","floor":2.0},{"not_picked":["bronze:Branch","bronze:Separator","bronze:WhirlingStrike"],"picked":"SKIP","floor":3.0},{"not_picked":["bronze:NullPointer","bronze:ChosenStrike"],"picked":"bronze:FineTuning","floor":4.0},{"not_picked":["bronze:Optimize","bronze:CutThrough"],"picked":"bronze:FollowUp","floor":5.0},{"not_picked":["bronze:Frontload","bronze:Overload","bronze:WildBeam"],"picked":"SKIP","floor":6.0},{"not_picked":["bronze:ForceShield","bronze:Optimize"],"picked":"bronze:BronzeOrb","floor":8.0},{"not_picked":["bronze:CutThrough","bronze:GetLatest"],"picked":"bronze:Philosophize","floor":10.0},{"not_picked":["bronze:DigitalCarnage","bronze:Branch","bronze:Allocate"],"picked":"SKIP","floor":11.0},{"not_picked":["bronze:Frontload","bronze:Separator"],"picked":"bronze:RecursiveStrike","floor":13.0},{"not_picked":["infinitespire:Menacing","infinitespire:UltimateForm"],"picked":"infinitespire:Starlight","floor":14.0},{"not_picked":["bronze:Refactor","bronze:Turbo"],"picked":"bronze:Return","floor":15.0},{"not_picked":["bronze:Break","bronze:AlphaBuild"],"picked":"bronze:ThunderWave","floor":16.0},{"not_picked":["bronze:Optimize","bronze:Flail"],"picked":"bronze:Iterate","floor":19.0},{"not_picked":["bronze:CloningBeam","bronze:Boost"],"picked":"bronze:ItsAFeature+1","floor":20.0},{"not_picked":["bronze:DelayedGuard","bronze:BugBarrage","bronze:DelayedSlice"],"picked":"SKIP","floor":22.0}],"player_experience":274549,"relics_obtained":[{"floor":6.0,"key":"Juzu Bracelet"},{"floor":7.0,"key":"CeramicFish"},{"floor":11.0,"key":"Gambling Chip"},{"floor":13.0,"key":"Blood Vial"}],"event_choices":[{"damage_healed":0.0,"max_hp_gain":0.0,"max_hp_loss":0.0,"gold_gain":0.0,"event_name":"Big Fish","player_choice":"Box","floor":12.0,"gold_loss":0.0,"damage_taken":0.0,"relics_obtained":["infinitespire:WardingShard"],"cards_obtained":["Regret"]}],"is_beta":false,"boss_relics":[{"not_picked":["Busted Crown","Empty Cage"],"picked":"bronze:PlatinumCore"}],"items_purged_floors":[3,22],"is_endless":false,"potions_floor_spawned":[4,10,11,13,15,16,19],"killed_by":"Gremlin Leader","ascension_level":1}}