{"host":"57rytaa21d5yl0hy","time":1611567939,"event":{"mods":["Act Like it!","BaseMod","Challenge The Spire","Friendly Minions","Gensokyo","KinomotoSakuraMod(木之本樱)","Kiyohime（清姬）","Lobotomy","LobotomyExtend","Minty Spire (QoL Compilation)","Poem Panic","Replay The Spire","RumiaBox-露米娅的神秘盒子","StSLib","The Senshi","Yuri Mod"],"gold_per_floor":[277,357,369,299,311,311,346,357,380,380,380,380,390,402,402,499,499,534,534,534,534],"floor_reached":20,"language":"ZHS","playtime":667,"items_purged":[],"score":268,"play_id":"8fdf93d8-d030-4cb8-be2e-0e6653486d47","local_time":"20210125174539","is_ascension_mode":true,"campfire_choices":[{"data":"yuri:ReactiveMadness","floor":6,"key":"SMITH"},{"data":"yuri:HeavierStrike","floor":12,"key":"SMITH"},{"data":"yuri:HeavierStrike","floor":15,"key":"SMITH"}],"circlet_count":0,"master_deck":["yuri:yuriStrike","yuri:yuriStrike","yuri:yuriStrike","yuri:yuriStrike","yuri:yuriStrike","yuri:yuriDefend","yuri:yuriDefend+1","yuri:yuriDefend","yuri:Oolong","yuri:yuriStab+1","Variant","yuri:GreenTea","MeatLantern","yuri:ReactiveMadness+1","Scorched","GreedKing","yuri:HeavierStrike+1","Bloodbath","yuri:HeavierStrike+1","yuri:Spin","OSAHOGD","yuri:WickedSlash","OldLady","yuri:NoEscape","yuri:Stalk"],"relics":["yuri:yuriKnife","CogitoBucket","RabbitCall","LetterFromLob","Baka2","Pet Ghost","MealTicket","SkinProphecy","Empty Cage","Pen Nib"],"acts_visited":["Gensokyo:Gensokyo","TheCity"],"potions_floor_usage":[16,20],"damage_taken":[{"damage":6,"enemies":"Gensokyo:Gryphon","floor":1,"turns":3},{"damage":15,"enemies":"Gensokyo:2_Kodama","floor":3,"turns":4},{"damage":16,"enemies":"Gensokyo:3_Fairies","floor":5,"turns":9},{"damage":11,"enemies":"Gensokyo:Aya","floor":7,"turns":4},{"damage":1,"enemies":"Gensokyo:Gryphon_and_Rabbit","floor":8,"turns":2},{"damage":29,"enemies":"Gensokyo:Python_and_Kodama","floor":11,"turns":5},{"damage":0,"enemies":"Gensokyo:LivingMonolith","floor":13,"turns":2},{"damage":7,"enemies":"Gensokyo:3_Kodama","floor":14,"turns":3},{"damage":31,"enemies":"Gensokyo:Reimu","floor":16,"turns":4},{"damage":47,"enemies":"Spheric Guardian","floor":18,"turns":3},{"damage":28,"enemies":"Chosen","floor":20,"turns":2}],"seed_played":"1946615358435016424","potions_obtained":[{"floor":3,"key":"SkillPotion"},{"floor":7,"key":"SkillPotion"},{"floor":11,"key":"Cursed Concoction"},{"floor":16,"key":"SpeedPotion"}],"is_trial":false,"path_per_floor":["M","?","M","?","M","R","E","M","T","?","M","R","M","M","R","B",null,"M","?","M"],"character_chosen":"YURI","items_purchased":[],"campfire_rested":0,"item_purchase_floors":[],"current_hp_per_floor":[70,70,65,65,59,59,58,63,63,71,52,52,58,51,51,33,73,28,28,0,0],"gold":534,"neow_bonus":"","is_daily":false,"chose_seed":false,"campfire_upgraded":3,"win_rate":0.0,"timestamp":1611567939,"path_taken":["M","?","?","?","M","R","E","?","T","?","?","R","M","M","R","BOSS","M","?","?"],"items_purchased_type":[],"build_version":"2020-12-22","purchased_purges":0,"victory":false,"max_hp_per_floor":[80,80,80,80,80,80,80,80,80,80,80,80,82,84,84,86,86,88,88,92,92],"card_choices":[{"not_picked":["BeautyBeast","HappyTeddy"],"picked":"Variant","floor":1},{"not_picked":["yuri:CalmingAura","yuri:GlitchedStrike"],"picked":"yuri:GreenTea","floor":1},{"not_picked":["OldLady","HeroicMonk"],"picked":"MeatLantern","floor":3},{"not_picked":["yuri:ThrowBook","yuri:ReloadGame"],"picked":"yuri:ReactiveMadness","floor":3},{"not_picked":["GalaxyChild","Rudolta"],"picked":"Scorched","floor":5},{"not_picked":["yuri:GlitchedStrike","yuri:MultiDip","yuri:Skip"],"picked":"SKIP","floor":5},{"not_picked":["BlackSwan","WallGazer"],"picked":"GreedKing","floor":7},{"not_picked":["yuri:ThrowBook","yuri:Parry","yuri:BookBlue"],"picked":"SKIP","floor":7},{"not_picked":["yuri:yuriHeavyStrike","yuri:TPose"],"picked":"yuri:HeavierStrike","floor":8},{"not_picked":["VoidDream","UniverseFragment"],"picked":"Bloodbath","floor":11},{"not_picked":["yuri:Spin","yuri:SeeingDouble"],"picked":"yuri:HeavierStrike","floor":11},{"not_picked":["BlackSwan","VoidDream"],"picked":"DespairKnight","floor":13},{"not_picked":["yuri:SelfHarm","yuri:Skip"],"picked":"yuri:Spin","floor":13},{"not_picked":["WallGazer","BeautyBeast"],"picked":"OSAHOGD","floor":14},{"not_picked":["yuri:CorruptHitbox","yuri:BookRed"],"picked":"yuri:WickedSlash","floor":14},{"not_picked":["BeautyBeast","Funeral"],"picked":"OldLady","floor":16},{"not_picked":["yuri:DisableStrike","yuri:ExploitStrike"],"picked":"yuri:NoEscape","floor":16},{"not_picked":["yuri:TPose","yuri:GlitchedStrike"],"picked":"yuri:Stalk","floor":18}],"player_experience":308128,"relics_obtained":[{"floor":1,"key":"Baka"},{"floor":1,"key":"LetterFromLob"},{"floor":3,"key":"Baka2"},{"floor":7,"key":"Pet Ghost"},{"floor":9,"key":"MealTicket"},{"floor":19,"key":"Pen Nib"}],"event_choices":[{"damage_healed":0,"gold_gain":0,"player_choice":"Relic","damage_taken":0,"max_hp_gain":0,"max_hp_loss":0,"event_name":"Wheel of Change","floor":19,"gold_loss":0}],"is_beta":false,"boss_relics":[{"not_picked":["Astrolabe","Runic Pyramid"],"picked":"Empty Cage"}],"items_purged_floors":[],"is_endless":false,"potions_floor_spawned":[3,7,11,13,16,18],"killed_by":"Chosen","ascension_level":7}}