{"host":"lte3xujvwediduij","time":1611565405,"event":{"mods":["Aspiration","BaseMod","Better-Laid Plans","Minty Spire (QoL Compilation)","Spicy Shops","StSLib","¡¾ÒÅÎï¿¨ÅÆ¡¿REMEMod","óô»ðÖ¸ÄÏ"],"gold_per_floor":[111,125,300,300,23,23,48,48,75,75,92,104,18,18,18,123,123,136,153,172,190,201,235,26,26,26],"floor_reached":25,"language":"ZHS","playtime":1524,"items_purged":["Regret","Doubt"],"score":223,"play_id":"35e914fc-c709-4903-9c0c-a9f262ffc6a6","local_time":"20210125170325","is_ascension_mode":false,"campfire_choices":[{"floor":6.0,"key":"RECALL"},{"data":"aspiration:Polymerization","floor":15.0,"key":"SMITH"}],"circlet_count":0,"master_deck":["Strike_B","Strike_B","Strike_B","Defend_B","Defend_B","Defend_B","Zap","Dualcast","Dramatic Entrance","aspiration:Polymerization+1","Redo","Stack","REME_HeartOfCthun","Storm","Turbo","Storm","Conserve Battery","Lockon","Echo Form","Chill","Storm","Hello World","Chaos"],"relics":["Cracked Core","REME_ComplimentaryCards","Meat on the Bone","Membership Card","Shuriken","aspiration:BabyByrd","aspiration:IroncladSkillbook","Eternal Feather","Bottled Tornado","Toolbox"],"acts_visited":["Exordium","TheCity"],"potions_floor_usage":[],"damage_taken":[{"damage":0.0,"enemies":"2 Louse","floor":1.0,"turns":2.0},{"damage":0.0,"enemies":"Small Slimes","floor":2.0,"turns":2.0},{"damage":36.0,"enemies":"Lagavulin","floor":7.0,"turns":7.0},{"damage":11.0,"enemies":"Jaw Worm","floor":11.0,"turns":2.0},{"damage":6.0,"enemies":"2 Fungi Beasts","floor":12.0,"turns":2.0},{"damage":32.0,"enemies":"Slime Boss","floor":16.0,"turns":9.0},{"damage":30.0,"enemies":"2 Thieves","floor":18.0,"turns":3.0},{"damage":8.0,"enemies":"Chosen","floor":19.0,"turns":3.0},{"damage":26.0,"enemies":"Snake Plant","floor":20.0,"turns":4.0},{"damage":6.0,"enemies":"3 Cultists","floor":21.0,"turns":5.0},{"damage":1.0,"enemies":"Centurion and Healer","floor":22.0,"turns":4.0},{"damage":45.0,"enemies":"Book of Stabbing","floor":23.0,"turns":6.0},{"damage":38,"enemies":"Slavers","floor":25,"turns":4}],"seed_played":"-7782154575267293370","potions_obtained":[{"floor":7.0,"key":"Fire Potion"},{"floor":11.0,"key":"GamblersBrew"},{"floor":18.0,"key":"Energy Potion"},{"floor":20.0,"key":"Ancient Potion"},{"floor":21.0,"key":"Strength Potion"}],"is_trial":false,"path_per_floor":["M","M","?","?","$","R","E","?","T","?","M","M","R","?","R","B",null,"M","M","M","M","M","E","R","E"],"character_chosen":"DEFECT","items_purchased":["Membership Card","REME_HeartOfCthun","Lockon","Bottled Tornado","Toolbox"],"campfire_rested":0,"item_purchase_floors":[5,5,13,24,24],"current_hp_per_floor":[75,75,75,75,75,75,39,39,39,32,33,39,39,39,39,19,75,49,45,35,45,48,19,31,0,0],"gold":26,"neow_bonus":"RANDOM_COLORLESS","is_daily":false,"chose_seed":false,"campfire_upgraded":1,"win_rate":0.0,"timestamp":1611565405,"path_taken":["M","M","?","?","$","R","E","?","T","?","M","?","R","?","R","BOSS","M","M","M","M","M","E","R","E"],"items_purchased_type":["Relic","Card","Card","Relic","Relic"],"build_version":"2020-12-22","purchased_purges":2,"victory":false,"max_hp_per_floor":[75,75,75,75,75,75,75,75,75,75,75,75,75,75,75,75,75,75,75,75,75,75,75,75,75,75],"card_choices":[{"not_picked":["Blind","REME_MagicPocketWatch"],"picked":"Dramatic Entrance","floor":0.0},{"not_picked":["Steam","Static Discharge"],"picked":"Redo","floor":1.0},{"not_picked":["Rebound","Sweeping Beam"],"picked":"Stack","floor":2.0},{"not_picked":["Doom and Gloom","Darkness"],"picked":"Storm","floor":7.0},{"not_picked":["Machine Learning","Conserve Battery"],"picked":"Storm","floor":11.0},{"not_picked":["Turbo","Reprogram"],"picked":"Conserve Battery","floor":12.0},{"not_picked":["Biased Cognition","Seek"],"picked":"Echo Form","floor":16.0},{"not_picked":["Sweeping Beam","Melter","Redo"],"picked":"Chill","floor":18.0},{"not_picked":["Leap","Recycle","Hologram+1"],"picked":"Storm","floor":19.0},{"not_picked":["Leap","Steam","Rebound+1"],"picked":"Hello World","floor":20.0},{"not_picked":["Ball Lightning","Leap","Sweeping Beam+1"],"picked":"Chaos","floor":21.0},{"not_picked":["Chaos","Reprogram","Consume","Reinforced Body"],"picked":"SKIP","floor":22.0},{"not_picked":["Redo","Streamline","Rebound","Turbo+1"],"picked":"SKIP","floor":23.0}],"player_experience":28785,"relics_obtained":[{"floor":7.0,"key":"Shuriken"},{"floor":23.0,"key":"Eternal Feather"}],"event_choices":[{"damage_healed":0.0,"max_hp_gain":0.0,"max_hp_loss":0.0,"gold_gain":175.0,"event_name":"Liars Game","player_choice":"AGREE","floor":3.0,"gold_loss":0.0,"damage_taken":0.0,"cards_obtained":["Doubt"]},{"damage_healed":0.0,"max_hp_gain":0.0,"max_hp_loss":0.0,"gold_gain":0.0,"event_name":"Big Fish","player_choice":"Box","floor":4.0,"gold_loss":0.0,"damage_taken":0.0,"relics_obtained":["Meat on the Bone"],"cards_obtained":["Regret"]},{"damage_healed":0.0,"max_hp_gain":0.0,"max_hp_loss":0.0,"gold_gain":0.0,"cards_transformed":["Defend_B"],"event_name":"Living Wall","player_choice":"Change","floor":8.0,"gold_loss":0.0,"damage_taken":0.0,"cards_obtained":["Turbo"]},{"cards_removed":["Strike_B"],"damage_healed":0.0,"max_hp_gain":0.0,"max_hp_loss":0.0,"gold_gain":0.0,"event_name":"Golden Wing","player_choice":"Card Removal","floor":10.0,"gold_loss":0.0,"damage_taken":7.0}],"is_beta":false,"boss_relics":[{"not_picked":["Ectoplasm","Philosopher\u0027s Stone"],"picked":"aspiration:IroncladSkillbook"}],"items_purged_floors":[5,13],"is_endless":false,"potions_floor_spawned":[7,11,18,20,21],"killed_by":"Slavers","ascension_level":0}}