{"host":"2eswhqk6sgfpt1j1","time":1611587659,"event":{"mods":["Act Like it!","BaseMod","Colored Powertips","Downfall","Duelist Mod","Hallownest","Hunter ¡‘»À","Minty Spire (QoL Compilation)","Replay The Spire","StSLib","The Bug Knight","The Cursed","The Servant 0.9.4"],"gold_per_floor":[110,125,168,168,185,211,211,224,273,273,273,273,273,43,43,144,144,163,63,81,81,96,96,96,96,96],"floor_reached":25,"language":"ZHS","playtime":1471,"items_purged":["Hallownest:curseDreamersLament","HollowMod:DescendingDark+1"],"score":224,"play_id":"52fd770e-bf79-4ef8-87b0-a97e17a3349f","local_time":"20210125231419","is_ascension_mode":false,"campfire_choices":[{"data":"HollowMod:NewGlowingWomb","floor":7,"key":"SMITH"},{"floor":11,"key":"REST"},{"data":"HollowMod:MothsMistake","floor":13,"key":"SMITH"},{"data":"HollowMod:QuickDashStart","floor":15,"key":"SMITH"}],"circlet_count":0,"master_deck":["HollowMod:QuickDashStart","HollowMod:QuickDashStart+1","HollowMod:QuickDashStart","HollowMod:QuickDashStart","HollowMod:FocusHealStart","HollowMod:PogoStrike","HollowMod:MantisMark","HollowMod:MothsMistake+1","HollowMod:NewGlowingWomb+1","HollowMod:InfectedCysts+1","HollowMod:TaintedHusks+1","HollowMod:InfectedAttack+1","HollowMod:NewInfectedGuardian+1","HollowMod:HuntersJournal+1","HollowMod:ChannelNail+1","CommonCold","HollowMod:InfectedAttack","HollowMod:InfectedAttack","HollowMod:InfectedAttack","HollowMod:InfectedAttack"],"relics":["HollowMod:VesselMask","Hallownest:DreamNailRelic","HollowMod:StagPassRelic","MealTicket","Hallownest:TeacherSealRelic","Orrery","Astrolabe","Ring of Peace"],"acts_visited":["Hallownest:Greenpath","Hallownest:CityofTears"],"potions_floor_usage":[6,16,18,22],"damage_taken":[{"damage":2,"enemies":"Hallownest:2_Baldur","floor":1,"turns":4},{"damage":6,"enemies":"Hallownest:2_Tiktiks_and_1_Crawlid","floor":2,"turns":4},{"damage":1,"enemies":"Hallownest:monsterHuskWarrior","floor":5,"turns":5},{"damage":35,"enemies":"Hallownest:eliteCrystalGuardian","floor":6,"turns":6},{"damage":27,"enemies":"Hallownest:2_Tiktiks_1_Baldur_1_Crawlid","floor":8,"turns":6},{"damage":62,"enemies":"Hallownest:BossFalseKnight","floor":16,"turns":8},{"damage":46,"enemies":"Hallownest:3_Youths","floor":18,"turns":4},{"damage":31,"enemies":"Hallownest:Guard_and_Sentry","floor":20,"turns":4},{"damage":15,"enemies":"Hallownest:monsterShrumalOgre","floor":22,"turns":6},{"damage":27,"enemies":"Hallownest:monsterMisterMushroom","floor":25,"turns":5}],"seed_played":"8529797766825428024","potions_obtained":[{"floor":2,"key":"SpeedPotion"},{"floor":3,"key":"FairyPotion"},{"floor":3,"key":"Reflective Coating"},{"floor":5,"key":"Block Potion"},{"floor":16,"key":"GamblersBrew"},{"floor":20,"key":"champ:CounterPotion"}],"is_trial":false,"path_per_floor":["M","M","?","?","M","E","R","M","T","?","R","?","R","$","R","B",null,"M","$","M","?","M","?","?","M"],"character_chosen":"THE_BUGKNIGHT","items_purchased":["Orrery"],"campfire_rested":1,"item_purchase_floors":[14],"current_hp_per_floor":[75,75,45,45,50,21,21,17,17,17,39,57,57,72,72,20,75,29,44,19,19,4,4,4,0,0],"gold":96,"neow_bonus":"THREE_CARDS","is_daily":false,"chose_seed":false,"campfire_upgraded":3,"win_rate":0.0,"timestamp":1611587659,"path_taken":["M","M","?","?","?","E","R","M","T","?","R","?","R","$","R","BOSS","M","$","M","?","M","?","?","M"],"items_purchased_type":["Relic"],"build_version":"2020-12-22","purchased_purges":2,"victory":false,"max_hp_per_floor":[75,75,75,75,75,75,75,75,75,75,75,75,75,75,75,75,75,75,75,75,75,75,75,75,75,75],"card_choices":[{"not_picked":["HollowMod:NewLittleFool","HollowMod:QuirrelsAssistance"],"picked":"HollowMod:VengefulVoid","floor":0},{"not_picked":["HollowMod:NewLittleFool","HollowMod:BrokenVessel"],"picked":"HollowMod:MantisMark","floor":1},{"not_picked":["HollowMod:LordofShades","HollowMod:CloakDash"],"picked":"HollowMod:MothsMistake","floor":2},{"not_picked":["HollowMod:DescendingDark","HollowMod:VengefulSpirit","HollowMod:DashSlash"],"picked":"SKIP","floor":5},{"not_picked":["HollowMod:FallenFury","HollowMod:SoulStrike"],"picked":"HollowMod:NewGlowingWomb","floor":6},{"not_picked":["HollowMod:DreamGate","HollowMod:DoubleDash","HollowMod:LifebloodCocoon"],"picked":"SKIP","floor":8},{"not_picked":["HollowMod:HeavyBlow","HollowMod:Weaversong"],"picked":"HollowMod:InfectedCysts","floor":14},{"not_picked":["HollowMod:NewGlowingWomb","HollowMod:ChannelNail"],"picked":"HollowMod:TaintedHusks","floor":14},{"not_picked":["HollowMod:SoulEater","HollowMod:ShapeofUnn"],"picked":"HollowMod:InfectedAttack","floor":14},{"not_picked":["HollowMod:LifebloodCore","HollowMod:LordofShades"],"picked":"HollowMod:NewInfectedGuardian","floor":16},{"not_picked":["HollowMod:NewLittleFool","HollowMod:LifebloodCocoon+1","HollowMod:CycloneSlash+1"],"picked":"SKIP","floor":18},{"not_picked":["HollowMod:DashSlash","HollowMod:CornifersMapStart","HollowMod:InfectedCysts"],"picked":"SKIP","floor":20},{"not_picked":["HollowMod:CloakDash","HollowMod:CycloneSlash","HollowMod:MidwifesHunger"],"picked":"SKIP","floor":22}],"player_experience":434849,"relics_obtained":[{"floor":6,"key":"HollowMod:StagPassRelic"},{"floor":9,"key":"MealTicket"},{"floor":23,"key":"Ring of Peace"}],"event_choices":[],"is_beta":false,"boss_relics":[{"not_picked":["Pandora\u0027s Box","Ring of Chaos"],"picked":"Astrolabe"}],"items_purged_floors":[14,19],"is_endless":false,"potions_floor_spawned":[2,5,16,20],"killed_by":"Hallownest:monsterMisterMushroom","ascension_level":0}}