{"host":"3y2rtlgteqp2nuo3","time":1611573975,"event":{"mods":["2.2 Compatiblity","AchievementEnabler","BaseMod","Colored Map","DeckTracker","Highlight Path","Keyboard Shortcuts","Minty Spire (QoL Compilation)","Permanent Neow","Quick Restart","StSLib","SuperFastMode","everything is the same but u backflip on backflip"],"gold_per_floor":[19,36,36,55,65,65,65,65],"floor_reached":7,"language":"KOR","playtime":189,"items_purged":[],"score":77,"play_id":"c57f1196-64e6-4316-8fb0-9c331cce9014","local_time":"20210125202615","is_ascension_mode":true,"campfire_choices":[{"data":"Deadly Poison","floor":6,"key":"SMITH"}],"circlet_count":0,"master_deck":["AscendersBane","Strike_G","Strike_G","Strike_G","Strike_G","Strike_G","Defend_G","Defend_G","Defend_G","Defend_G","Defend_G","Survivor","Neutralize","Grand Finale","Prepared","Deadly Poison+1","Quick Slash","Acrobatics"],"relics":["Ring of the Snake"],"acts_visited":["Exordium"],"potions_floor_usage":[],"damage_taken":[{"damage":7,"enemies":"Small Slimes","floor":1,"turns":4},{"damage":25,"enemies":"Jaw Worm","floor":2,"turns":7},{"damage":4,"enemies":"Cultist","floor":4,"turns":5},{"damage":10,"enemies":"3 Louse","floor":5,"turns":5},{"damage":27,"enemies":"3 Sentries","floor":7,"turns":5}],"seed_played":"-1053943075118224644","potions_obtained":[{"floor":5,"key":"CultistPotion"}],"is_trial":false,"path_per_floor":["M","M","?","M","M","R","E"],"character_chosen":"THE_SILENT","items_purchased":[],"campfire_rested":0,"item_purchase_floors":[],"current_hp_per_floor":[52,27,49,45,35,35,8,8],"gold":65,"neow_bonus":"THREE_RARE_CARDS","is_daily":false,"chose_seed":false,"campfire_upgraded":1,"win_rate":0.0,"timestamp":1611573975,"path_taken":["M","M","?","M","M","R","E"],"items_purchased_type":[],"build_version":"2020-12-22","purchased_purges":0,"victory":false,"max_hp_per_floor":[66,66,66,66,66,66,66,66],"card_choices":[{"not_picked":["Storm of Steel","Wraith Form v2"],"picked":"Grand Finale","floor":0},{"not_picked":["Poisoned Stab","Deadly Poison"],"picked":"Prepared","floor":1},{"not_picked":["Bouncing Flask","Choke"],"picked":"Deadly Poison","floor":2},{"not_picked":["Glass Knife","Dagger Spray"],"picked":"Quick Slash","floor":4},{"not_picked":["Quick Slash","Backstab"],"picked":"Acrobatics","floor":5}],"player_experience":716506,"relics_obtained":[],"event_choices":[{"damage_healed":22,"gold_gain":0,"player_choice":"Banana","damage_taken":0,"max_hp_gain":0,"max_hp_loss":0,"event_name":"Big Fish","floor":3,"gold_loss":0}],"is_beta":false,"boss_relics":[],"items_purged_floors":[],"is_endless":false,"potions_floor_spawned":[5],"killed_by":"3 Sentries","ascension_level":16}}