{"host":"6q94iy5iz6612v89","time":1611575620,"event":{"mods":["2.2 Compatiblity","AchievementEnabler","BaseMod","Colored Map","DeckTracker","Keyboard Shortcuts","Marisa£¨Ùöéë¡¡Øª×âÞÞ£©","Minty Spire (QoL Compilation)","Permanent Neow","StSLib","SuperFastMode"],"gold_per_floor":[118,118,144,172,97,97,97,126,126,168,168,138,196,239,239,383,383,406,210,244,244,23,82,82,135,135,173,208,208,229,499,499,645,645,676,709,732,732,732],"floor_reached":38,"language":"KOR","playtime":1079,"items_purged":["Strike_MRS","Strike_MRS","Strike_MRS"],"score":665,"play_id":"526cc535-ad67-4b38-9903-d2d43d0acb57","local_time":"20210125205340","is_ascension_mode":true,"campfire_choices":[{"data":"AbsoluteMagnitude","floor":6,"key":"SMITH"},{"data":"GalacticHalo","floor":15,"key":"SMITH"},{"floor":24,"key":"REST"},{"data":"UltimateShortwave","floor":29,"key":"SMITH"},{"floor":32,"key":"REST"}],"circlet_count":0,"master_deck":["Defend_MRS","Defend_MRS+1","Defend_MRS","Defend_MRS","MasterSpark+1","UpSweep","AbsoluteMagnitude+1","WitchOfGreed","GalacticHalo+1","UltimateShortwave+1","EnergyRecoil","SprinkleStarSeal+1"],"relics":["MiniHakkero","The Courier","Strawberry","Golden Idol","Regal Pillow","Sozu","Omamori","TheAbacus","Orichalcum","Torii","Lantern","Nunchaku","Black Star","Oddly Smooth Stone"],"acts_visited":["Exordium","TheCity","TheBeyond"],"potions_floor_usage":[8,10,10,23,27],"damage_taken":[{"damage":1,"enemies":"Cultist","floor":1,"turns":3},{"damage":2,"enemies":"2 Louse","floor":3,"turns":3},{"damage":0,"enemies":"Small Slimes","floor":4,"turns":3},{"damage":0,"enemies":"2 Fungi Beasts","floor":8,"turns":3},{"damage":8,"enemies":"Gremlin Nob","floor":10,"turns":3},{"damage":7,"enemies":"Lagavulin","floor":13,"turns":7},{"damage":9,"enemies":"3 Louse","floor":14,"turns":4},{"damage":1,"enemies":"Hexaghost","floor":16,"turns":8},{"damage":7,"enemies":"Chosen","floor":18,"turns":3},{"damage":9,"enemies":"Shell Parasite","floor":20,"turns":4},{"damage":9,"enemies":"Gremlin Leader","floor":23,"turns":4},{"damage":0,"enemies":"Book of Stabbing","floor":25,"turns":3},{"damage":1,"enemies":"Gremlin Leader","floor":27,"turns":5},{"damage":20,"enemies":"Centurion and Healer","floor":28,"turns":5},{"damage":0,"enemies":"Snake Plant","floor":30,"turns":3},{"damage":9,"enemies":"Automaton","floor":33,"turns":5},{"damage":31,"enemies":"3 Darklings","floor":35,"turns":18},{"damage":14,"enemies":"3 Shapes","floor":36,"turns":7},{"damage":30,"enemies":"Transient","floor":38,"turns":5}],"seed_played":"1359593835908364221","potions_obtained":[{"floor":3,"key":"Explosive Potion"},{"floor":4,"key":"Energy Potion"},{"floor":4,"key":"SteroidPotion"},{"floor":8,"key":"Swift Potion"},{"floor":10,"key":"LiquidMemories"},{"floor":12,"key":"SpeedPotion"},{"floor":13,"key":"Dexterity Potion"}],"is_trial":false,"path_per_floor":["M","?","M","M","$","R","?","M","T","E","?","?","E","M","R","B",null,"M","$","M","?","$","E","R","E","T","E","M","R","M","?","R","B",null,"M","M","T","M"],"character_chosen":"MARISA","items_purchased":["Omamori","TheAbacus"],"campfire_rested":2,"item_purchase_floors":[19,22],"current_hp_per_floor":[67,52,50,50,50,50,38,38,38,37,37,37,30,21,21,20,62,55,55,46,46,46,37,74,74,74,73,53,53,53,26,63,54,71,40,26,26,0,0],"gold":732,"neow_bonus":"ONE_RANDOM_RARE_CARD","is_daily":false,"chose_seed":false,"campfire_upgraded":3,"win_rate":0.0,"timestamp":1611575620,"path_taken":["M","?","M","M","$","R","?","M","T","E","?","?","E","?","R","BOSS","M","$","M","?","$","E","R","E","T","E","M","R","M","?","R","BOSS","M","M","?","M"],"items_purchased_type":["Relic","Relic"],"build_version":"2020-12-22","purchased_purges":3,"victory":false,"max_hp_per_floor":[75,75,75,75,75,75,75,75,75,82,76,76,76,76,76,76,76,76,76,76,76,76,76,76,76,76,76,76,76,76,76,76,76,76,76,76,76,76,76],"card_choices":[{"not_picked":["ShootingEcho","DC"],"picked":"WitchOfGreed","floor":1},{"not_picked":["PowerUp","MysteriousBeam","OneTimeOff"],"picked":"SKIP","floor":3},{"not_picked":["PowerUp","MysteriousBeam","OneTimeOff"],"picked":"SKIP","floor":3},{"not_picked":["PowerUp","Occultation","DoubleSpark"],"picked":"SKIP","floor":4},{"not_picked":["Robbery","StarlightTyphoon"],"picked":"GalacticHalo","floor":8},{"not_picked":["PowerUp","AsteroidBelt","WitchOfGreed"],"picked":"SKIP","floor":10},{"not_picked":["MaximisePower","NonDirectionalLaser","6A"],"picked":"SKIP","floor":13},{"not_picked":["IllusionStar","GravityBeat","FairyDestructionRay"],"picked":"SKIP","floor":14},{"not_picked":["CollectingQuirk","BigCrunch"],"picked":"UltimateShortwave","floor":16},{"not_picked":["LuminesStrike","6A+1","DoubleSpark"],"picked":"SKIP","floor":18},{"not_picked":["MagicAbsorber+1","Orbital"],"picked":"EnergyRecoil","floor":20},{"not_picked":["OpenUniverse","UnstableBomb","ShootingEcho"],"picked":"SKIP","floor":23},{"not_picked":["DoubleSpark","DarkMatter+1"],"picked":"SprinkleStarSeal+1","floor":25},{"not_picked":["AsteroidBelt","GrandCross","RefractionSpark+1"],"picked":"SKIP","floor":27},{"not_picked":["Orbital","AsteroidBelt","OneTimeOff"],"picked":"SKIP","floor":28},{"not_picked":["ManaConvection","DoubleSpark+1","Robbery"],"picked":"SKIP","floor":30},{"not_picked":["AsteroidBelt+1","NonDirectionalLaser+1","LuminesStrike+1"],"picked":"SKIP","floor":35},{"not_picked":["MysteriousBeam+1","NonDirectionalLaser","Robbery"],"picked":"SKIP","floor":36}],"player_experience":1487976,"relics_obtained":[{"floor":10,"key":"Strawberry"},{"floor":13,"key":"Regal Pillow"},{"floor":23,"key":"Orichalcum"},{"floor":25,"key":"Torii"},{"floor":26,"key":"Lantern"},{"floor":27,"key":"Nunchaku"},{"floor":37,"key":"Oddly Smooth Stone"}],"event_choices":[{"damage_healed":0,"gold_gain":0,"player_choice":"Entered Light","damage_taken":15,"max_hp_gain":0,"max_hp_loss":0,"event_name":"Shining Light","floor":2,"gold_loss":0,"cards_upgraded":["Defend_MRS","MasterSpark"]},{"damage_healed":0,"gold_gain":0,"player_choice":"Success","damage_taken":12,"relics_obtained":["The Courier"],"max_hp_gain":0,"max_hp_loss":0,"event_name":"Scrap Ooze","floor":7,"gold_loss":0},{"damage_healed":0,"gold_gain":0,"player_choice":"Lose Max HP","damage_taken":0,"relics_obtained":["Golden Idol"],"max_hp_gain":0,"max_hp_loss":6,"event_name":"Golden Idol","floor":11,"gold_loss":0},{"damage_healed":0,"gold_gain":0,"player_choice":"Bought 2 Potions","damage_taken":0,"max_hp_gain":0,"max_hp_loss":0,"event_name":"The Woman in Blue","floor":12,"gold_loss":0},{"cards_removed":["Strike_MRS"],"damage_healed":0,"gold_gain":0,"player_choice":"Elegance","damage_taken":0,"max_hp_gain":0,"max_hp_loss":0,"event_name":"Back to Basics","floor":21,"gold_loss":0},{"damage_healed":0,"gold_gain":270,"player_choice":"GOLD GOLD GOLD ","damage_taken":27,"max_hp_gain":0,"max_hp_loss":0,"event_name":"Knowing Skull","floor":31,"potions_obtained":[],"gold_loss":0,"cards_obtained":[]}],"is_beta":false,"boss_relics":[{"not_picked":["Calling Bell","RampagingMagicTools"],"picked":"Sozu"},{"not_picked":["SacredBark","Velvet Choker"],"picked":"Black Star"}],"items_purged_floors":[5,19,22],"is_endless":false,"potions_floor_spawned":[4,8,10,13,16,27,28,33,35],"killed_by":"Transient","ascension_level":6}}