{"host":"l84l8xigz5v5foa2","time":1611548190,"event":{"mods":["2.2 Compatiblity","AchievementEnabler","BaseMod","Better Note","Better Vampires","Card Filter","Colored Map","DeckTracker","Gremlin Skip","Highlight Path","Keyboard Shortcuts","Minty Spire (QoL Compilation)","Permanent Neow","Quick Restart","Relic Filter","Relic Stats","Shop Mod","StSLib","SuperFastMode","Transform Curses","Unknown Chances"],"gold_per_floor":[109,109,122,122,135,135,149,174,174,192,192,225,241,53,53,148,148,169,92,7,23,39,39,74,74,74,74,74,117,130,55,55,145,145,166,62,78,93,112,112,150,150,232,232,268,268,73,98,98,98,98,98,22,66,66],"floor_reached":56,"language":"KOR","playtime":3263,"items_purged":["Strike_G","Defend_G"],"score":2395,"play_id":"7ef46e40-dd36-4b13-8804-0bc6ab06c9bd","local_time":"20210125131630","is_ascension_mode":true,"campfire_choices":[{"data":"Blade Dance","floor":6.0,"key":"SMITH"},{"data":"Finisher","floor":11.0,"key":"SMITH"},{"data":"Cloak And Dagger","floor":15.0,"key":"SMITH"},{"data":"Phantasmal Killer","floor":23.0,"key":"SMITH"},{"data":"After Image","floor":25.0,"key":"SMITH"},{"data":"Calculated Gamble","floor":27.0,"key":"SMITH"},{"data":"Well Laid Plans","floor":32.0,"key":"SMITH"},{"data":"Concentrate","floor":40.0,"key":"SMITH"},{"data":"Burst","floor":44.0,"key":"SMITH"},{"data":"Accuracy","floor":46,"key":"SMITH"},{"floor":49,"key":"RECALL"},{"data":"Leg Sweep","floor":52,"key":"SMITH"}],"circlet_count":0,"master_deck":["AscendersBane","Defend_G","Defend_G","Defend_G","Defend_G","Survivor","Neutralize+1","Backstab","Blade Dance+1","Deflect","Acrobatics","Finisher+1","Cloak And Dagger+1","Calculated Gamble+1","Leg Sweep+1","Accuracy+1","Phantasmal Killer+1","Heel Hook+1","Well Laid Plans+1","Infinite Blades","Cloak And Dagger+1","After Image+1","Bite","Bite","Bite","Concentrate+1","Terror","Burst+1","Blur","Noxious Fumes","Acrobatics+1","Backflip","Backflip","Blur","Reflex+1"],"relics":["Ring of the Snake","Golden Idol","CultistMask","InkBottle","Kunai","SlaversCollar","Bottled Lightning","Sundial","Bag of Preparation","SacredBark","Paper Crane","Singing Bowl","Snake Skull"],"acts_visited":["Exordium","TheCity","TheBeyond","TheEnding"],"potions_floor_usage":[50,54],"damage_taken":[{"damage":0.0,"enemies":"Jaw Worm","floor":1.0,"turns":6.0},{"damage":0.0,"enemies":"2 Louse","floor":3.0,"turns":3.0},{"damage":0.0,"enemies":"Cultist","floor":5.0,"turns":3.0},{"damage":0.0,"enemies":"3 Louse","floor":7.0,"turns":3.0},{"damage":0.0,"enemies":"Exordium Wildlife","floor":8.0,"turns":2.0},{"damage":0.0,"enemies":"Blue Slaver","floor":10.0,"turns":5.0},{"damage":5.0,"enemies":"Gremlin Nob","floor":12.0,"turns":3.0},{"damage":0.0,"enemies":"Looter","floor":13.0,"turns":2.0},{"damage":0.0,"enemies":"The Guardian","floor":16.0,"turns":12.0},{"damage":23.0,"enemies":"Chosen","floor":18.0,"turns":8.0},{"damage":4.0,"enemies":"2 Thieves","floor":21.0,"turns":4.0},{"damage":16.0,"enemies":"Snake Plant","floor":22.0,"turns":4.0},{"damage":0.0,"enemies":"Gremlin Leader","floor":24.0,"turns":4.0},{"damage":11.0,"enemies":"Slavers","floor":29.0,"turns":11.0},{"damage":14.0,"enemies":"Centurion and Healer","floor":30.0,"turns":6.0},{"damage":0.0,"enemies":"Champ","floor":33.0,"turns":10.0},{"damage":1.0,"enemies":"3 Shapes","floor":35.0,"turns":8.0},{"damage":5.0,"enemies":"Orb Walker","floor":37.0,"turns":4.0},{"damage":3.0,"enemies":"Jaw Worm Horde","floor":38.0,"turns":6.0},{"damage":0.0,"enemies":"Spire Growth","floor":39.0,"turns":8.0},{"damage":28.0,"enemies":"Reptomancer","floor":41.0,"turns":4.0},{"damage":0.0,"enemies":"Giant Head","floor":45.0,"turns":5.0},{"damage":1,"enemies":"Writhing Mass","floor":48,"turns":6},{"damage":0,"enemies":"Donu and Deca","floor":50,"turns":7},{"damage":16,"enemies":"Shield and Spear","floor":54,"turns":12},{"damage":0,"enemies":"The Heart","floor":55,"turns":11}],"seed_played":"-7421154373683989855","potions_obtained":[{"floor":3.0,"key":"ColorlessPotion"},{"floor":7.0,"key":"DistilledChaos"},{"floor":10.0,"key":"EssenceOfSteel"},{"floor":12.0,"key":"BlessingOfTheForge"},{"floor":21.0,"key":"PowerPotion"},{"floor":29.0,"key":"BlessingOfTheForge"},{"floor":33.0,"key":"SteroidPotion"},{"floor":41.0,"key":"Swift Potion"},{"floor":45,"key":"FairyPotion"},{"floor":54,"key":"Block Potion"}],"is_trial":false,"path_per_floor":["M","?","M","?","M","R","M","M","T","M","R","E","M","$","R","B",null,"M","$","?","M","M","R","E","R","T","R","?","E","M","?","R","B",null,"M","$","M","M","M","R","E","?","T","R","E","R","$","M","R","B",null,"R","$","E","B",null],"character_chosen":"THE_SILENT","items_purchased":["Leg Sweep","Accuracy","Well Laid Plans","Blur","Noxious Fumes","Backflip","Blur","EssenceOfSteel"],"campfire_rested":0,"item_purchase_floors":[14,14,19,36,36,47,47,53],"current_hp_per_floor":[59,59,59,59,59,59,59,59,59,59,59,54,54,54,54,54,59,36,36,36,34,20,20,22,22,22,22,22,33,31,31,31,48,57,58,58,57,60,60,60,40,40,40,40,42,42,42,43,43,45,58,58,58,56,62],"gold":66,"neow_bonus":"UPGRADE_CARD","is_daily":false,"chose_seed":false,"campfire_upgraded":11,"win_rate":0.0,"timestamp":1611548190,"path_taken":["M","?","M","?","M","R","M","M","T","M","R","E","M","$","R","BOSS","M","?","?","M","M","R","E","R","T","R","?","E","?","?","R","BOSS","M","$","M","M","M","R","E","?","T","R","E","R","$","M","R","BOSS","R","$","E","BOSS"],"items_purchased_type":["Card","Card","Card","Card","Card","Card","Card","Potion"],"build_version":"2020-12-22","purchased_purges":2,"victory":true,"max_hp_per_floor":[66,60,60,60,60,60,60,60,60,60,60,60,60,60,60,60,60,60,60,60,60,60,60,60,60,60,60,60,60,60,60,60,60,60,60,60,60,60,60,60,60,60,60,60,60,60,60,62,62,62,62,62,62,62,62],"relic_stats":{"Singing Bowl":2,"counters":[26,157],"Golden Idol":185,"Sundial":[20],"Snake Skull":[7],"Bag of Preparation":[24],"Kunai":[105],"obtain_stats":[{"Singing Bowl":45,"Golden Idol":2,"SacredBark":34,"Snake Skull":54,"Bag of Preparation":29,"Paper Crane":41,"Blood Vial":20,"SlaversCollar":17,"Sundial":26,"CultistMask":4,"Kunai":12,"Bottled Lightning":24,"InkBottle":9,"Ring of the Snake":0},{"Singing Bowl":22,"Golden Idol":1,"SacredBark":16,"Snake Skull":25,"Bag of Preparation":14,"Paper Crane":21,"Blood Vial":10,"SlaversCollar":9,"Sundial":13,"CultistMask":2,"Kunai":7,"Bottled Lightning":13,"InkBottle":5,"Ring of the Snake":0},{"Singing Bowl":121,"Golden Idol":6,"SacredBark":86,"Snake Skull":146,"Bag of Preparation":70,"Paper Crane":116,"Blood Vial":47,"SlaversCollar":39,"Sundial":59,"CultistMask":9,"Kunai":25,"Bottled Lightning":59,"InkBottle":17,"Ring of the Snake":0}],"InkBottle":[98],"Ring of the Snake":[52]},"card_choices":[{"not_picked":["Backflip","Masterful Stab"],"picked":"Backstab","floor":1.0},{"not_picked":["Blur","Caltrops"],"picked":"Blade Dance","floor":3.0},{"not_picked":["Concentrate","Masterful Stab","Eviscerate"],"picked":"SKIP","floor":5.0},{"not_picked":["Acrobatics","Infinite Blades"],"picked":"Deflect","floor":7.0},{"not_picked":["All Out Attack","Calculated Gamble"],"picked":"Acrobatics","floor":8.0},{"not_picked":["Flying Knee","Predator"],"picked":"Finisher","floor":10.0},{"not_picked":["Outmaneuver","Sucker Punch"],"picked":"Cloak And Dagger","floor":12.0},{"not_picked":["Choke","Finisher"],"picked":"Calculated Gamble","floor":13.0},{"not_picked":["Malaise","Die Die Die"],"picked":"Phantasmal Killer","floor":16.0},{"not_picked":["Dagger Spray","Skewer"],"picked":"Heel Hook+1","floor":18.0},{"not_picked":["Skewer","Outmaneuver"],"picked":"Infinite Blades","floor":21.0},{"not_picked":["Choke","Sucker Punch"],"picked":"Cloak And Dagger+1","floor":22.0},{"not_picked":["Infinite Blades+1","Cloak And Dagger"],"picked":"After Image","floor":24.0},{"not_picked":["Well Laid Plans","Sucker Punch"],"picked":"Concentrate","floor":29.0},{"not_picked":["Poisoned Stab","Deadly Poison"],"picked":"Terror","floor":30.0},{"not_picked":["Night Terror","Wraith Form v2"],"picked":"Burst","floor":33.0},{"not_picked":["Finisher","Flying Knee","Dagger Throw"],"picked":"SKIP","floor":35.0},{"not_picked":["Distraction","Calculated Gamble","Dodge and Roll"],"picked":"SKIP","floor":37.0},{"not_picked":["Eviscerate","Poisoned Stab+1"],"picked":"Acrobatics+1","floor":38.0},{"not_picked":["PiercingWail","Terror+1","Flechettes"],"picked":"SKIP","floor":39.0},{"not_picked":["Doppelganger","Prepared","Dagger Throw"],"picked":"SKIP","floor":41.0},{"not_picked":["Well Laid Plans+1","Dash"],"picked":"Backflip","floor":45},{"not_picked":["Catalyst","Slice","Well Laid Plans"],"picked":"Singing Bowl","floor":48},{"not_picked":["Expertise","Flying Knee"],"picked":"Reflex+1","floor":54}],"player_experience":1428175,"relics_obtained":[{"floor":9.0,"key":"InkBottle"},{"floor":12.0,"key":"Kunai"},{"floor":24.0,"key":"Bottled Lightning"},{"floor":26.0,"key":"Sundial"},{"floor":29.0,"key":"Bag of Preparation"},{"floor":41.0,"key":"Paper Crane"},{"floor":45,"key":"Singing Bowl"},{"floor":54,"key":"Snake Skull"}],"event_choices":[{"damage_healed":0.0,"max_hp_gain":0.0,"max_hp_loss":6.0,"gold_gain":0.0,"event_name":"Golden Idol","player_choice":"Lose Max HP","floor":2.0,"gold_loss":0.0,"damage_taken":0.0,"relics_obtained":["Golden Idol"]},{"damage_healed":0.0,"max_hp_gain":0.0,"max_hp_loss":0.0,"gold_gain":0.0,"event_name":"FaceTrader","player_choice":"Trade","floor":4.0,"gold_loss":0.0,"damage_taken":0.0,"relics_obtained":["CultistMask"]},{"damage_healed":0.0,"max_hp_gain":0.0,"max_hp_loss":0.0,"gold_gain":0.0,"event_name":"Addict","player_choice":"Obtained Relic","floor":20.0,"gold_loss":85.0,"damage_taken":0.0,"relics_obtained":["Blood Vial"]},{"damage_healed":0.0,"max_hp_gain":0.0,"max_hp_loss":0.0,"gold_gain":0.0,"event_name":"Vampires","player_choice":"Became a vampire (Vial)","floor":28.0,"relics_lost":["Blood Vial"],"gold_loss":0.0,"damage_taken":0.0,"cards_obtained":["Bite","Bite","Bite","Bite"]},{"cards_removed":["Bite"],"damage_healed":0.0,"max_hp_gain":0.0,"max_hp_loss":0.0,"gold_gain":0.0,"event_name":"Beggar","player_choice":"Gave Gold","floor":31.0,"gold_loss":75.0,"damage_taken":0.0},{"damage_healed":0.0,"max_hp_gain":0.0,"max_hp_loss":0.0,"gold_gain":0.0,"event_name":"Mysterious Sphere","player_choice":"Ignored","floor":42.0,"gold_loss":0.0,"damage_taken":0.0}],"is_beta":false,"boss_relics":[{"not_picked":["Ring of the Serpent","Cursed Key"],"picked":"SlaversCollar"},{"not_picked":["Velvet Choker","Empty Cage"],"picked":"SacredBark"}],"items_purged_floors":[14,47],"is_endless":false,"potions_floor_spawned":[3,7,10,12,21,29,33,37,41,45,48,54],"ascension_level":15}}