{"host":"pesfwaef25r60kxm","time":1611598926,"event":{"mods":["Ascension Reborn","BaseMod","Challenge The Spire","Colored Powertips","Hunter 猎人","KomeijiMod","Minty Spire (QoL Compilation)","Prisma Mod","Quick Restart","Replay The Spire","RumiaBox-露米娅的神秘盒子","Shop Mod","StSLib","Td1madao Mod","The Bladedancer","The Construct","The Cursed","The Hierophant","The IronCluck","The Poker Player","[IsaacMod]以撒尖塔"],"gold_per_floor":[115,133,146,163,53,53,128,128,128,128,155,168,168,68,68,68,68],"floor_reached":16,"language":"ZHS","playtime":387,"items_purged":["TheCursedMod:Defend_TheCursed","TheCursedMod:Strike_TheCursed"],"score":100,"play_id":"35d054c1-5ad9-49c6-833f-7e4f6c95b9a7","local_time":"20210126022206","is_ascension_mode":true,"campfire_choices":[{"data":"TheCursedMod:StingEye","floor":6,"key":"SMITH"},{"data":"TheCursedMod:Torture","floor":8,"key":"SMITH"},{"floor":15,"key":"REST"}],"circlet_count":0,"master_deck":["TheCursedMod:Strike_TheCursed","TheCursedMod:Strike_TheCursed","TheCursedMod:Strike_TheCursed","TheCursedMod:Defend_TheCursed","TheCursedMod:Defend_TheCursed","TheCursedMod:CursedWand","TheCursedMod:CleanUpWorkshop","TheCursedMod:Dregs","TheCursedMod:Torture+1","TheCursedMod:StingEye+1","Regret"],"relics":["TheCursedMod:BlackMagic101","HushsDoor","BookOfRevelations","NeowsBlessing","AddBug","SecretRecord","SecretRecord"],"acts_visited":["Exordium"],"potions_floor_usage":[16,16,16],"damage_taken":[{"damage":0,"enemies":"Jaw Worm","floor":1,"turns":1},{"damage":0,"enemies":"Small Slimes","floor":2,"turns":1},{"damage":0,"enemies":"2 Louse","floor":3,"turns":1},{"damage":1,"enemies":"2 Fungi Beasts","floor":4,"turns":5},{"damage":20,"enemies":"Replay:BlueRogue","floor":11,"turns":6},{"damage":3,"enemies":"3 Louse","floor":12,"turns":4},{"damage":152,"enemies":"Hexaghost","floor":16,"turns":3}],"seed_played":"-6563449923075665224","potions_obtained":[{"floor":4,"key":"Reflective Coating"},{"floor":12,"key":"EntropicBrew"}],"is_trial":false,"path_per_floor":["M","M","M","M","$","R","?","R","T","?","E","M","?","$","R","B"],"character_chosen":"THE_CURSED","items_purchased":["TheCursedMod:StingEye"],"campfire_rested":1,"item_purchase_floors":[5],"current_hp_per_floor":[75,75,75,74,74,74,63,63,63,63,43,40,40,40,62,0,0],"gold":68,"neow_bonus":"THREE_ENEMY_KILL","is_daily":false,"chose_seed":false,"campfire_upgraded":2,"win_rate":0.0,"timestamp":1611598926,"path_taken":["M","M","M","M","$","R","?","R","T","?","E","?","?","?","R","BOSS"],"items_purchased_type":["Card"],"build_version":"2020-12-22","purchased_purges":2,"victory":false,"max_hp_per_floor":[75,75,75,75,75,75,75,75,75,75,75,75,75,75,75,75,75],"card_choices":[{"not_picked":["TheCursedMod:TroublousMinions","TheCursedMod:Torture","TheCursedMod:WearCloak"],"picked":"SKIP","floor":1},{"not_picked":["TheCursedMod:SpitefulStrike","TheCursedMod:TacticalStrike","TheCursedMod:CursedMace"],"picked":"SKIP","floor":2},{"not_picked":["TheCursedMod:SpitefulPlan","TheCursedMod:CursedAmulet"],"picked":"TheCursedMod:Torture","floor":3},{"not_picked":["TheCursedMod:HellfireBreathing","TheCursedMod:RapidMovement","TheCursedMod:CursedMace"],"picked":"SKIP","floor":4},{"not_picked":["TheCursedMod:RavingStaff","TheCursedMod:CursedAmulet","TheCursedMod:PrepareRite"],"picked":"SKIP","floor":11},{"not_picked":["TheCursedMod:RapidMovement","TheCursedMod:BloodBarrier","TheCursedMod:DemonicPact"],"picked":"SKIP","floor":12}],"player_experience":159370,"relics_obtained":[{"floor":1,"key":"AddBug"},{"floor":11,"key":"SecretRecord"},{"floor":11,"key":"Mercury Hourglass"}],"event_choices":[{"damage_healed":0,"gold_gain":75,"player_choice":"Gather Gold","damage_taken":11,"max_hp_gain":0,"max_hp_loss":0,"event_name":"World of Goop","floor":7,"gold_loss":0},{"damage_healed":0,"gold_gain":0,"player_choice":"Box","damage_taken":0,"relics_obtained":["Pet Ghost"],"max_hp_gain":0,"max_hp_loss":0,"event_name":"Big Fish","floor":10,"gold_loss":0,"cards_obtained":["Regret"]}],"is_beta":false,"boss_relics":[],"items_purged_floors":[5,14],"is_endless":false,"potions_floor_spawned":[4,12],"killed_by":"Hexaghost","ascension_level":0}}