{"host":"0kk91h4bq4kgfj0u","time":1611537528,"event":{"mods":["BaseMod","Minty Spire (QoL Compilation)","StSLib"],"gold_per_floor":[116,136,136,155,230,230,63,97,120,131,131,159,4,79,79,176,176,195,213,128,138,138,153,153,180,180,180,27,27,38,58,58,58,58],"floor_reached":33,"language":"ENG","playtime":1081,"items_purged":[],"score":344,"play_id":"a06ee25f-b0c0-4425-b5b5-cb438111473a","local_time":"20210124201848","is_ascension_mode":true,"campfire_choices":[{"floor":6.0,"key":"REST"},{"floor":11.0,"key":"REST"},{"floor":15.0,"key":"REST"},{"floor":24.0,"key":"REST"},{"floor":27.0,"key":"REST"},{"floor":29.0,"key":"REST"},{"data":"Envenom","floor":32,"key":"SMITH"}],"circlet_count":0,"master_deck":["Strike_G+1","Strike_G","Strike_G","Strike_G","Strike_G","Defend_G","Defend_G","Defend_G","Defend_G","Defend_G","Survivor","Neutralize","Cloak And Dagger","Dagger Spray+1","Backflip","Panache","Deadly Poison","Underhanded Strike","Die Die Die","Blur","Slice+1","Deflect+1","Envenom+1","Flying Knee+1","Accuracy+1","A Thousand Cuts","Quick Slash+1"],"relics":["Ring of the Snake","Potion Belt","Ancient Tea Set","Thread and Needle","Bag of Marbles","HoveringKite","Molten Egg 2","Meat on the Bone","WingedGreaves","Strawberry"],"acts_visited":["Exordium","TheCity"],"potions_floor_usage":[31,33,33],"damage_taken":[{"damage":1.0,"enemies":"2 Louse","floor":1.0,"turns":4.0},{"damage":0.0,"enemies":"Jaw Worm","floor":2.0,"turns":3.0},{"damage":1.0,"enemies":"Small Slimes","floor":4.0,"turns":4.0},{"damage":36.0,"enemies":"Gremlin Nob","floor":8.0,"turns":5.0},{"damage":3.0,"enemies":"Blue Slaver","floor":10.0,"turns":3.0},{"damage":16.0,"enemies":"Lagavulin","floor":12.0,"turns":5.0},{"damage":23.0,"enemies":"The Guardian","floor":16.0,"turns":10.0},{"damage":2.0,"enemies":"3 Byrds","floor":18.0,"turns":3.0},{"damage":3.0,"enemies":"Shell Parasite","floor":19.0,"turns":6.0},{"damage":19.0,"enemies":"Snecko","floor":21.0,"turns":6.0},{"damage":28.0,"enemies":"Snake Plant","floor":23.0,"turns":5.0},{"damage":56.0,"enemies":"Gremlin Leader","floor":25.0,"turns":8.0},{"damage":10.0,"enemies":"Centurion and Healer","floor":30.0,"turns":8.0},{"damage":2,"enemies":"3 Cultists","floor":31,"turns":3},{"damage":57,"enemies":"Champ","floor":33,"turns":10}],"seed_played":"6462536091635998488","potions_obtained":[{"floor":0.0,"key":"Fire Potion"},{"floor":0.0,"key":"EntropicBrew"},{"floor":0.0,"key":"Ancient Potion"},{"floor":2.0,"key":"AttackPotion"},{"floor":12.0,"key":"LiquidMemories"},{"floor":16.0,"key":"Energy Potion"},{"floor":25.0,"key":"Energy Potion"},{"floor":31,"key":"Ancient Potion"}],"is_trial":false,"path_per_floor":["M","M","?","M","?","R","$","E","T","M","R","E","$","?","R","B",null,"M","M","?","M","?","M","R","E","T","R","$","R","M","M","R","B"],"character_chosen":"THE_SILENT","items_purchased":["Panache","Bag of Marbles","Strawberry"],"campfire_rested":6,"item_purchase_floors":[7,13,28],"current_hp_per_floor":[69,69,55,54,43,64,64,28,28,25,46,30,30,30,51,28,60,58,55,55,36,36,8,29,14,14,35,42,65,55,53,53,0,0],"gold":58,"neow_bonus":"THREE_SMALL_POTIONS","is_daily":false,"chose_seed":false,"campfire_upgraded":1,"win_rate":0.0,"timestamp":1611537528,"path_taken":["M","M","?","M","?","R","?","E","T","M","R","E","$","?","R","BOSS","M","M","?","M","?","M","R","E","T","R","$","R","M","?","R","BOSS"],"items_purchased_type":["Card","Relic","Relic"],"build_version":"2020-12-22","purchased_purges":0,"victory":false,"max_hp_per_floor":[70,70,70,70,70,70,70,70,70,70,70,70,70,70,70,70,70,70,70,70,70,70,70,70,70,70,70,77,77,77,77,77,77,77],"card_choices":[{"not_picked":["Skewer","Underhanded Strike"],"picked":"Cloak And Dagger","floor":1.0},{"not_picked":["Acrobatics","Dodge and Roll"],"picked":"Dagger Spray","floor":2.0},{"not_picked":["Slice","Dagger Spray"],"picked":"Backflip","floor":4.0},{"not_picked":["Outmaneuver","Prepared"],"picked":"Deadly Poison","floor":8.0},{"not_picked":["Acrobatics","PiercingWail"],"picked":"Deadly Poison","floor":10.0},{"not_picked":["Grand Finale","PiercingWail"],"picked":"Underhanded Strike","floor":12.0},{"not_picked":["Phantasmal Killer","Glass Knife"],"picked":"Die Die Die","floor":16.0},{"not_picked":["Underhanded Strike","Flechettes"],"picked":"Blur","floor":18.0},{"not_picked":["Flying Knee","Deadly Poison"],"picked":"Slice+1","floor":19.0},{"not_picked":["Deadly Poison","PiercingWail"],"picked":"Deflect+1","floor":21.0},{"not_picked":["Setup","Dagger Spray+1"],"picked":"Flying Knee+1","floor":23.0},{"not_picked":["Sucker Punch+1","Deflect"],"picked":"Accuracy+1","floor":25.0},{"not_picked":["Dagger Spray+1","Calculated Gamble+1"],"picked":"A Thousand Cuts","floor":30.0},{"not_picked":["Slice+1","Flying Knee+1"],"picked":"Quick Slash+1","floor":31}],"player_experience":805603,"relics_obtained":[{"floor":8.0,"key":"Potion Belt"},{"floor":9.0,"key":"Ancient Tea Set"},{"floor":12.0,"key":"Thread and Needle"},{"floor":25.0,"key":"Meat on the Bone"},{"floor":26.0,"key":"WingedGreaves"}],"event_choices":[{"damage_healed":0.0,"max_hp_gain":0.0,"max_hp_loss":0.0,"gold_gain":0.0,"event_name":"Shining Light","player_choice":"Entered Light","floor":3.0,"gold_loss":0.0,"damage_taken":14.0,"cards_upgraded":["Dagger Spray","Strike_G"]},{"damage_healed":0.0,"max_hp_gain":0.0,"max_hp_loss":0.0,"gold_gain":75.0,"event_name":"World of Goop","player_choice":"Gather Gold","floor":5.0,"gold_loss":0.0,"damage_taken":11.0},{"damage_healed":0.0,"max_hp_gain":0.0,"max_hp_loss":0.0,"gold_gain":75.0,"event_name":"Golden Wing","player_choice":"Gained Gold","floor":14.0,"gold_loss":0.0,"damage_taken":0.0},{"damage_healed":0.0,"max_hp_gain":0.0,"max_hp_loss":0.0,"gold_gain":0.0,"event_name":"Addict","player_choice":"Obtained Relic","floor":20.0,"gold_loss":85.0,"damage_taken":0.0,"relics_obtained":["Molten Egg 2"]},{"damage_healed":0.0,"max_hp_gain":0.0,"max_hp_loss":0.0,"gold_gain":0.0,"cards_transformed":["Deadly Poison"],"event_name":"Transmorgrifier","player_choice":"Transformed","floor":22.0,"gold_loss":0.0,"damage_taken":0.0,"cards_obtained":["Envenom"]}],"is_beta":false,"boss_relics":[{"not_picked":["Snecko Eye","Velvet Choker"],"picked":"HoveringKite"}],"items_purged_floors":[],"is_endless":false,"potions_floor_spawned":[2,12,16,19,25,31],"killed_by":"Champ","ascension_level":5}}