{"host":"d7fiu2yjkssjxoz6","time":1611611087,"event":{"mods":["AchievementEnabler","BaseMod","Duelist Mod","Minty Spire (QoL Compilation)","StSLib"],"gold_per_floor":[137,149,161,171,187,187,214,229,229,244,244,244],"floor_reached":11,"language":"ENG","playtime":761,"items_purged":[],"score":122,"play_id":"79e8d6ab-240f-4f9f-b4b0-69af6492892c","local_time":"20210125134447","is_ascension_mode":true,"campfire_choices":[{"data":"theDuelist:VioletCrystal","floor":6,"key":"SMITH"}],"circlet_count":0,"master_deck":["theDuelist:AngelTrumpeter","AscendersBane","theDuelist:CactusBouncer","theDuelist:CastleWalls","theDuelist:CastleWalls","theDuelist:DarkworldThorns","theDuelist:Inmato","theDuelist:JerryBeansMan","theDuelist:JerryBeansMan","theDuelist:Sparks","theDuelist:Sparks","theDuelist:Inmato","theDuelist:BlackRoseDragon+1","theDuelist:VioletCrystal+1","theDuelist:SuperSolarNutrient","theDuelist:GracefulCharity","theDuelist:WormApocalypse","theDuelist:LonefireBlossom","theDuelist:PotDichotomy","theDuelist:BlockGolem+1"],"relics":["theDuelist:MillenniumPuzzle","theDuelist:CardPoolRelic","theDuelist:CardPoolBasicRelic","theDuelist:BoosterPackPoolRelic","theDuelist:CardPoolAddRelic","theDuelist:CardPoolMinusRelic","theDuelist:CardPoolSaveRelic","theDuelist:CardPoolOptionsRelic","Lantern","theDuelist:BoosterPackMonsterEgg"],"acts_visited":["Exordium"],"potions_floor_usage":[4],"damage_taken":[{"damage":0,"enemies":"Small Slimes","floor":1,"turns":3},{"damage":0,"enemies":"Jaw Worm","floor":2,"turns":3},{"damage":0,"enemies":"Cultist","floor":3,"turns":3},{"damage":11,"enemies":"Exordium Thugs","floor":4,"turns":4},{"damage":8,"enemies":"Looter","floor":5,"turns":3},{"damage":26,"enemies":"Lagavulin","floor":7,"turns":5},{"damage":10,"enemies":"Red Slaver","floor":8,"turns":2},{"damage":5,"enemies":"2 Fungi Beasts","floor":10,"turns":3},{"damage":12,"enemies":"3 Sentries","floor":11,"turns":3}],"seed_played":"-3080467575771619166","potions_obtained":[{"floor":1,"key":"Fire Potion"},{"floor":3,"key":"theDuelist:StunPotion"},{"floor":7,"key":"theDuelist:BigOrbBottle"}],"is_trial":false,"path_per_floor":["M","M","M","M","M","R","E","M","T","M","E"],"character_chosen":"THE_DUELIST","items_purchased":[],"campfire_rested":0,"item_purchase_floors":[],"current_hp_per_floor":[72,72,72,61,53,53,27,17,17,12,0,0],"gold":244,"neow_bonus":"THREE_CARDS","is_daily":false,"chose_seed":false,"campfire_upgraded":1,"win_rate":0.0,"timestamp":1611611087,"path_taken":["M","M","M","M","M","R","E","M","T","M","E"],"items_purchased_type":[],"build_version":"2020-12-22","purchased_purges":0,"victory":false,"max_hp_per_floor":[80,80,80,80,80,80,80,80,80,80,80,80],"card_choices":[{"not_picked":["theDuelist:ThornMalice","theDuelist:Spore"],"picked":"theDuelist:Inmato","floor":0},{"not_picked":["theDuelist:PredaplantDrosophyllum+1","theDuelist:TwilightRoseKnight+1"],"picked":"theDuelist:BlackRoseDragon+1","floor":1},{"not_picked":["theDuelist:SplendidRose","theDuelist:BloomingDarkestRose","theDuelist:WorldTree"],"picked":"theDuelist:VioletCrystal","floor":2},{"not_picked":["theDuelist:BotanicalLion","theDuelist:Inmato","theDuelist:CactusBouncer","theDuelist:BottomlessTrapHole"],"picked":"theDuelist:SuperSolarNutrient","floor":3},{"not_picked":["theDuelist:JerryBeansMan","theDuelist:CactusBouncer","theDuelist:SilverApples","theDuelist:LonefireBlossom"],"picked":"theDuelist:GracefulCharity","floor":4},{"not_picked":["theDuelist:JerryBeansMan","theDuelist:BotanicalLion","theDuelist:Invigoration","theDuelist:LordPoison"],"picked":"theDuelist:WormApocalypse","floor":5},{"not_picked":["theDuelist:JerryBeansMan","theDuelist:CactusBouncer","theDuelist:DarkworldThorns","theDuelist:Mudora"],"picked":"theDuelist:LonefireBlossom","floor":7},{"not_picked":["theDuelist:BattleOx","theDuelist:BlackPendant","theDuelist:GilfordLegend","theDuelist:PreventRat"],"picked":"theDuelist:PotDichotomy","floor":8},{"not_picked":["theDuelist:WingedKuriboh+1","theDuelist:GauntletWarrior+1","theDuelist:DianKeto","theDuelist:AttackTheMoon"],"picked":"theDuelist:BlockGolem+1","floor":10}],"player_experience":288910,"relics_obtained":[{"floor":7,"key":"Lantern"},{"floor":9,"key":"theDuelist:BoosterPackMonsterEgg"}],"event_choices":[],"is_beta":false,"boss_relics":[],"items_purged_floors":[],"is_endless":false,"potions_floor_spawned":[1,3,7],"killed_by":"3 Sentries","ascension_level":11}}