{"host":"dtvgc7uk609653br","time":1611602263,"event":{"mods":["BaseMod","Minty Spire (QoL Compilation)","StSLib"],"gold_per_floor":[119,67,77,77,77,104,104,119,119,151,166,192,203,128,128,231,281,293,312,332,76,76,76,76,76,76,93,126,137,137,137,137,236,236,251,251,251,251,265,265,281,300,300,400,400,431,431,442,442,442],"floor_reached":51,"language":"ENG","playtime":1815,"items_purged":["Strike_G","Strike_G"],"score":715,"play_id":"616dadbb-9cbf-4e3c-8067-48d1881f7b5d","local_time":"20210125141743","is_ascension_mode":false,"campfire_choices":[{"floor":7.0,"key":"REST"},{"floor":15.0,"key":"REST"},{"floor":23,"key":"REST"},{"data":"Finisher","floor":25,"key":"SMITH"},{"data":"Cloak And Dagger","floor":32,"key":"SMITH"},{"data":"Secret Weapon","floor":40,"key":"SMITH"},{"data":"Blade Dance","floor":47,"key":"SMITH"},{"data":"Dagger Spray","floor":49,"key":"SMITH"}],"circlet_count":0,"master_deck":["Strike_G","Strike_G+1","Strike_G","Defend_G+1","Defend_G","Defend_G+1","Defend_G","Survivor","Neutralize","Storm of Steel+1","Backflip","Cloak And Dagger+1","Blade Dance+1","Dagger Spray+1","Escape Plan","Finisher+1","Blade Dance+1","Backstab+1","Cloak And Dagger+1","Venomology","Secret Weapon+1","Accuracy+1"],"relics":["Ring of the Snake","Akabeko","Question Card","Orichalcum","Juzu Bracelet","Tiny House","Regal Pillow","MutagenicStrength","Kunai","War Paint","Sozu","Ice Cream","Blue Candle"],"acts_visited":["Exordium","TheCity","TheBeyond"],"potions_floor_usage":[28,33,50,50],"damage_taken":[{"damage":0.0,"enemies":"Cultist","floor":1.0,"turns":3.0},{"damage":1.0,"enemies":"Jaw Worm","floor":3.0,"turns":4.0},{"damage":16.0,"enemies":"3 Sentries","floor":6.0,"turns":7.0},{"damage":0.0,"enemies":"Small Slimes","floor":8.0,"turns":2.0},{"damage":10.0,"enemies":"Gremlin Nob","floor":10.0,"turns":3.0},{"damage":10.0,"enemies":"Exordium Thugs","floor":11.0,"turns":4.0},{"damage":22.0,"enemies":"Lagavulin","floor":12.0,"turns":5.0},{"damage":0.0,"enemies":"3 Louse","floor":13.0,"turns":2.0},{"damage":34.0,"enemies":"The Guardian","floor":16.0,"turns":19.0},{"damage":9.0,"enemies":"Spheric Guardian","floor":18.0,"turns":4.0},{"damage":2,"enemies":"2 Thieves","floor":19,"turns":2},{"damage":21,"enemies":"Cultist and Chosen","floor":20,"turns":6},{"damage":0,"enemies":"3 Cultists","floor":27,"turns":3},{"damage":1,"enemies":"Gremlin Leader","floor":28,"turns":4},{"damage":0,"enemies":"Snecko","floor":29,"turns":4},{"damage":16,"enemies":"Automaton","floor":33,"turns":15},{"damage":0,"enemies":"3 Darklings","floor":35,"turns":8},{"damage":0,"enemies":"Orb Walker","floor":39,"turns":1},{"damage":0,"enemies":"Sphere and 2 Shapes","floor":41,"turns":2},{"damage":0,"enemies":"Jaw Worm Horde","floor":42,"turns":1},{"damage":5,"enemies":"Giant Head","floor":46,"turns":8},{"damage":0,"enemies":"Maw","floor":48,"turns":6},{"damage":57,"enemies":"Donu and Deca","floor":50,"turns":10}],"seed_played":"6099810808075487248","potions_obtained":[{"floor":3.0,"key":"Energy Potion"},{"floor":6.0,"key":"Swift Potion"},{"floor":12.0,"key":"LiquidBronze"},{"floor":13.0,"key":"DuplicationPotion"},{"floor":16.0,"key":"FearPotion"},{"floor":17.0,"key":"SpeedPotion"},{"floor":20,"key":"EntropicBrew"},{"floor":27,"key":"AttackPotion"},{"floor":28,"key":"EssenceOfSteel"}],"is_trial":false,"path_per_floor":["M","$","M","?","?","E","R","M","T","E","M","E","M","$","R","B",null,"M","M","M","$","?","R","?","R","T","M","E","M","?","$","R","B",null,"M","?","?","$","M","R","M","M","T","?","?","E","R","M","R","B",null],"character_chosen":"THE_SILENT","items_purchased":["Cloak And Dagger","Regal Pillow"],"campfire_rested":3,"item_purchase_floors":[2,21],"current_hp_per_floor":[70,70,69,55,55,39,60,60,60,50,40,18,18,18,39,5,75,66,64,43,43,43,75,75,75,75,75,74,74,68,68,68,52,75,75,75,75,75,75,75,75,75,75,75,75,70,70,70,70,13],"gold":442,"neow_bonus":"ONE_RANDOM_RARE_CARD","is_daily":false,"chose_seed":false,"campfire_upgraded":5,"win_rate":0.0,"timestamp":1611602263,"path_taken":["M","$","?","?","?","E","R","?","T","E","M","E","M","$","R","BOSS","M","M","M","$","?","R","?","R","T","M","E","M","?","$","R","BOSS","M","?","?","$","M","R","M","M","T","?","?","E","R","M","R","BOSS"],"items_purchased_type":["Card","Relic"],"build_version":"2020-12-22","purchased_purges":2,"victory":true,"max_hp_per_floor":[70,70,70,70,70,70,70,70,70,70,70,70,70,70,70,70,75,75,75,75,75,75,75,75,75,75,75,75,75,75,75,75,75,75,75,75,75,75,75,75,75,75,75,75,75,75,75,75,75,75],"card_choices":[{"not_picked":["Quick Slash","Dagger Spray"],"picked":"Backflip","floor":1.0},{"not_picked":["Reflex","Cloak And Dagger"],"picked":"Blade Dance","floor":3.0},{"not_picked":["Endless Agony","Deflect","Escape Plan"],"picked":"SKIP","floor":6.0},{"not_picked":["Skewer","Dodge and Roll","Terror"],"picked":"SKIP","floor":8.0},{"not_picked":["Underhanded Strike","Deadly Poison","Unload","Dagger Spray"],"picked":"SKIP","floor":10.0},{"not_picked":["Concentrate","Calculated Gamble","Well Laid Plans"],"picked":"Escape Plan","floor":11.0},{"not_picked":["Prepared","Reflex","Masterful Stab","Setup"],"picked":"SKIP","floor":12.0},{"not_picked":["Sucker Punch","Prepared","Footwork"],"picked":"Finisher","floor":13.0},{"not_picked":["PiercingWail","Dagger Spray","Acrobatics"],"picked":"Blade Dance","floor":17.0},{"not_picked":["Dagger Spray","Escape Plan+1","Deflect"],"picked":"Backstab+1","floor":18.0},{"not_picked":["Riddle With Holes","Bane","Calculated Gamble"],"picked":"Cloak And Dagger+1","floor":19},{"not_picked":["Malaise","PiercingWail","Infinite Blades","Tactician"],"picked":"SKIP","floor":20},{"not_picked":["PiercingWail","Escape Plan","Deflect","Underhanded Strike+1"],"picked":"SKIP","floor":27},{"not_picked":["Blade Dance+1","Cloak And Dagger","Catalyst+1","Masterful Stab"],"picked":"SKIP","floor":28},{"not_picked":["Eviscerate+1","Noxious Fumes","Blade Dance+1","Quick Slash"],"picked":"SKIP","floor":29},{"not_picked":["Wraith Form v2","Burst","Unload"],"picked":"Venomology","floor":33},{"not_picked":["Underhanded Strike","Flechettes","Skewer+1","Dagger Throw"],"picked":"SKIP","floor":35},{"not_picked":["Trip","Good Instincts","PanicButton"],"picked":"Secret Weapon","floor":37},{"not_picked":["Finisher+1","Dodge and Roll+1","Quick Slash","Dagger Throw"],"picked":"SKIP","floor":39},{"not_picked":["Quick Slash+1","Dodge and Roll","Well Laid Plans+1","Sucker Punch"],"picked":"SKIP","floor":41},{"not_picked":["Catalyst","Flying Knee+1","Poisoned Stab","Escape Plan"],"picked":"SKIP","floor":42},{"not_picked":["Deadly Poison","Deflect+1","Die Die Die"],"picked":"Accuracy+1","floor":46},{"not_picked":["Bouncing Flask","Catalyst","Underhanded Strike","Backflip+1"],"picked":"SKIP","floor":48}],"player_experience":527385,"relics_obtained":[{"floor":6.0,"key":"Akabeko"},{"floor":9.0,"key":"Question Card"},{"floor":10.0,"key":"Orichalcum"},{"floor":12.0,"key":"Juzu Bracelet"},{"floor":26,"key":"Kunai"},{"floor":28,"key":"War Paint"},{"floor":43,"key":"Ice Cream"},{"floor":46,"key":"Blue Candle"}],"event_choices":[{"damage_healed":0.0,"max_hp_gain":0.0,"max_hp_loss":0.0,"gold_gain":0.0,"event_name":"Shining Light","player_choice":"Entered Light","floor":4.0,"gold_loss":0.0,"damage_taken":14.0,"cards_upgraded":["Blade Dance","Strike_G"]},{"damage_healed":0.0,"max_hp_gain":0.0,"max_hp_loss":0.0,"gold_gain":0.0,"event_name":"Match and Keep!","player_choice":"1 cards matched","floor":5.0,"gold_loss":0.0,"damage_taken":0.0,"cards_obtained":["Dagger Spray"]},{"damage_healed":0,"gold_gain":0,"player_choice":"Inject Mutagens","damage_taken":0,"relics_obtained":["MutagenicStrength"],"max_hp_gain":0,"max_hp_loss":0,"event_name":"Drug Dealer","floor":22,"gold_loss":0},{"damage_healed":0,"gold_gain":0,"player_choice":"Ignored","damage_taken":0,"max_hp_gain":0,"max_hp_loss":0,"event_name":"Ghosts","floor":24,"gold_loss":0},{"damage_healed":0,"gold_gain":0,"player_choice":"","damage_taken":6,"max_hp_gain":0,"max_hp_loss":0,"event_name":"Knowing Skull","floor":30,"potions_obtained":[],"gold_loss":0,"cards_obtained":[]},{"cards_removed":["Defend_G"],"damage_healed":0,"gold_gain":0,"player_choice":"Removed Skill","damage_taken":0,"max_hp_gain":0,"max_hp_loss":0,"event_name":"Falling","floor":36,"gold_loss":0},{"damage_healed":0,"gold_gain":0,"player_choice":"Memory 1","damage_taken":0,"max_hp_gain":0,"max_hp_loss":0,"event_name":"SensoryStone","floor":37,"gold_loss":0},{"damage_healed":0,"gold_gain":100,"player_choice":"Pray","damage_taken":0,"max_hp_gain":0,"max_hp_loss":0,"event_name":"Golden Shrine","floor":44,"gold_loss":0},{"damage_healed":0,"gold_gain":0,"player_choice":"Ignored","damage_taken":0,"max_hp_gain":0,"max_hp_loss":0,"event_name":"Mysterious Sphere","floor":45,"gold_loss":0}],"is_beta":false,"boss_relics":[{"not_picked":["Busted Crown","Pandora\u0027s Box"],"picked":"Tiny House"},{"not_picked":["Empty Cage","Runic Dome"],"picked":"Sozu"}],"items_purged_floors":[14,21],"is_endless":false,"potions_floor_spawned":[3,6,12,13,16,19,20,27,28,41,42,46],"ascension_level":0}}