{"host":"ptud47a6a4e55vh8","time":1611589163,"event":{"mods":["AchievementEnabler","Ascension Reborn","BaseMod","BetterRewards","Card Forge","GifTheSpireLib","Grow up Mod","Hubris","Infinite Spire","Minty Spire (QoL Compilation)","Remove Card Discount Mod","Replay The Spire","Shop Mod","StSLib","The Wild Card"],"gold_per_floor":[115,115,115,128,146,178,43,121,121,121,133,133,133,57,57,73,73,171,271,283,283,301,321,338,369,369,192,192,222,222,253,253,270,270,365,365,385,400,420,433,446,479,498,498,498,498,498,498,117,137,137,137],"floor_reached":53,"language":"ENG","playtime":4341,"items_purged":["ReplayTheSpireMod:Doomed","Regret","Burning Pact"],"score":849,"play_id":"533a05ce-8c40-4dbc-9008-1c783ebe7c54","local_time":"20210125233923","is_ascension_mode":true,"campfire_choices":[{"data":"theWildCard:Michael","floor":15,"key":"SMITH"},{"floor":17,"key":"REST"},{"data":"infinitespire:NeuralNetwork","floor":26,"key":"SMITH"},{"floor":32,"key":"REST"},{"floor":34,"key":"REST"},{"floor":47,"key":"REST"},{"floor":51,"key":"REST"}],"circlet_count":0,"master_deck":["theWildCard:BasicStrike","theWildCard:BasicStrike","theWildCard:BasicStrike","theWildCard:BasicStrike","theWildCard:BasicDefend","theWildCard:BasicDefend","theWildCard:BasicDefend","theWildCard:BasicDefend","theWildCard:Arsene+1","theWildCard:ArcanaArtistry+1","theWildCard:SacrificialStroke","theWildCard:Satanael","theWildCard:StingingStrike","theWildCard:ArchaicAssault","theWildCard:SeveringSlash","theWildCard:MagicalMight+1","theWildCard:SeveringSlash","theWildCard:Caesar+1","theWildCard:SeveringSlash","infinitespire:NeuralNetwork+1","theWildCard:StingingStrike+1","theWildCard:ArchaicAssault+1","theWildCard:Lucifer+1","theWildCard:ArcanaArtistry","theWildCard:SeveringSlash+1","theWildCard:FinalHour+1","theWildCard:ShieldOfMany","theWildCard:Unburden","theWildCard:BladeOfGenerations+1","theWildCard:ArchaicAssault+1","theWildCard:ArcanaArtistry+1","theWildCard:MaskChange","theWildCard:Metatron","hubris:InfiniteBlow+1","theWildCard:SeveringSlash+1","theWildCard:ArchaicAssault+1","theWildCard:ArcanaArtistry"],"relics":["theWildCard:VelvetContract","Hammer of Thor","Seething Fire","Anvil of the Gods","NeowsBlessing","Counterbalance","HornCleat","Golden Egg","Replay:Wanted Poster","MerchantsRug","Orichalcum","Replay:Rubber Ducky","SlaversCollar","Molten Egg 2","ReplayTheSpireMod:Lightbulb","infinitespire:PuzzleCube","Replay:Kaleidoscope"],"acts_visited":["Exordium","TheCity","TheBeyond"],"potions_floor_usage":[50],"damage_taken":[{"damage":0,"enemies":"Small Slimes","floor":1,"turns":1},{"damage":0,"enemies":"2 Louse","floor":4,"turns":1},{"damage":0,"enemies":"Jaw Worm","floor":5,"turns":1},{"damage":45,"enemies":"3 Sentries","floor":6,"turns":7},{"damage":10,"enemies":"Looter","floor":11,"turns":2},{"damage":14,"enemies":"2 Fungi Beasts","floor":16,"turns":2},{"damage":62,"enemies":"Fading Forest","floor":18,"turns":11},{"damage":17,"enemies":"2 Thieves","floor":20,"turns":2},{"damage":6,"enemies":"Chosen","floor":22,"turns":5},{"damage":31,"enemies":"Centurion and Healer","floor":23,"turns":6},{"damage":24,"enemies":"Shelled Parasite and Fungi","floor":24,"turns":6},{"damage":47,"enemies":"Nightmare","floor":25,"turns":5},{"damage":57,"enemies":"Book of Stabbing","floor":29,"turns":4},{"damage":24,"enemies":"Slavers","floor":31,"turns":2},{"damage":19,"enemies":"Snecko","floor":33,"turns":4},{"damage":13,"enemies":"Automaton","floor":35,"turns":6},{"damage":10,"enemies":"3 Shapes","floor":37,"turns":2},{"damage":4,"enemies":"Orb Walker","floor":38,"turns":3},{"damage":79,"enemies":"Maw","floor":39,"turns":8},{"damage":4,"enemies":"3 Darklings","floor":40,"turns":2},{"damage":20,"enemies":"Sphere and 2 Shapes","floor":41,"turns":4},{"damage":222,"enemies":"Nightmare","floor":42,"turns":8},{"damage":41,"enemies":"4 Shapes","floor":43,"turns":3},{"damage":184,"enemies":"Maw","floor":50,"turns":12},{"damage":17,"enemies":"hubris:GrandSnecko","floor":52,"turns":5}],"seed_played":"-6436849261880298167","potions_obtained":[{"floor":4,"key":"Weak Potion"},{"floor":6,"key":"Block Potion"},{"floor":11,"key":"PowerPotion"},{"floor":31,"key":"Milkshake"},{"floor":50,"key":"SkillPotion"}],"is_trial":false,"path_per_floor":["M","?","?","M","M","E","$","?","T","?","M","PTL","PTL","$","R","M","R","B",null,"M","?","M","M","M","NM","R","$","T","E","?","E","R","M","R","B",null,"M","M","M","M","M","NM","M","AVR","T","?","R","?","$","M","R","B",null],"character_chosen":"THE_WILD_CARD","items_purchased":["theWildCard:StingingStrike","theWildCard:ArchaicAssault","theWildCard:MagicalMight","MerchantsRug","theWildCard:SeveringSlash","theWildCard:ArchaicAssault+1","Replay:Kaleidoscope"],"campfire_rested":5,"item_purchase_floors":[7,7,14,27,27,49,49],"current_hp_per_floor":[80,90,100,110,120,85,95,105,115,125,125,135,145,155,165,161,240,188,260,253,263,267,246,232,195,205,215,225,178,188,174,298,289,410,407,430,430,436,367,373,363,151,120,130,140,150,319,329,339,165,346,339],"gold":137,"neow_bonus":"THREE_ENEMY_KILL","is_daily":false,"chose_seed":false,"campfire_upgraded":2,"win_rate":0.0,"timestamp":1611589163,"path_taken":["M","?","?","M","M","E","$","?","T","?","M","PTL","PTL","?","R","M","R","BOSS","M","?","M","M","M","NM","R","$","T","E","?","E","R","M","R","BOSS","M","M","M","M","M","NM","?","AVR","T","?","R","?","$","M","R","BOSS"],"items_purchased_type":["Card","Card","Card","Relic","Card","Card","Relic"],"build_version":"2020-12-22","purchased_purges":3,"victory":true,"max_hp_per_floor":[80,90,100,110,120,130,140,150,160,170,180,190,200,210,220,230,240,250,260,270,280,290,300,310,320,330,340,350,360,370,380,390,400,410,420,430,440,450,460,470,480,490,500,510,520,530,540,550,560,570,580,590],"card_choices":[{"not_picked":["theWildCard:Sakuya","theWildCard:StalwartBlade"],"picked":"theWildCard:ArcanaArtistry","floor":1},{"not_picked":["theWildCard:Alice","theWildCard:StingingStrike"],"picked":"theWildCard:Michael","floor":4},{"not_picked":["theWildCard:MasterPlan","theWildCard:Sakuya"],"picked":"theWildCard:SacrificialStroke","floor":5},{"not_picked":["theWildCard:UnendingRitual","theWildCard:MagicalMight"],"picked":"theWildCard:Satanael","floor":6},{"not_picked":["theWildCard:StalwartBlade","theWildCard:Sakuya"],"picked":"theWildCard:SeveringSlash","floor":11},{"not_picked":["theWildCard:PowerOfTheArcana","theWildCard:Proficiency"],"picked":"theWildCard:SeveringSlash","floor":16},{"not_picked":["theWildCard:Overwhelm","theWildCard:ChangingDestiny"],"picked":"theWildCard:Caesar","floor":18},{"not_picked":["theWildCard:PaleRider","theWildCard:StingingStrike"],"picked":"theWildCard:SeveringSlash","floor":20},{"not_picked":["Replay:Fractal Strike","infinitespire:FutureSight"],"picked":"infinitespire:NeuralNetwork","floor":21},{"not_picked":["theWildCard:ArcaneArts","theWildCard:Michael"],"picked":"theWildCard:StingingStrike+1","floor":22},{"not_picked":["theWildCard:BladeOfGenerations+1","theWildCard:EnergyTheft"],"picked":"theWildCard:ArchaicAssault+1","floor":23},{"not_picked":["theWildCard:BladeOfGenerations+1","theWildCard:MagicalMight"],"picked":"theWildCard:Lucifer","floor":24},{"not_picked":["theWildCard:Abstinence","theWildCard:Michael"],"picked":"theWildCard:ArcanaArtistry","floor":25},{"not_picked":["theWildCard:Providence","theWildCard:SeveringSlash"],"picked":"theWildCard:FinalHour","floor":29},{"not_picked":["theWildCard:IdentityTheft","theWildCard:UnendingRitual+1"],"picked":"theWildCard:ShieldOfMany","floor":31},{"not_picked":["theWildCard:PaleRider","theWildCard:Polydeuces"],"picked":"theWildCard:Unburden","floor":33},{"not_picked":["theWildCard:Deicide","theWildCard:ChangingDestiny"],"picked":"theWildCard:Amaterasu","floor":35},{"not_picked":["theWildCard:Providence","theWildCard:Unburden"],"picked":"theWildCard:BladeOfGenerations+1","floor":37},{"not_picked":["theWildCard:Sakuya","theWildCard:PaleRider+1"],"picked":"theWildCard:ArchaicAssault+1","floor":38},{"not_picked":["theWildCard:UnendingRitual+1","theWildCard:Sakuya"],"picked":"theWildCard:ArcanaArtistry+1","floor":39},{"not_picked":["theWildCard:StalwartBlade","theWildCard:Michael"],"picked":"theWildCard:MaskChange","floor":40},{"not_picked":["theWildCard:Patience+1","theWildCard:Loki"],"picked":"theWildCard:Metatron","floor":41},{"not_picked":["infinitespire:SealOfDarkness+","hubris:Rewind"],"picked":"hubris:InfiniteBlow+1","floor":42},{"not_picked":["theWildCard:Proficiency","theWildCard:Scathach+1","theWildCard:Odin"],"picked":"SKIP","floor":42},{"not_picked":["theWildCard:PowerOfTheArcana","theWildCard:SacrificialStroke+1"],"picked":"theWildCard:SeveringSlash+1","floor":43},{"not_picked":["theWildCard:TheUniverse","theWildCard:Metatron"],"picked":"theWildCard:ArcanaArtistry","floor":50}],"player_experience":42319,"relics_obtained":[{"floor":3,"key":"Counterbalance"},{"floor":6,"key":"HornCleat"},{"floor":9,"key":"Golden Egg"},{"floor":29,"key":"Orichalcum"},{"floor":31,"key":"Replay:Rubber Ducky"},{"floor":42,"key":"Molten Egg 2"},{"floor":45,"key":"infinitespire:PuzzleCube"}],"event_choices":[{"damage_healed":0,"gold_gain":78,"player_choice":"Gained Gold","damage_taken":0,"max_hp_gain":0,"max_hp_loss":0,"event_name":"Golden Wing","floor":8,"gold_loss":0},{"damage_healed":0,"gold_gain":0,"player_choice":"Leave","damage_taken":0,"max_hp_gain":0,"max_hp_loss":0,"event_name":"The Cleric","floor":10,"gold_loss":0},{"damage_healed":0,"gold_gain":0,"player_choice":"Bought 0 Potions","damage_taken":0,"max_hp_gain":0,"max_hp_loss":0,"event_name":"The Woman in Blue","floor":30,"gold_loss":0},{"cards_removed":["theWildCard:CallToAdventure"],"damage_healed":0,"gold_gain":0,"player_choice":"Removed Attack","damage_taken":0,"max_hp_gain":0,"max_hp_loss":0,"event_name":"Falling","floor":46,"gold_loss":0},{"cards_removed":["theWildCard:Michael"],"damage_healed":0,"gold_gain":0,"player_choice":"Purged","damage_taken":0,"max_hp_gain":0,"max_hp_loss":0,"event_name":"Purifier","floor":48,"gold_loss":0}],"is_beta":false,"boss_relics":[{"not_picked":["Runic Pyramid","Velvet Choker"],"picked":"Replay:Wanted Poster"},{"not_picked":["Runic Dome","Coffee Dripper"],"picked":"SlaversCollar"}],"items_purged_floors":[27,27,49],"is_endless":false,"potions_floor_spawned":[4,6,11,20,23,31,35,38,39,43,50],"ascension_level":0}}