{"host":"5nrsd95zehlinljn","time":1611605473,"event":{"mods":["2.2 Compatiblity","BaseMod","Beaked The Cultist","Better Note","Friendly Minions","GifTheSpireLib","GungeonMod","Minty Spire (QoL Compilation)","StS++","StSLib","everything is the same but u backflip on backflip","thorton"],"gold_per_floor":[110,126,51,51,126,126,142,142,142,160,181,184,137,139,141,243,247,270,350,267,267],"floor_reached":20,"language":"ENG","playtime":1317,"items_purged":["beaked:Strike_Y"],"score":162,"play_id":"f2a4f9d1-878c-4ee1-ba2c-7aab86cdf020","local_time":"20210125201113","is_ascension_mode":false,"campfire_choices":[{"data":"beaked:Ceremony","floor":6.0,"key":"SMITH"},{"data":"beaked:Ceremony","floor":8.0,"key":"SMITH"},{"data":"beaked:Foresight","floor":12.0,"key":"SMITH"},{"data":"beaked:Defend_Y","floor":15.0,"key":"SMITH"}],"circlet_count":0,"master_deck":["beaked:Strike_Y","beaked:Strike_Y","beaked:Strike_Y","beaked:Defend_Y+1","beaked:Defend_Y","beaked:Defend_Y","beaked:Ceremony+1","beaked:Ceremony+1","beaked:Ceremony+1","beaked:Foresight+1","beaked:ScreechingChant","beaked:Insight"],"relics":["beaked:MendingPlumage","thethorton:BankDeed","thethorton:CrushedCigarette"],"acts_visited":["Exordium","TheCity"],"potions_floor_usage":[20],"damage_taken":[{"damage":5.0,"enemies":"2 Louse","floor":1.0,"turns":4.0},{"damage":20.0,"enemies":"Jaw Worm","floor":2.0,"turns":7.0},{"damage":12.0,"enemies":"Cultist","floor":7.0,"turns":6.0},{"damage":25.0,"enemies":"3 Louse","floor":10.0,"turns":10.0},{"damage":29.0,"enemies":"2 Fungi Beasts","floor":11.0,"turns":10.0},{"damage":32.0,"enemies":"Hexaghost","floor":16.0,"turns":11.0},{"damage":24.0,"enemies":"Chosen","floor":18.0,"turns":7.0},{"damage":47,"enemies":"2 Thieves","floor":20,"turns":3}],"seed_played":"-8977365794086322750","potions_obtained":[{"floor":2.0,"key":"Strength Potion"},{"floor":10.0,"key":"Strength Potion"},{"floor":16.0,"key":"DistilledChaos"}],"is_trial":false,"path_per_floor":["M","M","$","?","?","R","M","R","T","M","M","R","?","?","R","B",null,"M","?","M"],"character_chosen":"BEAKED_THE_CULTIST","items_purchased":[],"campfire_rested":0,"item_purchase_floors":[],"current_hp_per_floor":[40,39,39,39,28,28,30,30,30,35,34,34,34,34,34,36,50,36,31,0,0],"gold":267,"neow_bonus":"REMOVE_TWO","is_daily":false,"chose_seed":false,"campfire_upgraded":4,"win_rate":0.0,"timestamp":1611605473,"path_taken":["M","M","$","?","?","R","?","R","T","M","M","R","?","?","R","BOSS","M","?","M"],"items_purchased_type":[],"build_version":"2020-12-22","purchased_purges":1,"victory":false,"max_hp_per_floor":[50,50,50,50,50,50,50,50,50,50,50,50,50,50,50,50,50,50,50,50,50],"card_choices":[{"not_picked":["beaked:Poke","beaked:Tradeoff","beaked:Resilience"],"picked":"SKIP","floor":1.0},{"not_picked":["beaked:Overpower","beaked:Redirect","beaked:WindBringer"],"picked":"SKIP","floor":2.0},{"not_picked":["beaked:DigDeep","beaked:Flinch"],"picked":"beaked:Foresight","floor":7.0},{"not_picked":["beaked:CursingBlood","beaked:BounceBack","beaked:Redirect"],"picked":"SKIP","floor":10.0},{"not_picked":["beaked:Resilience","beaked:DigDeep","beaked:StunningBlow"],"picked":"SKIP","floor":11.0},{"not_picked":["beaked:Caw","beaked:ShadowFade"],"picked":"beaked:ScreechingChant","floor":16.0},{"not_picked":["beaked:StunningBlow","beaked:CursingBlood"],"picked":"beaked:Insight","floor":18.0}],"player_experience":2720442,"relics_obtained":[{"floor":9.0,"key":"thethorton:BankDeed"}],"event_choices":[{"damage_healed":0.0,"max_hp_gain":0.0,"max_hp_loss":0.0,"gold_gain":0.0,"event_name":"Living Wall","player_choice":"Grow","floor":4.0,"gold_loss":0.0,"damage_taken":0.0,"cards_upgraded":["beaked:Ceremony"]},{"damage_healed":0.0,"max_hp_gain":0.0,"max_hp_loss":0.0,"gold_gain":75.0,"event_name":"World of Goop","player_choice":"Gather Gold","floor":5.0,"gold_loss":0.0,"damage_taken":11.0},{"cards_removed":["beaked:Defend_Y"],"damage_healed":0.0,"max_hp_gain":0.0,"max_hp_loss":0.0,"gold_gain":0.0,"event_name":"The Cleric","player_choice":"Card Removal","floor":13.0,"gold_loss":50.0,"damage_taken":0.0},{"damage_healed":0.0,"max_hp_gain":0.0,"max_hp_loss":0.0,"gold_gain":0.0,"event_name":"Golden Idol","player_choice":"Ignored","floor":14.0,"gold_loss":0.0,"damage_taken":0.0},{"damage_healed":0,"gold_gain":75,"player_choice":"Touch","damage_taken":5,"max_hp_gain":0,"max_hp_loss":0,"event_name":"FaceTrader","floor":19,"gold_loss":0}],"is_beta":false,"boss_relics":[{"not_picked":["Velvet Choker","Philosopher\u0027s Stone"],"picked":"thethorton:CrushedCigarette"}],"items_purged_floors":[3],"is_endless":false,"potions_floor_spawned":[2,10,16],"killed_by":"2 Thieves","ascension_level":0}}