{"host":"xmrw7jl1ir2912vf","time":1611596159,"event":{"mods":["BaseMod","Minty Spire (QoL Compilation)","Relic Stats"],"gold_per_floor":[114,114,114,126,143,172,172,183,183,197,51,85,85,100,100,199,199,211,228,244,134,134,134,134,134,134,153,186,186,186,186],"floor_reached":30,"language":"ENG","playtime":1227,"items_purged":["Strike_B"],"score":459,"play_id":"ed5db20e-9bd7-430c-86e8-9df55e965eb5","local_time":"20210125123559","is_ascension_mode":true,"campfire_choices":[{"floor":7.0,"key":"REST"},{"data":"Echo Form","floor":13.0,"key":"SMITH"},{"data":"Electrodynamics","floor":15.0,"key":"SMITH"},{"data":"Buffer","floor":23,"key":"SMITH"}],"circlet_count":0,"master_deck":["Defend_B","Defend_B","Defend_B","Defend_B","Zap+1","Dualcast","Cold Snap","Ball Lightning","Steam","Rebound+1","Beam Cell+1","Echo Form+1","Compile Driver+1","Electrodynamics+1","Barrage+1","Buffer+1","Fusion+1","Cold Snap+1","Go for the Eyes+1","Self Repair","Aggregate","Core Surge+1","Conserve Battery","Hologram","Bite+1","Bite+1","Bite+1","Bite+1","Bite+1"],"relics":["Cracked Core","Dream Catcher","Molten Egg 2","Ancient Tea Set","Bottled Flame","Coffee Dripper","Pear","PreservedInsect"],"acts_visited":["Exordium","TheCity"],"potions_floor_usage":[27,28],"damage_taken":[{"damage":5.0,"enemies":"2 Louse","floor":1.0,"turns":2.0},{"damage":0.0,"enemies":"Cultist","floor":4.0,"turns":3.0},{"damage":7.0,"enemies":"Jaw Worm","floor":5.0,"turns":2.0},{"damage":21.0,"enemies":"Gremlin Nob","floor":6.0,"turns":4.0},{"damage":6.0,"enemies":"Blue Slaver","floor":8.0,"turns":3.0},{"damage":6.0,"enemies":"Looter","floor":10.0,"turns":2.0},{"damage":8.0,"enemies":"Lagavulin","floor":12.0,"turns":5.0},{"damage":0.0,"enemies":"2 Fungi Beasts","floor":14.0,"turns":2.0},{"damage":0.0,"enemies":"Slime Boss","floor":16.0,"turns":5.0},{"damage":0,"enemies":"Chosen","floor":18,"turns":3},{"damage":20,"enemies":"2 Thieves","floor":19,"turns":3},{"damage":5,"enemies":"Cultist and Chosen","floor":20,"turns":3},{"damage":17,"enemies":"Snake Plant","floor":27,"turns":3},{"damage":50,"enemies":"Book of Stabbing","floor":28,"turns":5},{"damage":0,"enemies":"Slavers","floor":30,"turns":1}],"seed_played":"-5495317503289262756","potions_obtained":[{"floor":5.0,"key":"Dexterity Potion"},{"floor":6.0,"key":"DuplicationPotion"},{"floor":8.0,"key":"DistilledChaos"},{"floor":14.0,"key":"Swift Potion"},{"floor":20,"key":"EssenceOfSteel"},{"floor":27,"key":"Dexterity Potion"}],"is_trial":false,"path_per_floor":["M","?","?","M","M","E","R","M","T","M","$","E","R","M","R","B",null,"M","M","M","$","?","R","?","?","T","M","E","?","E"],"character_chosen":"DEFECT","items_purchased":["Electrodynamics","Self Repair"],"campfire_rested":1,"item_purchase_floors":[11,21],"current_hp_per_floor":[70,67,67,67,60,39,63,57,57,51,51,43,43,43,43,43,72,72,52,47,47,47,47,31,60,70,60,17,17,17,17],"gold":186,"neow_bonus":"TEN_PERCENT_HP_BONUS","is_daily":false,"chose_seed":false,"campfire_upgraded":3,"win_rate":0.0,"timestamp":1611596159,"path_taken":["M","?","?","M","M","E","R","M","T","?","$","E","R","M","R","BOSS","M","M","?","$","?","R","?","?","T","M","E","?","E"],"items_purchased_type":["Card","Card"],"build_version":"2020-12-22","purchased_purges":1,"victory":false,"max_hp_per_floor":[82,82,82,82,82,82,82,82,82,82,82,82,82,82,82,82,82,82,82,82,82,82,82,87,87,97,97,97,67,67,67],"relic_stats":{"Dream Catcher":1,"counters":[15,46],"PreservedInsect":42,"obtain_stats":[{"Dream Catcher":2,"Bottled Flame":12,"Pear":26,"Molten Egg 2":6,"PreservedInsect":28,"Coffee Dripper":17,"Cracked Core":0,"Ancient Tea Set":9},{"Dream Catcher":1,"Bottled Flame":7,"Pear":12,"Molten Egg 2":4,"PreservedInsect":14,"Coffee Dripper":9,"Cracked Core":0,"Ancient Tea Set":5},{"Dream Catcher":2,"Bottled Flame":21,"Pear":37,"Molten Egg 2":11,"PreservedInsect":45,"Coffee Dripper":28,"Cracked Core":0,"Ancient Tea Set":14}]},"card_choices":[{"not_picked":["Turbo","Lockon"],"picked":"Cold Snap","floor":1.0},{"not_picked":["Static Discharge","Steam"],"picked":"Ball Lightning","floor":4.0},{"not_picked":["Hologram","Redo"],"picked":"Steam","floor":5.0},{"not_picked":["Double Energy","Hologram"],"picked":"Rebound+1","floor":6.0},{"not_picked":["Rebound+1","Coolheaded"],"picked":"Beam Cell+1","floor":7.0},{"not_picked":["Streamline+1","Go for the Eyes+1"],"picked":"Echo Form","floor":8.0},{"not_picked":["Static Discharge","Coolheaded"],"picked":"Compile Driver+1","floor":10.0},{"not_picked":["Electrodynamics","Storm","Double Energy"],"picked":"SKIP","floor":12.0},{"not_picked":["Compile Driver+1","Gash+1"],"picked":"Barrage+1","floor":14.0},{"not_picked":["Hyperbeam+1","Thunder Strike+1"],"picked":"Buffer","floor":16.0},{"not_picked":["Darkness","Cold Snap+1"],"picked":"Fusion+1","floor":18},{"not_picked":["Rebound+1","FTL+1"],"picked":"Cold Snap+1","floor":19},{"not_picked":["Sweeping Beam+1","Reinforced Body"],"picked":"Go for the Eyes+1","floor":20},{"not_picked":["Melter+1","Cold Snap+1"],"picked":"Conserve Battery","floor":27},{"not_picked":["Beam Cell+1","Echo Form"],"picked":"Hologram","floor":28}],"player_experience":451978,"relics_obtained":[{"floor":6.0,"key":"Molten Egg 2"},{"floor":9.0,"key":"Ancient Tea Set"},{"floor":12.0,"key":"Bottled Flame"},{"floor":26,"key":"Pear"},{"floor":28,"key":"PreservedInsect"}],"event_choices":[{"damage_healed":0.0,"max_hp_gain":0.0,"max_hp_loss":0.0,"gold_gain":0.0,"event_name":"Scrap Ooze","player_choice":"Success","floor":2.0,"gold_loss":0.0,"damage_taken":3.0,"relics_obtained":["Dream Catcher"]},{"damage_healed":0.0,"max_hp_gain":0.0,"max_hp_loss":0.0,"gold_gain":0.0,"event_name":"Upgrade Shrine","player_choice":"Upgraded","floor":3.0,"gold_loss":0.0,"damage_taken":0.0,"cards_upgraded":["Zap"]},{"damage_healed":0,"gold_gain":0,"cards_transformed":["Strike_B","Strike_B"],"player_choice":"Became Test Subject","damage_taken":0,"max_hp_gain":0,"max_hp_loss":0,"event_name":"Drug Dealer","floor":22,"gold_loss":0,"cards_obtained":["Aggregate","Core Surge"]},{"damage_healed":0,"gold_gain":0,"player_choice":"Shed Blood","damage_taken":21,"max_hp_gain":5,"max_hp_loss":0,"event_name":"Forgotten Altar","floor":24,"gold_loss":0},{"damage_healed":29,"gold_gain":0,"player_choice":"Heal","damage_taken":0,"max_hp_gain":0,"max_hp_loss":0,"event_name":"The Library","floor":25,"gold_loss":0},{"damage_healed":0,"gold_gain":0,"player_choice":"Became a vampire","damage_taken":0,"max_hp_gain":0,"max_hp_loss":30,"event_name":"Vampires","floor":29,"gold_loss":0,"cards_obtained":["Bite","Bite","Bite","Bite","Bite"]}],"is_beta":false,"boss_relics":[{"not_picked":["Tiny House","Calling Bell"],"picked":"Coffee Dripper"}],"items_purged_floors":[21],"is_endless":false,"potions_floor_spawned":[5,6,8,14,20,27],"killed_by":"Slavers","ascension_level":8}}