{"host":"zj59u6rib3fz4c79","time":1611576170,"event":{"mods":["AchievementEnabler","BaseMod","Bestiary","Colored Map","Colored Powertips","Highlight Path","Minty Spire (QoL Compilation)","StSLib"],"gold_per_floor":[111,125,137,155,120,120,135,194,246,275,275,141,172,185,185,286,286,298,238,238],"floor_reached":19,"language":"ENG","playtime":1426,"items_purged":["Defend_B"],"score":188,"play_id":"87c04f76-44a8-4d97-8b13-db83ddddedd9","local_time":"20210125060250","is_ascension_mode":true,"campfire_choices":[{"data":"Go for the Eyes","floor":6,"key":"SMITH"},{"floor":11,"key":"REST"},{"floor":15,"key":"REST"}],"circlet_count":0,"master_deck":["Strike_B","Strike_B","Strike_B","Defend_B","Defend_B","Defend_B","Zap","Dualcast","Amplify","Go for the Eyes+1","All For One","Doom and Gloom","Chill","Gash","Finesse","Gash","Creative AI"],"relics":["Cracked Core","Ornamental Fan","Smiling Mask","Blood Vial","SlaversCollar"],"acts_visited":["Exordium","TheCity"],"potions_floor_usage":[8,10,16,19],"damage_taken":[{"damage":1,"enemies":"Cultist","floor":1,"turns":4},{"damage":1,"enemies":"2 Louse","floor":2,"turns":3},{"damage":1,"enemies":"Small Slimes","floor":3,"turns":3},{"damage":17,"enemies":"3 Louse","floor":4,"turns":4},{"damage":7,"enemies":"2 Fungi Beasts","floor":7,"turns":3},{"damage":21,"enemies":"Gremlin Nob","floor":8,"turns":4},{"damage":21,"enemies":"3 Sentries","floor":10,"turns":7},{"damage":18,"enemies":"Gremlin Nob","floor":13,"turns":5},{"damage":0,"enemies":"Exordium Thugs","floor":14,"turns":4},{"damage":24,"enemies":"Hexaghost","floor":16,"turns":6},{"damage":73,"enemies":"3 Byrds","floor":18,"turns":8},{"damage":13,"enemies":"2 Thieves","floor":19,"turns":2}],"seed_played":"838377714432344508","potions_obtained":[{"floor":2,"key":"Regen Potion"},{"floor":7,"key":"Dexterity Potion"},{"floor":10,"key":"Fire Potion"},{"floor":14,"key":"PotionOfCapacity"},{"floor":16,"key":"FearPotion"},{"floor":18,"key":"DistilledChaos"}],"is_trial":false,"path_per_floor":["M","M","M","M","?","R","M","?","T","E","R","$","E","M","R","B",null,"M","M"],"character_chosen":"DEFECT","items_purchased":["Finesse"],"campfire_rested":2,"item_purchase_floors":[12],"current_hp_per_floor":[74,73,72,55,73,73,66,54,54,33,55,55,37,39,61,39,75,2,0,0],"gold":238,"neow_bonus":"TRANSFORM_CARD","is_daily":false,"chose_seed":false,"campfire_upgraded":1,"win_rate":0.0,"timestamp":1611576170,"path_taken":["M","M","?","M","?","R","M","?","T","E","R","$","E","M","R","BOSS","M","M"],"items_purchased_type":["Card"],"build_version":"2020-12-22","purchased_purges":1,"victory":false,"max_hp_per_floor":[75,75,75,75,75,75,75,75,75,75,75,75,75,75,75,75,75,75,75,75],"card_choices":[{"not_picked":["Ball Lightning","Sweeping Beam"],"picked":"Go for the Eyes","floor":1},{"not_picked":["Beam Cell","Storm"],"picked":"All For One","floor":2},{"not_picked":["Static Discharge","Reinforced Body","Coolheaded"],"picked":"SKIP","floor":3},{"not_picked":["Beam Cell","Force Field"],"picked":"Doom and Gloom","floor":4},{"not_picked":["Auto Shields","Ball Lightning"],"picked":"Chill","floor":7},{"not_picked":["Scrape","Auto Shields"],"picked":"Gash","floor":8},{"not_picked":["Coolheaded","Tempest","Doom and Gloom"],"picked":"SKIP","floor":10},{"not_picked":["Sunder","Compile Driver","Sweeping Beam"],"picked":"SKIP","floor":13},{"not_picked":["Undo","Conserve Battery"],"picked":"Gash","floor":14},{"not_picked":["Reboot","Multi-Cast"],"picked":"Creative AI","floor":16},{"not_picked":["Conserve Battery+1","Sunder","Compile Driver"],"picked":"SKIP","floor":18}],"player_experience":62747,"relics_obtained":[{"floor":8,"key":"Ornamental Fan"},{"floor":10,"key":"Smiling Mask"},{"floor":13,"key":"Blood Vial"}],"event_choices":[{"damage_healed":18,"gold_gain":0,"player_choice":"Healed","damage_taken":0,"max_hp_gain":0,"max_hp_loss":0,"event_name":"The Cleric","floor":5,"gold_loss":35},{"damage_healed":0,"gold_gain":30,"player_choice":"Searched \u00273\u0027 times","damage_taken":0,"max_hp_gain":0,"max_hp_loss":0,"event_name":"Dead Adventurer","floor":8,"gold_loss":0}],"is_beta":false,"boss_relics":[{"not_picked":["Fusion Hammer","Astrolabe"],"picked":"SlaversCollar"}],"items_purged_floors":[12],"is_endless":false,"potions_floor_spawned":[2,7,10,14,16,18],"killed_by":"2 Thieves","ascension_level":1}}