{"host":"x7xd4wkamhrqrrvw","time":1611614246,"event":{"mods":["AchievementEnabler","BaseMod","Minty Spire (QoL Compilation)","StSLib"],"gold_per_floor":[117,417,433,433,35,35,70,89,112,112,146,146,146,185,185,278,278,303,203,203],"floor_reached":19,"language":"ENG","playtime":645,"items_purged":["Strike_R"],"score":431,"play_id":"576fc196-681e-4ea6-b5bb-a3c173dc8fe7","local_time":"20210125203726","is_ascension_mode":true,"campfire_choices":[{"data":"1","floor":6,"key":"LIFT"},{"data":"2","floor":10,"key":"LIFT"},{"data":"3","floor":13,"key":"LIFT"},{"data":"Whirlwind","floor":15,"key":"SMITH"}],"circlet_count":0,"master_deck":["AscendersBane","Strike_R","Strike_R","Strike_R","Strike_R","Defend_R","Defend_R","Defend_R","Defend_R","Bash","Body Slam+1","Twin Strike","Seeing Red","Whirlwind+1","Berserk"],"relics":["Burning Blood","NeowsBlessing","Old Coin","Golden Idol","Girya","Strawberry","PreservedInsect","Tiny Chest","Pen Nib","Black Star"],"acts_visited":["Exordium","TheCity"],"potions_floor_usage":[11,16,19],"damage_taken":[{"damage":0,"enemies":"Cultist","floor":1,"turns":1},{"damage":0,"enemies":"2 Louse","floor":3,"turns":1},{"damage":0,"enemies":"Lagavulin","floor":7,"turns":1},{"damage":2,"enemies":"Jaw Worm","floor":8,"turns":3},{"damage":20,"enemies":"3 Sentries","floor":11,"turns":7},{"damage":0,"enemies":"Gremlin Nob","floor":14,"turns":2},{"damage":36,"enemies":"The Guardian","floor":16,"turns":9},{"damage":39,"enemies":"Chosen","floor":18,"turns":5},{"damage":51,"enemies":"2 Thieves","floor":19,"turns":3}],"seed_played":"7814259536278348941","potions_obtained":[{"floor":8,"key":"Swift Potion"},{"floor":14,"key":"Block Potion"},{"floor":18,"key":"LiquidMemories"}],"is_trial":false,"path_per_floor":["M","T","M","?","$","R","E","M","T","R","E","?","R","E","R","B",null,"M","M"],"character_chosen":"IRONCLAD","items_purchased":["Girya"],"campfire_rested":0,"item_purchase_floors":[5],"current_hp_per_floor":[74,74,75,49,49,49,62,66,66,66,52,52,52,58,58,28,69,36,0,0],"gold":203,"neow_bonus":"THREE_ENEMY_KILL","is_daily":false,"chose_seed":false,"campfire_upgraded":1,"win_rate":0.0,"timestamp":1611614246,"path_taken":["M","?","?","?","$","R","E","M","T","R","E","?","R","E","R","BOSS","M","M"],"items_purchased_type":["Relic"],"build_version":"2020-12-22","purchased_purges":1,"victory":false,"max_hp_per_floor":[75,75,75,75,75,75,82,82,82,82,82,82,82,82,82,82,82,82,82,82],"card_choices":[{"not_picked":["Sword Boomerang","Iron Wave"],"picked":"Body Slam","floor":1},{"not_picked":["Dark Embrace","Sword Boomerang"],"picked":"Twin Strike","floor":3},{"not_picked":["Power Through","Body Slam","Headbutt"],"picked":"SKIP","floor":7},{"not_picked":["Cleave","Perfected Strike"],"picked":"Seeing Red","floor":8},{"not_picked":["Corruption","Thunderclap","Metallicize"],"picked":"SKIP","floor":11},{"not_picked":["Anger","Thunderclap"],"picked":"Whirlwind","floor":14},{"not_picked":["Fiend Fire","Barricade"],"picked":"Berserk","floor":16},{"not_picked":["Headbutt","Searing Blow+1","Seeing Red"],"picked":"SKIP","floor":18}],"player_experience":399821,"relics_obtained":[{"floor":2,"key":"Old Coin"},{"floor":7,"key":"Strawberry"},{"floor":9,"key":"PreservedInsect"},{"floor":11,"key":"Tiny Chest"},{"floor":14,"key":"Pen Nib"}],"event_choices":[{"damage_healed":0,"gold_gain":0,"player_choice":"Take Damage","damage_taken":26,"relics_obtained":["Golden Idol"],"max_hp_gain":0,"max_hp_loss":0,"event_name":"Golden Idol","floor":4,"gold_loss":0},{"damage_healed":0,"gold_gain":0,"player_choice":"Upgraded","damage_taken":0,"max_hp_gain":0,"max_hp_loss":0,"event_name":"Upgrade Shrine","floor":12,"gold_loss":0,"cards_upgraded":["Body Slam"]}],"is_beta":false,"boss_relics":[{"not_picked":["Ectoplasm","Astrolabe"],"picked":"Black Star"}],"items_purged_floors":[5],"is_endless":false,"potions_floor_spawned":[8,14,18],"killed_by":"2 Thieves","ascension_level":17}}