{"host":"iqi2f1z1yw5mc6j3","time":1611546469,"event":{"mods":["AchievementEnabler","BaseMod","Colored Powertips","Minty Spire (QoL Compilation)","Replay The Spire","StSLib","The Cursed","The Hierophant"],"gold_per_floor":[113,15,28,38,38,38,38,72,72,72,22,36,53,53,53,157,157,169,109,125,137,150,150,76,76,76],"floor_reached":25,"language":"ENG","playtime":2632,"items_purged":["TheCursedMod:Defend_TheCursed"],"score":228,"play_id":"880eaaf0-5eb2-48fb-9df5-26e012102f56","local_time":"20210124224749","is_ascension_mode":false,"campfire_choices":[{"data":"TheCursedMod:SpitefulStrike","floor":7,"key":"SMITH"},{"floor":10,"key":"REST"},{"floor":15,"key":"REST"},{"floor":23,"key":"REST"}],"circlet_count":0,"master_deck":["TheCursedMod:Strike_TheCursed","TheCursedMod:Strike_TheCursed","TheCursedMod:Strike_TheCursed","TheCursedMod:Strike_TheCursed+1","TheCursedMod:Defend_TheCursed","TheCursedMod:Defend_TheCursed","TheCursedMod:CursedWand","TheCursedMod:CleanUpWorkshop","TheCursedMod:Dregs","TheCursedMod:TacticalStrike","TheCursedMod:SpitefulStrike+1","TheCursedMod:RapidMovement","TheCursedMod:Obscuration","Voices","TheCursedMod:CursedArmor","TheCursedMod:Grudge","TheCursedMod:CircleOfAmplification+1","TheCursedMod:AntiAging","TheCursedMod:Stretching","TheCursedMod:CircleOfFlame+1","TheCursedMod:SurpriseAttack","TheCursedMod:TacticalStrike","TheCursedMod:LuckyCharm"],"relics":["TheCursedMod:BlackMagic101","ReplayTheSpireMod:Ring of Exchange","Pen Nib","ReplayTheSpireMod:Ninjato","Cursed Key"],"acts_visited":["Exordium","TheCity"],"potions_floor_usage":[8,16,22],"damage_taken":[{"damage":5,"enemies":"Cultist","floor":1,"turns":4},{"damage":6,"enemies":"Jaw Worm","floor":3,"turns":2},{"damage":0,"enemies":"Small Slimes","floor":4,"turns":2},{"damage":20,"enemies":"3 Sentries","floor":8,"turns":8},{"damage":0,"enemies":"3 Louse","floor":12,"turns":3},{"damage":26,"enemies":"Exordium Wildlife","floor":13,"turns":6},{"damage":35,"enemies":"Slime Boss","floor":16,"turns":12},{"damage":23,"enemies":"3 Byrds","floor":18,"turns":7},{"damage":10,"enemies":"2 Thieves","floor":20,"turns":5},{"damage":14,"enemies":"Snecko","floor":21,"turns":6},{"damage":14,"enemies":"Centurion and Healer","floor":22,"turns":6},{"damage":18,"enemies":"Gremlin Leader","floor":25,"turns":12}],"seed_played":"-512598692197330818","potions_obtained":[{"floor":4,"key":"Languid Potion"},{"floor":13,"key":"Languid Potion"},{"floor":21,"key":"LiquidMemories"}],"is_trial":false,"path_per_floor":["M","$","M","M","?","?","R","E","T","R","?","M","M","?","R","B",null,"M","?","M","M","M","R","$","E"],"character_chosen":"THE_CURSED","items_purchased":["TheCursedMod:SpitefulStrike","TheCursedMod:LuckyCharm"],"campfire_rested":3,"item_purchase_floors":[2,24],"current_hp_per_floor":[77,77,71,71,71,76,76,56,56,82,82,82,56,39,65,30,87,66,66,58,46,34,62,62,46,46],"gold":76,"neow_bonus":"TEN_PERCENT_HP_BONUS","is_daily":false,"chose_seed":false,"campfire_upgraded":1,"win_rate":0.0,"timestamp":1611546469,"path_taken":["M","$","M","M","?","?","R","E","T","R","?","M","M","?","R","BOSS","M","?","M","M","M","R","$","E"],"items_purchased_type":["Card","Card"],"build_version":"2020-12-22","purchased_purges":1,"victory":false,"max_hp_per_floor":[82,82,82,82,82,87,87,87,87,87,87,87,87,87,87,87,87,89,89,91,93,95,95,95,97,97],"card_choices":[{"not_picked":["TheCursedMod:Torture","TheCursedMod:EmpowerCircles"],"picked":"TheCursedMod:TacticalStrike","floor":1},{"not_picked":["TheCursedMod:CircleOfCorruption","TheCursedMod:SpitefulPlan"],"picked":"TheCursedMod:RapidMovement","floor":3},{"not_picked":["TheCursedMod:SpitefulStrike","TheCursedMod:CursedShiv"],"picked":"TheCursedMod:Obscuration","floor":4},{"not_picked":["TheCursedMod:ReleasedStrength","TheCursedMod:BloodBarrier"],"picked":"TheCursedMod:CursedArmor","floor":8},{"not_picked":["TheCursedMod:CursedShiv","TheCursedMod:Stretching"],"picked":"TheCursedMod:Grudge","floor":12},{"not_picked":["TheCursedMod:CursedShiv","TheCursedMod:Torture"],"picked":"TheCursedMod:CircleOfAmplification","floor":13},{"not_picked":["TheCursedMod:ShockAndAwe","TheCursedMod:CollectTribute"],"picked":"TheCursedMod:AntiAging","floor":16},{"not_picked":["TheCursedMod:ManaBullet","TheCursedMod:Hemoplague+1"],"picked":"TheCursedMod:Stretching","floor":18},{"not_picked":["TheCursedMod:ManaBullet+1","TheCursedMod:Hemoplague"],"picked":"TheCursedMod:CircleOfFlame+1","floor":20},{"not_picked":["TheCursedMod:SmokeScreen+1","TheCursedMod:Grudge+1"],"picked":"TheCursedMod:SurpriseAttack","floor":21},{"not_picked":["TheCursedMod:Stretching","TheCursedMod:EmpowerCircles"],"picked":"TheCursedMod:TacticalStrike","floor":22}],"player_experience":56398,"relics_obtained":[{"floor":5,"key":"ReplayTheSpireMod:Ring of Exchange"},{"floor":8,"key":"Pen Nib"},{"floor":9,"key":"ReplayTheSpireMod:Ninjato"}],"event_choices":[{"damage_healed":0,"gold_gain":0,"player_choice":"Donut","damage_taken":0,"max_hp_gain":5,"max_hp_loss":0,"event_name":"Big Fish","floor":6,"gold_loss":0},{"cards_removed":["TheCursedMod:Defend_TheCursed"],"damage_healed":0,"gold_gain":0,"player_choice":"Card Removal","damage_taken":0,"max_hp_gain":0,"max_hp_loss":0,"event_name":"The Cleric","floor":11,"gold_loss":50},{"damage_healed":0,"gold_gain":0,"player_choice":"Entered Light","damage_taken":17,"max_hp_gain":0,"max_hp_loss":0,"event_name":"Shining Light","floor":14,"gold_loss":0,"cards_upgraded":["TheCursedMod:CircleOfAmplification","TheCursedMod:Strike_TheCursed"]}],"is_beta":false,"boss_relics":[{"not_picked":["TheCursedMod:FourLeafCloverCharm","Philosopher\u0027s Stone"],"picked":"Cursed Key"}],"items_purged_floors":[2],"is_endless":false,"potions_floor_spawned":[4,13,21],"killed_by":"Gremlin Leader","ascension_level":0}}