{"host":"mydft8i2zzydgggw","time":1611538014,"event":{"mods":["AchievementEnabler","BaseMod","BetterRewards","Colored Map","Colored Powertips","DeckTracker","Keyboard Shortcuts","Minty Spire (QoL Compilation)","Rare Cards Sparkle","StSLib","SuperFastMode","everything is the same but u backflip on backflip"],"gold_per_floor":[110,124,136,151,151,161,179,191,191,191,206,233,252,283,283,380,380,398,100,100,125,144,173,225,251,274,40,56,56,156,168,168,168,168],"floor_reached":33,"language":"KOR","playtime":1016,"items_purged":["Strike_P"],"score":509,"play_id":"c0d2cd91-5aa3-4b5e-baa8-b3d9c25bd845","local_time":"20210125102654","is_ascension_mode":true,"campfire_choices":[{"data":"Eruption","floor":10.0,"key":"SMITH"},{"floor":15.0,"key":"REST"},{"floor":29.0,"key":"REST"},{"floor":32.0,"key":"REST"}],"circlet_count":0,"master_deck":["Strike_P","Strike_P","Defend_P","Defend_P","Eruption+1","Vigilance","Tantrum","Consecrate","Study","Vault","Perseverance","Halt","Devotion","SpiritShield","FlurryOfBlows+1","MentalFortress","MentalFortress","FlurryOfBlows","CrushJoints","RitualDagger","EmptyBody","Adaptation","EmptyBody+1","EmptyFist"],"relics":["PureWater","NeowsBlessing","Gambling Chip","Orichalcum","Pocketwatch","Empty Cage","Orrery","PreservedInsect","Singing Bowl","Bronze Scales","Torii","MealTicket","Lantern","StoneCalendar","Bottled Lightning"],"acts_visited":["Exordium","TheCity"],"potions_floor_usage":[33],"damage_taken":[{"damage":0.0,"enemies":"Jaw Worm","floor":1.0,"turns":1.0},{"damage":0.0,"enemies":"Cultist","floor":2.0,"turns":1.0},{"damage":0.0,"enemies":"2 Louse","floor":3.0,"turns":1.0},{"damage":6.0,"enemies":"Looter","floor":4.0,"turns":2.0},{"damage":10.0,"enemies":"Large Slime","floor":6.0,"turns":4.0},{"damage":1.0,"enemies":"Exordium Wildlife","floor":7.0,"turns":2.0},{"damage":2.0,"enemies":"2 Fungi Beasts","floor":8.0,"turns":3.0},{"damage":10.0,"enemies":"Looter","floor":11.0,"turns":4.0},{"damage":0.0,"enemies":"Gremlin Nob","floor":12.0,"turns":2.0},{"damage":2.0,"enemies":"Gremlin Gang","floor":13.0,"turns":4.0},{"damage":12.0,"enemies":"3 Sentries","floor":14.0,"turns":7.0},{"damage":10.0,"enemies":"The Guardian","floor":16.0,"turns":11.0},{"damage":4.0,"enemies":"3 Byrds","floor":18.0,"turns":4.0},{"damage":15.0,"enemies":"2 Thieves","floor":22.0,"turns":4.0},{"damage":36.0,"enemies":"Slavers","floor":23.0,"turns":6.0},{"damage":0.0,"enemies":"Book of Stabbing","floor":25.0,"turns":2.0},{"damage":0.0,"enemies":"Chosen and Byrds","floor":28.0,"turns":5.0},{"damage":11.0,"enemies":"Colosseum Slavers","floor":30.0,"turns":6.0},{"damage":11.0,"enemies":"Colosseum Nobs","floor":30.0,"turns":4.0},{"damage":0.0,"enemies":"Sentry and Sphere","floor":31.0,"turns":3.0},{"damage":63,"enemies":"Champ","floor":33,"turns":8}],"seed_played":"-615028536029621176","potions_obtained":[{"floor":1.0,"key":"Energy Potion"},{"floor":2.0,"key":"SkillPotion"},{"floor":7.0,"key":"Fruit Juice"},{"floor":8.0,"key":"Energy Potion"},{"floor":14.0,"key":"Block Potion"},{"floor":18.0,"key":"Explosive Potion"},{"floor":22.0,"key":"Dexterity Potion"},{"floor":25.0,"key":"DistilledChaos"}],"is_trial":false,"path_per_floor":["M","M","M","M","?","M","M","M","T","R","M","E","M","E","R","B",null,"M","$","?","T","M","E","T","E","T","$","M","R","?","M","R","B"],"character_chosen":"WATCHER","items_purchased":["MentalFortress","Orrery","Lantern","Adaptation"],"campfire_rested":3,"item_purchase_floors":[19,19,27,27],"current_hp_per_floor":[65,65,65,59,59,49,48,51,51,51,41,41,39,27,50,40,68,64,64,58,58,43,9,9,9,9,24,26,50,28,28,52,0,0],"gold":168,"neow_bonus":"THREE_ENEMY_KILL","is_daily":false,"chose_seed":false,"campfire_upgraded":1,"win_rate":0.0,"timestamp":1611538014,"path_taken":["M","M","M","M","?","M","M","?","T","R","M","E","?","E","R","BOSS","M","$","?","?","?","E","?","E","T","?","M","R","?","M","R","BOSS"],"items_purchased_type":["Card","Relic","Relic","Card"],"build_version":"2020-12-22","purchased_purges":1,"victory":false,"max_hp_per_floor":[72,72,72,72,72,72,72,77,77,77,77,77,77,77,77,77,77,77,77,77,77,77,79,79,79,79,79,81,81,81,81,81,81,81],"card_choices":[{"not_picked":["ClearTheMind","Study"],"picked":"Tantrum","floor":1.0},{"not_picked":["BowlingBash","WaveOfTheHand"],"picked":"Consecrate","floor":2.0},{"not_picked":["Prostrate","Pray","Halt"],"picked":"SKIP","floor":3.0},{"not_picked":["Tantrum","LikeWater","WindmillStrike"],"picked":"SKIP","floor":4.0},{"not_picked":["Protect","Prostrate"],"picked":"Study","floor":6.0},{"not_picked":["FollowUp","Weave","PathToVictory"],"picked":"SKIP","floor":7.0},{"not_picked":["Evaluate","Protect","ReachHeaven"],"picked":"SKIP","floor":8.0},{"not_picked":["Indignation","JustLucky"],"picked":"Vault","floor":11.0},{"not_picked":["FollowUp","JustLucky"],"picked":"Perseverance","floor":12.0},{"not_picked":["Nirvana","Study"],"picked":"Halt","floor":13.0},{"not_picked":["CrushJoints","Prostrate"],"picked":"Devotion","floor":14.0},{"not_picked":["Vault","Blasphemy"],"picked":"SpiritShield","floor":16.0},{"not_picked":["EmptyBody","CutThroughFate+1"],"picked":"FlurryOfBlows+1","floor":18.0},{"not_picked":["DeusExMachina","FollowUp+1"],"picked":"MentalFortress","floor":19.0},{"not_picked":["BowlingBash+1","PathToVictory"],"picked":"FlurryOfBlows","floor":19.0},{"not_picked":["SashWhip","Pray"],"picked":"CrushJoints","floor":19.0},{"not_picked":["PathToVictory","Prostrate","Crescendo"],"picked":"SKIP","floor":22.0},{"not_picked":["FollowUp","Consecrate+1","Brilliance"],"picked":"Singing Bowl","floor":23.0},{"not_picked":["Wireheading","CutThroughFate+1"],"picked":"EmptyBody","floor":25.0},{"not_picked":["Indignation","Consecrate+1","FollowUp"],"picked":"Singing Bowl","floor":28.0},{"not_picked":["WaveOfTheHand","WindmillStrike"],"picked":"EmptyBody+1","floor":30.0},{"not_picked":["Halt+1","Protect"],"picked":"EmptyFist","floor":31.0}],"player_experience":215898,"relics_obtained":[{"floor":9.0,"key":"Gambling Chip"},{"floor":12.0,"key":"Orichalcum"},{"floor":14.0,"key":"Pocketwatch"},{"floor":21.0,"key":"PreservedInsect"},{"floor":23.0,"key":"Singing Bowl"},{"floor":24.0,"key":"Bronze Scales"},{"floor":25.0,"key":"Torii"},{"floor":26.0,"key":"MealTicket"},{"floor":30.0,"key":"StoneCalendar"},{"floor":30.0,"key":"Bottled Lightning"}],"event_choices":[{"cards_removed":["Strike_P"],"damage_healed":0.0,"max_hp_gain":0.0,"max_hp_loss":0.0,"gold_gain":0.0,"event_name":"Purifier","player_choice":"Purged","floor":5.0,"gold_loss":0.0,"damage_taken":0.0},{"damage_healed":0.0,"max_hp_gain":0.0,"max_hp_loss":0.0,"gold_gain":0.0,"event_name":"Nest","player_choice":"Joined the Cult","floor":20.0,"gold_loss":0.0,"damage_taken":6.0,"cards_obtained":["RitualDagger"]},{"damage_healed":0.0,"max_hp_gain":0.0,"max_hp_loss":0.0,"gold_gain":0.0,"event_name":"Colosseum","player_choice":"Fight","floor":30.0,"gold_loss":0.0,"damage_taken":0.0},{"damage_healed":0.0,"max_hp_gain":0.0,"max_hp_loss":0.0,"gold_gain":0.0,"event_name":"Colosseum","player_choice":"Fought Nobs","floor":30.0,"gold_loss":0.0,"damage_taken":0.0}],"is_beta":false,"boss_relics":[{"not_picked":["Velvet Choker","Fusion Hammer"],"picked":"Empty Cage"}],"items_purged_floors":[19],"is_endless":false,"potions_floor_spawned":[1,2,7,8,14,18,22,25],"killed_by":"Champ","ascension_level":9}}