{"host":"hwrdjx5eod2cxh09","time":1611579532,"event":{"mods":["AchievementEnabler","BaseMod","Bestiary","Minty Spire (QoL Compilation)","Relic Stats"],"gold_per_floor":[116,134,151,166,184,184,184,214,267,267,286,313,330,38,38,139,139,153,166,186,37,37,68,248,262,262,292,309,309,309,319,319,416,416,428,114,114,133,148,177,194,194,194,225,236,249,249,7,7,7],"floor_reached":51,"language":"ENG","playtime":2147,"items_purged":["Strike_R","Strike_R","Strike_R","Strike_R"],"score":763,"play_id":"c57d653a-f0a1-463b-8a11-f42e0eda0481","local_time":"20210125215852","is_ascension_mode":false,"campfire_choices":[{"data":"Armaments","floor":6.0,"key":"SMITH"},{"data":"Pommel Strike","floor":10.0,"key":"SMITH"},{"data":"Body Slam","floor":15.0,"key":"SMITH"},{"data":"Body Slam","floor":30.0,"key":"SMITH"},{"data":"Shrug It Off","floor":32.0,"key":"SMITH"},{"data":"Shrug It Off","floor":42.0,"key":"SMITH"},{"data":"True Grit","floor":49.0,"key":"SMITH"}],"circlet_count":0,"master_deck":["Strike_R","Defend_R+1","Defend_R","Defend_R","Defend_R+1","Bash+1","Clothesline+1","Armaments+1","Pommel Strike+1","Body Slam+1","Cleave","Warcry","Clash","Clash+1","Shrug It Off+1","Shrug It Off+1","Body Slam+1","True Grit+1","Shrug It Off+1","True Grit+1","Dark Shackles","Panache"],"relics":["Burning Blood","Happy Flower","War Paint","StrikeDummy","Membership Card","Lantern","Sozu","Red Skull","Blood Vial","Torii","Oddly Smooth Stone","Anchor","Runic Pyramid","Bronze Scales","CaptainsWheel","Meat on the Bone","Kunai","Boot","Nunchaku"],"acts_visited":["Exordium","TheCity","TheBeyond"],"potions_floor_usage":[50,50],"damage_taken":[{"damage":5.0,"enemies":"Small Slimes","floor":1.0,"turns":4.0},{"damage":1.0,"enemies":"Cultist","floor":2.0,"turns":3.0},{"damage":3.0,"enemies":"Jaw Worm","floor":3.0,"turns":3.0},{"damage":9.0,"enemies":"Looter","floor":4.0,"turns":3.0},{"damage":3.0,"enemies":"Red Slaver","floor":5.0,"turns":5.0},{"damage":26.0,"enemies":"Lagavulin","floor":8.0,"turns":7.0},{"damage":0.0,"enemies":"Exordium Wildlife","floor":11.0,"turns":3.0},{"damage":12.0,"enemies":"Gremlin Nob","floor":12.0,"turns":4.0},{"damage":2.0,"enemies":"Blue Slaver","floor":13.0,"turns":3.0},{"damage":14.0,"enemies":"The Guardian","floor":16.0,"turns":10.0},{"damage":2.0,"enemies":"3 Byrds","floor":18.0,"turns":5.0},{"damage":5.0,"enemies":"Chosen","floor":19.0,"turns":4.0},{"damage":6.0,"enemies":"Snake Plant","floor":20.0,"turns":3.0},{"damage":30.0,"enemies":"Slavers","floor":23.0,"turns":4.0},{"damage":0.0,"enemies":"Cultist and Chosen","floor":25.0,"turns":4.0},{"damage":2.0,"enemies":"Gremlin Leader","floor":27.0,"turns":5.0},{"damage":0.0,"enemies":"Snecko","floor":28.0,"turns":3.0},{"damage":0.0,"enemies":"Shelled Parasite and Fungi","floor":31.0,"turns":2.0},{"damage":27.0,"enemies":"Automaton","floor":33.0,"turns":9.0},{"damage":0.0,"enemies":"Orb Walker","floor":35.0,"turns":3.0},{"damage":0.0,"enemies":"3 Darklings","floor":38.0,"turns":4.0},{"damage":0.0,"enemies":"Writhing Mass","floor":39.0,"turns":3.0},{"damage":1.0,"enemies":"Giant Head","floor":40.0,"turns":8.0},{"damage":0.0,"enemies":"Spire Growth","floor":41.0,"turns":3.0},{"damage":6.0,"enemies":"Nemesis","floor":44.0,"turns":5.0},{"damage":0.0,"enemies":"Sphere and 2 Shapes","floor":45.0,"turns":5.0},{"damage":0.0,"enemies":"Jaw Worm Horde","floor":46.0,"turns":4.0},{"damage":2,"enemies":"Awakened One","floor":50,"turns":14}],"seed_played":"2389626154473615178","potions_obtained":[{"floor":1.0,"key":"Strength Potion"},{"floor":4.0,"key":"ColorlessPotion"},{"floor":7.0,"key":"Explosive Potion"},{"floor":7.0,"key":"EntropicBrew"},{"floor":12.0,"key":"Dexterity Potion"}],"is_trial":false,"path_per_floor":["M","M","M","M","M","R","?","E","T","R","M","E","M","$","R","B",null,"M","M","M","$","?","E","?","M","T","E","M","T","R","M","R","B",null,"M","$","?","M","M","E","M","R","T","E","M","M","?","$","R","B",null],"character_chosen":"IRONCLAD","items_purchased":["Membership Card","Lantern","Clash","Shrug It Off","Red Skull","Bronze Scales","Shrug It Off","CaptainsWheel","Nunchaku","Panache"],"campfire_rested":0,"item_purchase_floors":[14,14,14,21,21,36,36,36,48,48],"current_hp_per_floor":[80,80,80,77,80,80,80,60,60,60,66,60,64,64,64,56,80,80,80,80,80,80,56,31,39,39,45,53,53,53,61,61,42,80,80,80,80,80,80,80,80,80,80,80,80,80,80,80,80,80],"gold":7,"neow_bonus":"UPGRADE_CARD","is_daily":false,"chose_seed":false,"campfire_upgraded":7,"win_rate":0.0,"timestamp":1611579532,"path_taken":["M","M","M","M","M","R","?","E","T","R","?","E","M","$","R","BOSS","M","M","M","$","?","E","?","?","T","E","M","?","R","M","R","BOSS","M","$","?","M","M","E","?","R","T","E","M","M","?","$","R","BOSS"],"items_purchased_type":["Relic","Relic","Card","Card","Relic","Relic","Card","Relic","Relic","Card"],"build_version":"2020-12-22","purchased_purges":4,"victory":true,"max_hp_per_floor":[80,80,80,80,80,80,80,80,80,80,80,80,80,80,80,80,80,80,80,80,80,80,80,80,80,80,80,80,80,80,80,80,80,80,80,80,80,80,80,80,80,80,80,80,80,80,80,80,80,80],"relic_stats":{"Happy Flower":[36],"Torii":15,"counters":[28,133],"War Paint":["Defend_R","Defend_R"],"Boot":[7],"Burning Blood":109,"Sozu":4,"Blood Vial":10,"Nunchaku":[1],"Bronze Scales":[143],"Kunai":[2],"obtain_stats":[{"Lantern":14,"Happy Flower":8,"Torii":26,"Oddly Smooth Stone":27,"War Paint":9,"Boot":44,"Burning Blood":0,"Sozu":17,"Blood Vial":23,"Anchor":29,"CaptainsWheel":36,"Nunchaku":48,"Bronze Scales":36,"Membership Card":14,"Kunai":43,"StrikeDummy":12,"Red Skull":21,"Runic Pyramid":34,"Meat on the Bone":40},{"Lantern":9,"Happy Flower":6,"Torii":15,"Oddly Smooth Stone":16,"War Paint":6,"Boot":25,"Burning Blood":0,"Sozu":10,"Blood Vial":14,"Anchor":17,"CaptainsWheel":20,"Nunchaku":27,"Bronze Scales":20,"Membership Card":9,"Kunai":24,"StrikeDummy":8,"Red Skull":13,"Runic Pyramid":19,"Meat on the Bone":23},{"Lantern":35,"Happy Flower":25,"Torii":65,"Oddly Smooth Stone":70,"War Paint":25,"Boot":110,"Burning Blood":0,"Sozu":45,"Blood Vial":61,"Anchor":73,"CaptainsWheel":87,"Nunchaku":119,"Bronze Scales":87,"Membership Card":35,"Kunai":105,"StrikeDummy":32,"Red Skull":57,"Runic Pyramid":84,"Meat on the Bone":102}],"Meat on the Bone":0},"card_choices":[{"not_picked":["Pummel","Sentinel","Rage"],"picked":"SKIP","floor":1.0},{"not_picked":["Sword Boomerang","Havoc"],"picked":"Clothesline","floor":2.0},{"not_picked":["Thunderclap","Uppercut"],"picked":"Armaments","floor":3.0},{"not_picked":["Dark Embrace","Perfected Strike"],"picked":"Pommel Strike","floor":4.0},{"not_picked":["Dual Wield","Heavy Blade","Anger"],"picked":"SKIP","floor":5.0},{"not_picked":["Juggernaut","Carnage","Flex"],"picked":"SKIP","floor":8.0},{"not_picked":["Sword Boomerang","Pommel Strike"],"picked":"Body Slam","floor":11.0},{"not_picked":["Hemokinesis","Spot Weakness"],"picked":"Cleave","floor":12.0},{"not_picked":["Perfected Strike","Shockwave"],"picked":"Warcry","floor":13.0},{"not_picked":["Shockwave+1","Evolve+1"],"picked":"Clash+1","floor":18.0},{"not_picked":["Flex","Twin Strike","Perfected Strike+1"],"picked":"SKIP","floor":19.0},{"not_picked":["Reckless Charge","Thunderclap"],"picked":"Shrug It Off+1","floor":20.0},{"not_picked":["Battle Trance","Evolve","Bludgeon"],"picked":"SKIP","floor":23.0},{"not_picked":["Sever Soul","Pommel Strike","Spot Weakness"],"picked":"SKIP","floor":25.0},{"not_picked":["Seeing Red","Fiend Fire","Whirlwind"],"picked":"SKIP","floor":27.0},{"not_picked":["Sword Boomerang+1","True Grit","Hemokinesis"],"picked":"SKIP","floor":28.0},{"not_picked":["Cleave","Searing Blow","Clothesline+1"],"picked":"SKIP","floor":31.0},{"not_picked":["Warcry","Hemokinesis+1"],"picked":"True Grit+1","floor":35.0},{"not_picked":["Inflame","Thunderclap+1","Anger+1"],"picked":"SKIP","floor":38.0},{"not_picked":["Pommel Strike","Metallicize+1","Warcry+1"],"picked":"SKIP","floor":39.0},{"not_picked":["Barricade","Rupture","Disarm"],"picked":"SKIP","floor":40.0},{"not_picked":["Iron Wave","Rupture+1","Twin Strike"],"picked":"SKIP","floor":41.0},{"not_picked":["Iron Wave","Reckless Charge+1"],"picked":"True Grit","floor":44.0},{"not_picked":["Twin Strike","Clothesline","Clash+1"],"picked":"SKIP","floor":45.0},{"not_picked":["Perfected Strike","Evolve+1","Exhume"],"picked":"SKIP","floor":46.0},{"not_picked":["Jack Of All Trades","Bandage Up"],"picked":"Dark Shackles","floor":47.0}],"player_experience":296626,"relics_obtained":[{"floor":8.0,"key":"Happy Flower"},{"floor":9.0,"key":"War Paint"},{"floor":12.0,"key":"StrikeDummy"},{"floor":23.0,"key":"Blood Vial"},{"floor":26.0,"key":"Torii"},{"floor":27.0,"key":"Oddly Smooth Stone"},{"floor":29.0,"key":"Anchor"},{"floor":40.0,"key":"Meat on the Bone"},{"floor":43.0,"key":"Kunai"},{"floor":44.0,"key":"Boot"}],"event_choices":[{"damage_healed":0.0,"max_hp_gain":0.0,"max_hp_loss":0.0,"gold_gain":0.0,"event_name":"Lab","player_choice":"Got Potions","floor":7.0,"gold_loss":0.0,"damage_taken":0.0},{"damage_healed":0.0,"max_hp_gain":0.0,"max_hp_loss":0.0,"gold_gain":0.0,"event_name":"The Library","player_choice":"Read","floor":22.0,"gold_loss":0.0,"damage_taken":0.0,"cards_obtained":["Body Slam"]},{"damage_healed":0.0,"max_hp_gain":0.0,"max_hp_loss":0.0,"gold_gain":180.0,"event_name":"Knowing Skull","player_choice":"GOLD POTION GOLD ","floor":24.0,"potions_obtained":[],"gold_loss":0.0,"damage_taken":25.0,"cards_obtained":[]},{"damage_healed":0.0,"max_hp_gain":0.0,"max_hp_loss":0.0,"gold_gain":0.0,"event_name":"Accursed Blacksmith","player_choice":"Forge","floor":37.0,"gold_loss":0.0,"damage_taken":0.0,"cards_upgraded":["Clothesline"]},{"damage_healed":0.0,"max_hp_gain":0.0,"max_hp_loss":0.0,"gold_gain":0.0,"event_name":"SensoryStone","player_choice":"Memory 1","floor":47.0,"gold_loss":0.0,"damage_taken":0.0}],"is_beta":false,"boss_relics":[{"not_picked":["Black Blood","Fusion Hammer"],"picked":"Sozu"},{"not_picked":["Tiny House","Busted Crown"],"picked":"Runic Pyramid"}],"items_purged_floors":[14,21,36,48],"is_endless":false,"potions_floor_spawned":[1,4,12,16,19,25,27,31,33,38,45,46],"ascension_level":0}}