{"host":"61y0z9o9vf3ujftj","time":1611578027,"event":{"mods":["BaseMod","Colored Map","Colored Powertips","GifTheSpireLib","HexUI Lib","Highlight Path","Minty Spire (QoL Compilation)","Relic Stats","StSLib","ojb\u0027s Info Mod"],"gold_per_floor":[114,125,34,34,50,50,50,81,106,43,43,68,83,116,116,213,213,230,246,264,264,7,7,72,87,113,144,144,172,172,191,191,290,290,310,360,360,372,247,273,273,305,305,305,1,21,47,60,60,60],"floor_reached":51,"language":"ENG","playtime":3368,"items_purged":["Pain","Strike_P","Defend_P","Defend_P"],"score":1271,"play_id":"7d7cd6bc-4c50-447f-ae37-40dc3a507cb5","local_time":"20210125063347","is_ascension_mode":true,"campfire_choices":[{"data":"Eruption","floor":6.0,"key":"SMITH"},{"data":"ForeignInfluence","floor":15.0,"key":"SMITH"},{"data":"Vault","floor":23.0,"key":"SMITH"},{"data":"Vault","floor":28.0,"key":"SMITH"},{"data":"EmptyFist","floor":30.0,"key":"SMITH"},{"data":"TalkToTheHand","floor":32.0,"key":"SMITH"},{"data":"Perseverance","floor":41,"key":"SMITH"},{"data":"Wish","floor":49,"key":"SMITH"}],"circlet_count":0,"master_deck":["Strike_P","Strike_P","Defend_P","Defend_P","Eruption+1","Vigilance","Indignation","ForeignInfluence+1","Flash of Steel+1","FlurryOfBlows","WheelKick+1","FearNoEvil","EmptyFist+1","Vault+1","Protect","Crescendo+1","Vault+1","WheelKick+1","Wallop+1","TalkToTheHand+1","CurseOfTheBell","Wireheading+1","Perseverance+1","InnerPeace+1","Wish+1","Adaptation","WindmillStrike"],"relics":["SacredBark","WarpedTongs","Dream Catcher","MawBank","Blood Vial","Whetstone","SlaversCollar","Strawberry","DollysMirror","Matryoshka","Happy Flower","Vajra","StrikeDummy","Meat on the Bone","Calling Bell","Bag of Marbles","Sundial","Unceasing Top","Ice Cream","PreservedInsect","Pantograph","Art of War","HornCleat","Potion Belt","MealTicket"],"acts_visited":["Exordium","TheCity","TheBeyond"],"potions_floor_usage":[48,50,50,50,50],"damage_taken":[{"damage":5.0,"enemies":"Jaw Worm","floor":1.0,"turns":5.0},{"damage":2.0,"enemies":"Cultist","floor":2.0,"turns":3.0},{"damage":3.0,"enemies":"Small Slimes","floor":5.0,"turns":2.0},{"damage":22.0,"enemies":"3 Sentries","floor":8.0,"turns":4.0},{"damage":16.0,"enemies":"Lagavulin","floor":12.0,"turns":7.0},{"damage":1.0,"enemies":"Blue Slaver","floor":13.0,"turns":2.0},{"damage":0.0,"enemies":"Gremlin Nob","floor":14.0,"turns":2.0},{"damage":3.0,"enemies":"Hexaghost","floor":16.0,"turns":4.0},{"damage":1.0,"enemies":"3 Byrds","floor":18.0,"turns":3.0},{"damage":0.0,"enemies":"Chosen","floor":19.0,"turns":3.0},{"damage":35.0,"enemies":"Shelled Parasite and Fungi","floor":20.0,"turns":5.0},{"damage":7.0,"enemies":"Slavers","floor":24.0,"turns":6.0},{"damage":0.0,"enemies":"3 Cultists","floor":25.0,"turns":5.0},{"damage":11.0,"enemies":"Book of Stabbing","floor":27.0,"turns":4.0},{"damage":0.0,"enemies":"Slavers","floor":29.0,"turns":5.0},{"damage":0.0,"enemies":"Snecko","floor":31.0,"turns":3.0},{"damage":4.0,"enemies":"Champ","floor":33.0,"turns":6.0},{"damage":0.0,"enemies":"Orb Walker","floor":35.0,"turns":3.0},{"damage":0.0,"enemies":"Mind Bloom Boss Battle","floor":36.0,"turns":3.0},{"damage":0.0,"enemies":"3 Shapes","floor":38.0,"turns":4.0},{"damage":0,"enemies":"Reptomancer","floor":40,"turns":4},{"damage":0,"enemies":"Giant Head","floor":42,"turns":3},{"damage":0,"enemies":"3 Darklings","floor":46,"turns":2},{"damage":11,"enemies":"Nemesis","floor":47,"turns":4},{"damage":8,"enemies":"Transient","floor":48,"turns":7},{"damage":37,"enemies":"Awakened One","floor":50,"turns":7}],"seed_played":"513178322567099959","potions_obtained":[{"floor":5.0,"key":"LiquidBronze"},{"floor":8.0,"key":"FearPotion"},{"floor":12.0,"key":"ColorlessPotion"},{"floor":13.0,"key":"Regen Potion"},{"floor":20.0,"key":"Fire Potion"},{"floor":24.0,"key":"ColorlessPotion"},{"floor":27.0,"key":"SkillPotion"},{"floor":33.0,"key":"FearPotion"},{"floor":46,"key":"ColorlessPotion"},{"floor":48,"key":"LiquidBronze"}],"is_trial":false,"path_per_floor":["M","M","$","?","M","R","?","E","T","$","?","E","M","E","R","B",null,"M","M","M","?","$","R","E","M","T","E","R","E","R","M","R","B",null,"M","?","?","M","$","E","R","E","T","?","$","M","E","M","R","B",null],"character_chosen":"WATCHER","items_purchased":["Flash of Steel","DollysMirror","Potion Belt"],"campfire_rested":0,"item_purchase_floors":[3,22,45],"current_hp_per_floor":[60,58,58,58,55,55,60,38,38,38,38,22,23,25,25,24,64,65,67,34,41,41,41,36,38,38,29,29,31,31,45,45,43,74,76,78,78,80,80,82,82,84,84,84,84,84,73,67,67,65],"gold":60,"neow_bonus":"BOSS_RELIC","is_daily":false,"chose_seed":false,"campfire_upgraded":8,"win_rate":0.0,"timestamp":1611578027,"path_taken":["M","M","$","?","?","R","?","E","T","$","?","E","M","E","R","BOSS","M","M","M","?","$","R","E","M","T","E","R","E","R","M","R","BOSS","M","?","?","M","$","E","R","E","T","?","$","M","E","M","R","BOSS"],"items_purchased_type":["Card","Relic","Relic"],"build_version":"2020-12-22","purchased_purges":4,"victory":true,"max_hp_per_floor":[72,72,72,72,72,72,77,77,77,77,77,77,77,77,77,77,77,77,77,77,84,84,84,84,84,84,84,84,84,84,84,84,84,84,84,84,84,84,84,84,84,84,84,84,84,84,84,84,84,84],"relic_stats":{"Happy Flower":[18],"counters":[26,106],"PreservedInsect":172,"Whetstone":["Flash of Steel","WheelKick"],"MawBank":12,"WarpedTongs":[96],"Blood Vial":36,"Dream Catcher":0,"Sundial":[4],"Pantograph":17,"MealTicket":0,"Art of War":[1],"obtain_stats":[{"Ice Cream":36,"SacredBark":0,"Vajra":26,"Whetstone":14,"Blood Vial":12,"Dream Catcher":8,"Matryoshka":24,"HornCleat":43,"DollysMirror":22,"Sundial":34,"Strawberry":21,"Pantograph":42,"MealTicket":47,"Potion Belt":45,"Happy Flower":26,"PreservedInsect":40,"MawBank":9,"WarpedTongs":4,"Calling Bell":34,"SlaversCollar":17,"Bag of Marbles":34,"Art of War":43,"PureWater":0,"StrikeDummy":27,"Unceasing Top":34,"Meat on the Bone":29},{"Ice Cream":19,"SacredBark":0,"Vajra":13,"Whetstone":7,"Blood Vial":5,"Dream Catcher":4,"Matryoshka":12,"HornCleat":22,"DollysMirror":11,"Sundial":17,"Strawberry":11,"Pantograph":22,"MealTicket":24,"Potion Belt":22,"Happy Flower":13,"PreservedInsect":21,"MawBank":4,"WarpedTongs":2,"Calling Bell":17,"SlaversCollar":8,"Bag of Marbles":17,"Art of War":22,"PureWater":0,"StrikeDummy":14,"Unceasing Top":17,"Meat on the Bone":15},{"Ice Cream":75,"SacredBark":0,"Vajra":51,"Whetstone":25,"Blood Vial":21,"Dream Catcher":14,"Matryoshka":46,"HornCleat":86,"DollysMirror":40,"Sundial":69,"Strawberry":40,"Pantograph":86,"MealTicket":92,"Potion Belt":86,"Happy Flower":51,"PreservedInsect":83,"MawBank":14,"WarpedTongs":8,"Calling Bell":69,"SlaversCollar":29,"Bag of Marbles":69,"Art of War":86,"PureWater":0,"StrikeDummy":55,"Unceasing Top":69,"Meat on the Bone":60}],"Unceasing Top":[1],"Meat on the Bone":12},"card_choices":[{"not_picked":["EmptyFist","EmptyBody"],"picked":"Indignation","floor":1.0},{"not_picked":["PathToVictory","ClearTheMind"],"picked":"ForeignInfluence","floor":2.0},{"not_picked":["WaveOfTheHand","SandsOfTime"],"picked":"FlurryOfBlows","floor":5.0},{"not_picked":["SandsOfTime","ThirdEye"],"picked":"WheelKick","floor":8.0},{"not_picked":["ClearTheMind","ThirdEye"],"picked":"FearNoEvil","floor":12.0},{"not_picked":["BowlingBash","FlurryOfBlows"],"picked":"EmptyFist","floor":13.0},{"not_picked":["WaveOfTheHand","Worship","Establishment"],"picked":"SKIP","floor":14.0},{"not_picked":["DevaForm","Establishment"],"picked":"Vault","floor":16.0},{"not_picked":["FlurryOfBlows","FlyingSleeves"],"picked":"Protect","floor":18.0},{"not_picked":["BowlingBash","PathToVictory"],"picked":"Crescendo+1","floor":19.0},{"not_picked":["Conclude","CrushJoints","BowlingBash"],"picked":"SKIP","floor":20.0},{"not_picked":["InnerPeace","ClearTheMind+1"],"picked":"WheelKick+1","floor":24.0},{"not_picked":["Blasphemy","EmptyBody"],"picked":"Wallop+1","floor":25.0},{"not_picked":["FollowUp","SandsOfTime+1"],"picked":"TalkToTheHand","floor":27.0},{"not_picked":["Indignation","Fasting2","JustLucky+1"],"picked":"SKIP","floor":29.0},{"not_picked":["ClearTheMind","Crescendo","Evaluate"],"picked":"SKIP","floor":31.0},{"not_picked":["FearNoEvil","WreathOfFlame+1","Protect+1"],"picked":"SKIP","floor":35.0},{"not_picked":["FlyingSleeves","SashWhip+1"],"picked":"Wireheading+1","floor":36.0},{"not_picked":["EmptyFist","EmptyBody","BowlingBash"],"picked":"SKIP","floor":38.0},{"not_picked":["FollowUp","Prostrate","Perseverance"],"picked":"SKIP","floor":40},{"not_picked":["FollowUp","Prostrate"],"picked":"Perseverance","floor":40},{"not_picked":["ThirdEye+1","Halt"],"picked":"InnerPeace+1","floor":42},{"not_picked":["PathToVictory","EmptyBody"],"picked":"Wish","floor":46},{"not_picked":["FollowUp+1","SashWhip"],"picked":"Adaptation","floor":47},{"not_picked":["EmptyFist+1","ThirdEye+1"],"picked":"WindmillStrike","floor":48}],"player_experience":409651,"relics_obtained":[{"floor":8.0,"key":"Dream Catcher"},{"floor":9.0,"key":"MawBank"},{"floor":12.0,"key":"Blood Vial"},{"floor":14.0,"key":"Whetstone"},{"floor":24.0,"key":"Matryoshka"},{"floor":26.0,"key":"Happy Flower"},{"floor":26.0,"key":"Vajra"},{"floor":27.0,"key":"StrikeDummy"},{"floor":29.0,"key":"Meat on the Bone"},{"floor":34.0,"key":"Bag of Marbles"},{"floor":34.0,"key":"Sundial"},{"floor":34.0,"key":"Unceasing Top"},{"floor":36.0,"key":"Ice Cream"},{"floor":40,"key":"PreservedInsect"},{"floor":42,"key":"Pantograph"},{"floor":43,"key":"Art of War"},{"floor":43,"key":"HornCleat"},{"floor":47,"key":"MealTicket"}],"event_choices":[{"damage_healed":0.0,"max_hp_gain":0.0,"max_hp_loss":0.0,"gold_gain":0.0,"event_name":"Accursed Blacksmith","player_choice":"Rummage","floor":4.0,"gold_loss":0.0,"damage_taken":0.0,"relics_obtained":["WarpedTongs"],"cards_obtained":["Pain"]},{"damage_healed":0.0,"max_hp_gain":5.0,"max_hp_loss":0.0,"gold_gain":0.0,"event_name":"Big Fish","player_choice":"Donut","floor":7.0,"gold_loss":0.0,"damage_taken":0.0},{"cards_removed":["Strike_P"],"damage_healed":0.0,"max_hp_gain":0.0,"max_hp_loss":0.0,"gold_gain":0.0,"event_name":"Purifier","player_choice":"Purged","floor":11.0,"gold_loss":0.0,"damage_taken":0.0},{"damage_healed":0.0,"max_hp_gain":0.0,"max_hp_loss":0.0,"gold_gain":0.0,"event_name":"The Mausoleum","player_choice":"Opened","floor":21.0,"gold_loss":0.0,"damage_taken":0.0,"relics_obtained":["Strawberry"]},{"damage_healed":0.0,"max_hp_gain":0.0,"max_hp_loss":0.0,"gold_gain":0.0,"event_name":"MindBloom","player_choice":"Fight","floor":36.0,"gold_loss":0.0,"damage_taken":0.0},{"damage_healed":0.0,"max_hp_gain":0.0,"max_hp_loss":0.0,"gold_gain":0.0,"event_name":"Tomb of Lord Red Mask","player_choice":"Ignored","floor":37.0,"gold_loss":0.0,"damage_taken":0.0},{"damage_healed":0,"gold_gain":0,"player_choice":"0 cards matched","damage_taken":0,"max_hp_gain":0,"max_hp_loss":0,"event_name":"Match and Keep!","floor":44,"gold_loss":0,"cards_obtained":[]}],"is_beta":false,"boss_relics":[{"not_picked":["Cursed Key","Empty Cage"],"picked":"SlaversCollar"},{"not_picked":["Busted Crown","Philosopher\u0027s Stone"],"picked":"Calling Bell"}],"items_purged_floors":[10,22,39,45],"is_endless":false,"potions_floor_spawned":[5,8,12,13,20,24,27,33,36,42,46,48],"ascension_level":7}}