{"host":"8p5c6x4qt9411139","time":1611558394,"event":{"mods":["Aspiration","BaseMod","Infinite Spire","Minty Spire (QoL Compilation)","Replay The Spire","Shop Mod","StSLib","The Animator"],"gold_per_floor":[116,116,131,231,246,281,291,291,291,360,392,392],"floor_reached":11,"language":"ENG","playtime":266,"items_purged":[],"score":133,"play_id":"682fa1a9-7d2f-4c09-b1d2-d79fc56703a3","local_time":"20210124230634","is_ascension_mode":true,"campfire_choices":[{"data":"Searing Blow","floor":8,"key":"SMITH"}],"circlet_count":0,"master_deck":["AscendersBane","Strike_R","Strike_R","Strike_R","Strike_R","Strike_R","Defend_R","Defend_R","Defend_R","Defend_R","Bash","Clumsy","Shrug It Off","ReplayTheSpireMod:Muscle Training","Uppercut","Searing Blow+1","Abandon"],"relics":["Burning Blood","infinitespire:CursedDice","Red Skull","ReplayTheSpireMod:Ninjato","Sundial","Smiling Mask"],"acts_visited":["Exordium"],"potions_floor_usage":[11,11],"damage_taken":[{"damage":1,"enemies":"2 Louse","floor":1,"turns":2},{"damage":10,"enemies":"Small Slimes","floor":3,"turns":4},{"damage":6,"enemies":"Cultist","floor":5,"turns":3},{"damage":39,"enemies":"Replay:BlueRogue","floor":6,"turns":7},{"damage":7,"enemies":"Blue Slaver","floor":7,"turns":4},{"damage":34,"enemies":"3 Sentries","floor":11,"turns":8}],"seed_played":"-4170774152589898108","potions_obtained":[{"floor":3,"key":"Reflective Coating"},{"floor":5,"key":"Elixir"}],"is_trial":false,"path_per_floor":["M","?","M","?","M","E","M","R","T","T","E"],"character_chosen":"IRONCLAD","items_purchased":[],"campfire_rested":0,"item_purchase_floors":[],"current_hp_per_floor":[77,82,78,78,78,45,44,44,44,44,16,16],"gold":392,"neow_bonus":"ONE_RARE_RELIC","is_daily":false,"chose_seed":false,"campfire_upgraded":1,"win_rate":0.0,"timestamp":1611558394,"path_taken":["M","?","M","?","M","E","M","R","T","T","E"],"items_purchased_type":[],"build_version":"2020-12-22","purchased_purges":0,"victory":false,"max_hp_per_floor":[80,85,85,85,85,85,85,85,85,85,85,85],"card_choices":[{"not_picked":["Clash","Havoc","Thunderclap"],"picked":"SKIP","floor":1},{"not_picked":["Power Through","Shockwave"],"picked":"Shrug It Off","floor":3},{"not_picked":["Ghostly Armor","Heavy Blade"],"picked":"ReplayTheSpireMod:Muscle Training","floor":5},{"not_picked":["Warcry","ReplayTheSpireMod:Strike From Hell"],"picked":"Uppercut","floor":6},{"not_picked":["ReplayTheSpireMod:Strike From Hell","Cleave"],"picked":"Searing Blow","floor":7},{"not_picked":["Twin Strike","Exhume"],"picked":"Abandon","floor":11}],"player_experience":392686,"relics_obtained":[{"floor":6,"key":"Red Skull"},{"floor":9,"key":"ReplayTheSpireMod:Ninjato"},{"floor":10,"key":"Sundial"},{"floor":11,"key":"Smiling Mask"}],"event_choices":[{"damage_healed":0,"gold_gain":0,"player_choice":"Donut","damage_taken":0,"max_hp_gain":5,"max_hp_loss":0,"event_name":"Big Fish","floor":2,"gold_loss":0},{"damage_healed":0,"gold_gain":100,"player_choice":"Pray","damage_taken":0,"max_hp_gain":0,"max_hp_loss":0,"event_name":"Golden Shrine","floor":4,"gold_loss":0}],"is_beta":false,"boss_relics":[],"items_purged_floors":[],"is_endless":false,"potions_floor_spawned":[3,5],"killed_by":"3 Sentries","ascension_level":12}}