{"host":"i0avyit1s6jb1siw","time":1611592085,"event":{"mods":["BaseMod","DeckTracker","Dota2Spire","Highlight Path","Minty Spire (QoL Compilation)","Quick Restart","StSLib","SuperFastMode"],"gold_per_floor":[115,115,131,56,67,67,85,105,105,130,150,150,162,190,206,240,240,318,318,338,15,15,61,61,107,107,141,181,197,274,274,318,318,333,333,44,104,19,19,127,127,138,178,233,245,286,342,342,406,406,406,406,406],"floor_reached":52,"language":"ENG","playtime":1450,"items_purged":["Strike_G","Strike_G","Strike_G"],"score":1286,"play_id":"efc98646-dcbb-4961-9ef2-afe0c5bc1af1","local_time":"20210125172805","is_ascension_mode":true,"campfire_choices":[{"data":"All Out Attack","floor":6,"key":"SMITH"},{"data":"Bouncing Flask","floor":12,"key":"SMITH"},{"data":"Noxious Fumes","floor":17,"key":"SMITH"},{"floor":26,"key":"REST"},{"data":"Well Laid Plans","floor":33,"key":"SMITH"},{"data":"Tactician","floor":35,"key":"SMITH"},{"data":"Adrenaline","floor":39,"key":"SMITH"}],"circlet_count":0,"master_deck":["AscendersBane","Strike_G","Defend_G","Defend_G","Defend_G","Defend_G","Defend_G","Survivor","Neutralize","Bouncing Flask+1","All Out Attack+1","Backstab","Noxious Fumes+1","Footwork","Malaise","Masterful Stab","Reflex","Endless Agony","Adrenaline+1","Tactician+1","Prepared","Backflip","Well Laid Plans+1","Acrobatics","Accuracy","Bullet Time","Escape Plan+1","Outmaneuver+1","Tactician","Calculated Gamble","Finesse","Panacea","Concentrate"],"relics":["Ring of the Snake","NeowsBlessing","Ginger","Toy Ornithopter","Dota2Spire:Satanic","Dead Branch","Philosopher\u0027s Stone","Dota2Spire:HandOfMidas","Strawberry","Paper Crane","GremlinMask","Lee\u0027s Waffle","Dota2Spire:EchoSabre","Ice Cream","HoveringKite","Shovel","Dota2Spire:ArmletOfMordiggian","Dota2Spire:DrumOfEndurance","Dota2Spire:BattleFury"],"acts_visited":["Exordium","TheCity","TheBeyond"],"potions_floor_usage":[16,18,25,27,45,47],"damage_taken":[{"damage":0,"enemies":"Small Slimes","floor":1,"turns":1},{"damage":0,"enemies":"Cultist","floor":3,"turns":1},{"damage":0,"enemies":"Jaw Worm","floor":5,"turns":1},{"damage":0,"enemies":"3 Louse","floor":7,"turns":1},{"damage":0,"enemies":"Red Slaver","floor":8,"turns":3},{"damage":3,"enemies":"Looter","floor":11,"turns":3},{"damage":6,"enemies":"2 Fungi Beasts","floor":13,"turns":3},{"damage":26,"enemies":"Gremlin Nob","floor":14,"turns":4},{"damage":6,"enemies":"Blue Slaver","floor":15,"turns":3},{"damage":4,"enemies":"Lagavulin","floor":16,"turns":5},{"damage":12,"enemies":"The Guardian","floor":18,"turns":8},{"damage":12,"enemies":"3 Byrds","floor":20,"turns":3},{"damage":3,"enemies":"Shell Parasite","floor":23,"turns":3},{"damage":21,"enemies":"Chosen and Byrds","floor":25,"turns":5},{"damage":23,"enemies":"Slavers","floor":27,"turns":4},{"damage":0,"enemies":"3 Cultists","floor":28,"turns":2},{"damage":0,"enemies":"Snecko","floor":29,"turns":2},{"damage":3,"enemies":"Cultist and Chosen","floor":32,"turns":4},{"damage":0,"enemies":"Snake Plant","floor":34,"turns":4},{"damage":4,"enemies":"Book of Stabbing","floor":37,"turns":3},{"damage":61,"enemies":"Champ","floor":40,"turns":11},{"damage":20,"enemies":"Orb Walker","floor":42,"turns":4},{"damage":27,"enemies":"3 Darklings","floor":43,"turns":4},{"damage":0,"enemies":"Mind Bloom Boss Battle","floor":44,"turns":2},{"damage":0,"enemies":"Spire Growth","floor":45,"turns":4},{"damage":26,"enemies":"Sphere and 2 Shapes","floor":46,"turns":6},{"damage":0,"enemies":"Reptomancer","floor":47,"turns":5},{"damage":4,"enemies":"Nemesis","floor":49,"turns":7},{"damage":28,"enemies":"Jaw Worm Horde","floor":52,"turns":2}],"seed_played":"-4136826749561616625","potions_obtained":[{"floor":3,"key":"Swift Potion"},{"floor":7,"key":"Regen Potion"},{"floor":16,"key":"Block Potion"},{"floor":20,"key":"PowerPotion"},{"floor":28,"key":"SpeedPotion"},{"floor":34,"key":"SpeedPotion"},{"floor":43,"key":"PowerPotion"},{"floor":44,"key":"Fruit Juice"},{"floor":45,"key":"GamblersBrew"},{"floor":49,"key":"PowerPotion"}],"is_trial":false,"path_per_floor":["M","?","M","$","M","R","M","M","T","T","M","R","M","E","M","E","R","B",null,"M","$","?","M","?","M","R","E","M","M","T","?","M","R","M","R","$","E","?","R","B",null,"M","M","?","M","M","E","?","E","T","?","M"],"character_chosen":"THE_SILENT","items_purchased":["Dota2Spire:HandOfMidas","Prepared","Lee\u0027s Waffle"],"campfire_rested":1,"item_purchase_floors":[21,21,36],"current_hp_per_floor":[59,59,59,59,59,59,59,59,59,59,56,56,50,24,18,33,33,26,56,44,44,44,41,41,25,44,33,33,33,33,33,30,30,30,30,80,76,76,76,25,66,46,50,50,60,34,39,29,25,25,25,0,0],"gold":406,"neow_bonus":"THREE_ENEMY_KILL","is_daily":false,"chose_seed":false,"campfire_upgraded":6,"win_rate":0.0,"timestamp":1611592085,"path_taken":["M","?","M","$","M","R","M","M","T","T","M","R","?","E","M","E","R","BOSS","M","$","?","M","?","?","R","E","M","M","T","?","M","R","?","R","$","E","?","R","BOSS","M","M","?","M","M","E","?","E","T","?","M"],"items_purchased_type":["Relic","Card","Relic"],"build_version":"2020-12-22","purchased_purges":3,"victory":false,"max_hp_per_floor":[66,66,66,66,66,66,66,66,66,66,66,66,66,66,66,66,66,66,66,66,66,66,66,66,66,66,73,73,73,73,73,73,73,73,73,80,80,80,80,80,80,80,80,80,85,85,85,85,85,85,85,85,85],"card_choices":[{"not_picked":["Deflect","Infinite Blades"],"picked":"Bouncing Flask","floor":1},{"not_picked":["Flying Knee","Concentrate"],"picked":"All Out Attack","floor":3},{"not_picked":["Endless Agony","Prepared"],"picked":"Backstab","floor":5},{"not_picked":["Infinite Blades","Deflect","Choke"],"picked":"SKIP","floor":7},{"not_picked":["Dodge and Roll","Deadly Poison"],"picked":"Noxious Fumes","floor":8},{"not_picked":["Flying Knee","Predator"],"picked":"Footwork","floor":11},{"not_picked":["Backflip","Flying Knee"],"picked":"Malaise","floor":13},{"not_picked":["Bane","Expertise"],"picked":"Masterful Stab","floor":14},{"not_picked":["Outmaneuver","Blade Dance"],"picked":"Reflex","floor":15},{"not_picked":["Outmaneuver","Bane"],"picked":"Endless Agony","floor":16},{"not_picked":["Night Terror","Unload"],"picked":"Adrenaline","floor":18},{"not_picked":["Underhanded Strike","Blade Dance"],"picked":"Tactician","floor":20},{"not_picked":["Slice","Poisoned Stab"],"picked":"Backflip","floor":23},{"not_picked":["Deadly Poison","Caltrops","Poisoned Stab"],"picked":"SKIP","floor":25},{"not_picked":["Outmaneuver","Setup","Deflect"],"picked":"SKIP","floor":27},{"not_picked":["Accuracy","Heel Hook"],"picked":"Acrobatics","floor":28},{"not_picked":["Underhanded Strike","Storm of Steel","Flying Knee+1"],"picked":"SKIP","floor":29},{"not_picked":["Underhanded Strike","Finisher","Outmaneuver"],"picked":"SKIP","floor":32},{"not_picked":["Deadly Poison","Quick Slash","Poisoned Stab"],"picked":"SKIP","floor":34},{"not_picked":["Masterful Stab","Die Die Die"],"picked":"Accuracy","floor":37},{"not_picked":["Grand Finale","A Thousand Cuts"],"picked":"Bullet Time","floor":40},{"not_picked":["Prepared","Infinite Blades"],"picked":"Escape Plan+1","floor":42},{"not_picked":["Cloak And Dagger","Terror"],"picked":"Outmaneuver+1","floor":43},{"not_picked":["Deadly Poison","Dodge and Roll+1"],"picked":"Tactician","floor":44},{"not_picked":["Cloak And Dagger","Deadly Poison"],"picked":"Calculated Gamble","floor":45},{"not_picked":["Tactician","Dagger Throw","Cloak And Dagger"],"picked":"SKIP","floor":46},{"not_picked":["Terror","Dagger Spray","Phantasmal Killer"],"picked":"SKIP","floor":47},{"not_picked":["Enlightenment","Sadistic Nature"],"picked":"Finesse","floor":48},{"not_picked":["Dark Shackles","Good Instincts"],"picked":"Panacea","floor":48},{"not_picked":["Deflect","Escape Plan"],"picked":"Concentrate","floor":49}],"player_experience":2334514,"relics_obtained":[{"floor":9,"key":"Ginger"},{"floor":10,"key":"Toy Ornithopter"},{"floor":14,"key":"Dota2Spire:Satanic"},{"floor":16,"key":"Dead Branch"},{"floor":27,"key":"Strawberry"},{"floor":30,"key":"Paper Crane"},{"floor":37,"key":"Dota2Spire:EchoSabre"},{"floor":44,"key":"Shovel"},{"floor":47,"key":"Dota2Spire:ArmletOfMordiggian"},{"floor":49,"key":"Dota2Spire:DrumOfEndurance"},{"floor":50,"key":"Dota2Spire:BattleFury"}],"event_choices":[{"cards_removed":["Strike_G"],"damage_healed":0,"gold_gain":0,"player_choice":"Card Removal","damage_taken":0,"max_hp_gain":0,"max_hp_loss":0,"event_name":"Wheel of Change","floor":2,"gold_loss":0},{"damage_healed":0,"gold_gain":0,"player_choice":"Ignored","damage_taken":0,"max_hp_gain":0,"max_hp_loss":0,"event_name":"Vampires","floor":22,"gold_loss":0},{"damage_healed":0,"gold_gain":0,"player_choice":"Read","damage_taken":0,"max_hp_gain":0,"max_hp_loss":0,"event_name":"The Library","floor":24,"gold_loss":0,"cards_obtained":["Well Laid Plans"]},{"damage_healed":0,"gold_gain":0,"player_choice":"Trade","damage_taken":0,"relics_obtained":["GremlinMask"],"max_hp_gain":0,"max_hp_loss":0,"event_name":"FaceTrader","floor":31,"gold_loss":0},{"damage_healed":0,"gold_gain":0,"player_choice":"Obtained Relic","damage_taken":0,"relics_obtained":["Ice Cream"],"max_hp_gain":0,"max_hp_loss":0,"event_name":"Addict","floor":38,"gold_loss":85},{"damage_healed":0,"gold_gain":0,"player_choice":"Fight","damage_taken":0,"max_hp_gain":0,"max_hp_loss":0,"event_name":"MindBloom","floor":44,"gold_loss":0},{"damage_healed":0,"gold_gain":0,"player_choice":"Memory 3","damage_taken":10,"max_hp_gain":0,"max_hp_loss":0,"event_name":"SensoryStone","floor":48,"gold_loss":0},{"damage_healed":0,"gold_gain":0,"player_choice":"Ignored","damage_taken":0,"max_hp_gain":0,"max_hp_loss":0,"event_name":"Tomb of Lord Red Mask","floor":51,"gold_loss":0}],"is_beta":false,"boss_relics":[{"not_picked":["Fusion Hammer","SlaversCollar"],"picked":"Philosopher\u0027s Stone"},{"not_picked":["Velvet Choker","Pandora\u0027s Box"],"picked":"HoveringKite"}],"items_purged_floors":[4,21,36],"is_endless":false,"potions_floor_spawned":[3,7,8,14,15,16,20,28,34,40,43,44,45,49],"killed_by":"Jaw Worm Horde","ascension_level":20}}