{"host":"a1eatafr7pisesky","time":1611569849,"event":{"mods":["AchievementEnabler","BaseMod","Colored Map","Keyboard Shortcuts","Minty Spire (QoL Compilation)","Say the Spire","StSLib","SuperFastMode","everything is the same but u backflip on backflip"],"gold_per_floor":[115,128,303,187,198,198,198,198,198,49,111,129,164,183,183,183,183],"floor_reached":16,"language":"KOR","playtime":435,"items_purged":["Doubt","Strike_P"],"score":145,"play_id":"92f0ab6a-d1a0-4574-9f4c-f0c67ecfcc88","local_time":"20210125191729","is_ascension_mode":true,"campfire_choices":[{"data":"Eruption","floor":6.0,"key":"SMITH"},{"data":"Adaptation","floor":8.0,"key":"SMITH"},{"floor":15,"key":"REST"}],"circlet_count":0,"master_deck":["Strike_P","Strike_P","Strike_P","Defend_P","Defend_P","Defend_P","Defend_P","Eruption+1","Vigilance+1","Vault","FollowUp","InnerPeace+1","Adaptation+1","FlurryOfBlows"],"relics":["PureWater","War Paint","Toy Ornithopter","Oddly Smooth Stone"],"acts_visited":["Exordium"],"potions_floor_usage":[13,14],"damage_taken":[{"damage":12.0,"enemies":"Small Slimes","floor":1.0,"turns":3.0},{"damage":2.0,"enemies":"Jaw Worm","floor":2.0,"turns":5.0},{"damage":1.0,"enemies":"Cultist","floor":5.0,"turns":3.0},{"damage":23.0,"enemies":"3 Sentries","floor":11.0,"turns":7.0},{"damage":2.0,"enemies":"Red Slaver","floor":12.0,"turns":4.0},{"damage":15,"enemies":"3 Sentries","floor":13,"turns":8},{"damage":10,"enemies":"Lots of Slimes","floor":14,"turns":5},{"damage":44,"enemies":"Hexaghost","floor":16,"turns":11}],"seed_played":"4885877077874284591","potions_obtained":[{"floor":2.0,"key":"Swift Potion"},{"floor":13,"key":"Regen Potion"}],"is_trial":false,"path_per_floor":["M","M","?","$","M","R","?","R","T","$","?","M","E","M","R","B"],"character_chosen":"WATCHER","items_purchased":["Adaptation","SteroidPotion"],"campfire_rested":1,"item_purchase_floors":[4,10],"current_hp_per_floor":[35,33,33,33,32,32,37,37,37,37,19,17,7,16,39,0,0],"gold":183,"neow_bonus":"THREE_RARE_CARDS","is_daily":false,"chose_seed":false,"campfire_upgraded":2,"win_rate":0.0,"timestamp":1611569849,"path_taken":["M","M","?","$","M","R","?","R","T","$","?","?","E","M","R","BOSS"],"items_purchased_type":["Card","Potion"],"build_version":"2020-12-22","purchased_purges":2,"victory":false,"max_hp_per_floor":[72,72,72,72,72,72,77,77,77,77,77,77,77,77,77,77,77],"card_choices":[{"not_picked":["Devotion","Alpha"],"picked":"Vault","floor":0.0},{"not_picked":["ThirdEye","Fasting2"],"picked":"FollowUp","floor":1.0},{"not_picked":["Crescendo","PathToVictory"],"picked":"InnerPeace","floor":2.0},{"not_picked":["CutThroughFate","Evaluate","Prostrate"],"picked":"SKIP","floor":5.0},{"not_picked":["Pray","FollowUp"],"picked":"FlurryOfBlows","floor":12.0},{"not_picked":["EmptyBody","Devotion","DevaForm"],"picked":"SKIP","floor":13},{"not_picked":["Protect","Crescendo","SashWhip"],"picked":"SKIP","floor":14}],"player_experience":349725,"relics_obtained":[{"floor":9.0,"key":"War Paint"},{"floor":13,"key":"Oddly Smooth Stone"}],"event_choices":[{"damage_healed":0.0,"max_hp_gain":0.0,"max_hp_loss":0.0,"gold_gain":175.0,"event_name":"Liars Game","player_choice":"AGREE","floor":3.0,"gold_loss":0.0,"damage_taken":0.0,"cards_obtained":["Doubt"]},{"damage_healed":0.0,"max_hp_gain":5.0,"max_hp_loss":0.0,"gold_gain":0.0,"event_name":"Big Fish","player_choice":"Donut","floor":7.0,"gold_loss":0.0,"damage_taken":0.0},{"damage_healed":0.0,"max_hp_gain":0.0,"max_hp_loss":0.0,"gold_gain":0.0,"event_name":"Dead Adventurer","player_choice":"Searched \u00272\u0027 times","floor":11.0,"gold_loss":0.0,"damage_taken":0.0,"relics_obtained":["Toy Ornithopter"]}],"is_beta":false,"boss_relics":[],"items_purged_floors":[4,10],"is_endless":false,"potions_floor_spawned":[2,13],"killed_by":"Hexaghost","ascension_level":9}}