{"host":"wghdsg8ym2wc7ov9","time":1611558856,"event":{"mods":["AchievementEnabler","Astrologer","BaseMod","Beaked The Cultist","Better Altar","Better Note","ChefMod","Colored Map","Evolution","Fox Events","Hermit","Highlight Path","Jorbs\u0027s Wanderer Trilogy","KinomotoSakuraMod(????)","Minty Spire (QoL Compilation)","Random Character Button","Relic Stats","SIMod","Shop Mod","StSLib","The Blackbeard","The Bladedancer","The Construct","The Cursed","The Death Knight","The Gatherer","The Hierophant","The Marked","The Mystic","The Necromancer","The Runesmith","The Senshi","The Servant 0.9.4"],"gold_per_floor":[114,114,133,133,166,204,204,223,325,325,344,344,388,432,432,557,634,678,678,722,766,766,766],"floor_reached":22,"language":"ENG","playtime":2639,"items_purged":[],"score":188,"play_id":"eb668281-5a54-41d4-959b-73fd10e284c7","local_time":"20210124231416","daily_mods":["Chimera","Colorless Cards","Lethality"],"is_ascension_mode":false,"campfire_choices":[{"floor":7.0,"key":"REST"},{"data":"Blind","floor":10.0,"key":"SMITH"},{"data":"HandOfGreed","floor":12.0,"key":"SMITH"},{"data":"Enlightenment","floor":15.0,"key":"SMITH"}],"circlet_count":0,"master_deck":["Bash","Survivor","Zap","Strike_R","Strike_G","Strike_B","Defend_R","Defend_G","Defend_P","ThunderCloud","AppleFeast","Blind+1","Lasso","GemstoneDetection","PartyTime","Good Instincts","RashStunts","Laughter","HandOfGreed+1","RushToSky","Enlightenment+1","Forethought","AllByMyself","Overwhelming","FriendshipIsMagic","PartyCana+1","Sadistic Nature+1","Winterwrapup+1","PartyTime","Magictrain+1","Boundary+1","SwiftKick","Batlization","TasteRainbow"],"relics":["The_element_of_harmony","EVO:Axolotl","Golden Idol","foxEvents:LuckyCharm","Bottled Tornado","Ancient Tea Set","Astrolabe","Boot"],"acts_visited":["Exordium","TheCity"],"potions_floor_usage":[],"damage_taken":[{"damage":0.0,"enemies":"Cultist","floor":1.0,"turns":3.0},{"damage":0.0,"enemies":"2 Louse","floor":3.0,"turns":2.0},{"damage":16.0,"enemies":"Colosseum Slavers","floor":5.0,"turns":4.0},{"damage":22.0,"enemies":"Gremlin Nob","floor":6.0,"turns":4.0},{"damage":3.0,"enemies":"Small Slimes","floor":8.0,"turns":3.0},{"damage":0.0,"enemies":"Exordium Thugs","floor":11.0,"turns":4.0},{"damage":0.0,"enemies":"Exordium Wildlife","floor":13.0,"turns":2.0},{"damage":7.0,"enemies":"Looter","floor":14.0,"turns":3.0},{"damage":15.0,"enemies":"Slime Boss","floor":16.0,"turns":6.0},{"damage":42.0,"enemies":"2 Thieves","floor":18.0,"turns":5.0},{"damage":4,"enemies":"Chosen","floor":20,"turns":3},{"damage":37,"enemies":"3 Cultists","floor":21,"turns":6},{"damage":20,"enemies":"Snake Plant","floor":22,"turns":1}],"seed_played":"7295166269203286773","potions_obtained":[{"floor":1.0,"key":"SkillPotion"},{"floor":3.0,"key":"LiquidMemories"},{"floor":6.0,"key":"ColorlessPotion"},{"floor":11.0,"key":"PowerPotion"}],"is_trial":false,"path_per_floor":["M","?","M","?","?","E","R","M","T","R","M","R","M","M","R","B",null,"M","?","M","M","M"],"character_chosen":"TWI_CLASS","items_purchased":[],"campfire_rested":1,"item_purchase_floors":[],"current_hp_per_floor":[82,82,82,75,59,37,61,58,58,58,58,58,58,51,51,36,82,40,40,42,11,0,0],"gold":766,"neow_bonus":"","is_daily":true,"chose_seed":false,"campfire_upgraded":3,"win_rate":0.0,"timestamp":1611558856,"path_taken":["M","?","M","?","?","E","R","M","T","R","M","R","M","M","R","BOSS","M","?","M","M","?"],"items_purchased_type":[],"build_version":"2020-12-22","purchased_purges":0,"victory":false,"max_hp_per_floor":[82,82,82,82,82,82,82,82,82,82,82,82,82,82,82,82,82,82,82,82,82,82,82],"relic_stats":{"counters":[13,46],"Golden Idol":72,"Astrolabe":["PartyCana","Sadistic Nature","Winterwrapup"],"Boot":[0],"obtain_stats":[{"Golden Idol":2,"Astrolabe":17,"The_element_of_harmony":0,"foxEvents:LuckyCharm":5,"EVO:Axolotl":0,"Bottled Tornado":6,"Ancient Tea Set":9,"Boot":19},{"Golden Idol":1,"Astrolabe":9,"The_element_of_harmony":0,"foxEvents:LuckyCharm":3,"EVO:Axolotl":0,"Bottled Tornado":4,"Ancient Tea Set":5,"Boot":10},{"Golden Idol":3,"Astrolabe":31,"The_element_of_harmony":0,"foxEvents:LuckyCharm":9,"EVO:Axolotl":0,"Bottled Tornado":13,"Ancient Tea Set":16,"Boot":36}]},"card_choices":[{"not_picked":["PanicButton"],"picked":"ThunderCloud","floor":1.0},{"not_picked":["Louder"],"picked":"AppleFeast","floor":1.0},{"not_picked":["Mischief"],"picked":"Blind","floor":3.0},{"not_picked":["Dear_Princess"],"picked":"Generousity","floor":3.0},{"not_picked":["RunningOfTheLeaves"],"picked":"Lasso","floor":5.0},{"not_picked":["Smile"],"picked":"GemstoneDetection","floor":5.0},{"not_picked":["ISayNo"],"picked":"PartyTime","floor":6.0},{"not_picked":["ThrowingApples"],"picked":"Good Instincts","floor":6.0},{"not_picked":["FarmExpert"],"picked":"RashStunts","floor":8.0},{"not_picked":["ThrowingApples"],"picked":"Laughter","floor":8.0},{"not_picked":["ThunderCloud"],"picked":"HandOfGreed","floor":11.0},{"not_picked":["RashStunts"],"picked":"Generousity","floor":11.0},{"not_picked":["RunningOfTheLeaves"],"picked":"RushToSky","floor":13.0},{"not_picked":["ServeMeal"],"picked":"Enlightenment","floor":13.0},{"not_picked":["Dramatic Entrance"],"picked":"Forethought","floor":14.0},{"not_picked":["ServeMeal"],"picked":"AllByMyself","floor":14.0},{"not_picked":["Sisterhood"],"picked":"Overwhelming","floor":16.0},{"not_picked":["Secret Weapon"],"picked":"FriendshipIsMagic","floor":16.0},{"not_picked":["RunningOfTheLeaves"],"picked":"PartyTime","floor":18.0},{"not_picked":["Charge"],"picked":"Magictrain+1","floor":18.0},{"not_picked":["Jack Of All Trades"],"picked":"Boundary+1","floor":20},{"not_picked":["Whining"],"picked":"SwiftKick","floor":20},{"not_picked":["Yay+1"],"picked":"Batlization","floor":21},{"not_picked":["RunningOfTheLeaves"],"picked":"TasteRainbow","floor":21}],"player_experience":749922,"relics_obtained":[{"floor":5.0,"key":"foxEvents:LuckyCharm"},{"floor":6.0,"key":"Bottled Tornado"},{"floor":9.0,"key":"Ancient Tea Set"},{"floor":19.0,"key":"Boot"}],"event_choices":[{"damage_healed":0.0,"max_hp_gain":0.0,"max_hp_loss":0.0,"gold_gain":0.0,"event_name":"Golden Idol","player_choice":"Take Wound","floor":2.0,"gold_loss":0.0,"damage_taken":0.0,"relics_obtained":["Golden Idol"],"cards_obtained":["Injury"]},{"cards_removed":["Injury"],"damage_healed":0.0,"max_hp_gain":0.0,"max_hp_loss":0.0,"gold_gain":0.0,"event_name":"Golden Wing","player_choice":"Card Removal","floor":4.0,"gold_loss":0.0,"damage_taken":7.0},{"damage_healed":0.0,"max_hp_gain":0.0,"max_hp_loss":0.0,"gold_gain":0.0,"event_name":"Wheel of Change","player_choice":"Relic","floor":19.0,"gold_loss":0.0,"damage_taken":0.0}],"is_beta":false,"boss_relics":[{"not_picked":["theSenshi:MoonKaleidoScopeRelic","Runic Pyramid"],"picked":"Astrolabe"}],"items_purged_floors":[],"is_endless":false,"potions_floor_spawned":[1,3,6,11],"killed_by":"Snake Plant","ascension_level":0}}