{"host":"8is2j71l4wmybkoi","time":1611580249,"event":{"mods":["AchievementEnabler","BaseMod","Colored Map","Minty Spire (QoL Compilation)","Rare Cards Sparkle","StSLib","SuperFastMode"],"gold_per_floor":[113,124,142,158,170,170,202,219,219,239,252,252,252,270,270,344,344,355,375,375,24,40,40,59,72,95,127,142,160,160,174,174,245,245,257,282,282,36,55,55,55,55],"floor_reached":41,"language":"KOR","playtime":1949,"items_purged":["Strike_B","Strike_B"],"score":899,"play_id":"c00adb5b-9627-4b79-8163-89d2c9ae96ba","local_time":"20210125221049","is_ascension_mode":true,"campfire_choices":[{"floor":6.0,"key":"REST"},{"data":"Defragment","floor":12.0,"key":"SMITH"},{"data":"Static Discharge","floor":15.0,"key":"SMITH"},{"data":"Recycle","floor":23.0,"key":"SMITH"},{"floor":30.0,"key":"REST"},{"data":"Skim","floor":32.0,"key":"SMITH"},{"floor":40,"key":"REST"}],"circlet_count":0,"master_deck":["AscendersBane","Defend_B","Defend_B","Defend_B","Zap","Dualcast","Loop","Sweeping Beam","Cold Snap","Defragment+1","Reboot","Static Discharge+1","Compile Driver","Recycle+1","BootSequence","Ball Lightning","Conserve Battery","Buffer","Skim+1","Flash of Steel","Compile Driver+1","Glacier+1","Coolheaded","Turbo","Rainbow","Gash+1","Violence","Purity","Capacitor","Coolheaded+1"],"relics":["Cracked Core","Sundial","Eternal Feather","Odd Mushroom","Nuclear Battery","ClockworkSouvenir","Happy Flower","Bottled Lightning","Empty Cage"],"acts_visited":["Exordium","TheCity","TheBeyond"],"potions_floor_usage":[39,41],"damage_taken":[{"damage":11.0,"enemies":"Small Slimes","floor":1.0,"turns":3.0},{"damage":4.0,"enemies":"Jaw Worm","floor":2.0,"turns":3.0},{"damage":0.0,"enemies":"Cultist","floor":3.0,"turns":4.0},{"damage":3.0,"enemies":"Exordium Thugs","floor":4.0,"turns":3.0},{"damage":21.0,"enemies":"3 Louse","floor":5.0,"turns":3.0},{"damage":10.0,"enemies":"Lagavulin","floor":7.0,"turns":8.0},{"damage":5.0,"enemies":"2 Fungi Beasts","floor":8.0,"turns":3.0},{"damage":26.0,"enemies":"The Mushroom Lair","floor":10.0,"turns":4.0},{"damage":0.0,"enemies":"Exordium Wildlife","floor":11.0,"turns":3.0},{"damage":22.0,"enemies":"3 Louse","floor":14.0,"turns":2.0},{"damage":36.0,"enemies":"Hexaghost","floor":16.0,"turns":8.0},{"damage":6.0,"enemies":"3 Byrds","floor":18.0,"turns":2.0},{"damage":12.0,"enemies":"Chosen","floor":19.0,"turns":6.0},{"damage":0.0,"enemies":"Shelled Parasite and Fungi","floor":20.0,"turns":1.0},{"damage":3.0,"enemies":"Snecko","floor":22.0,"turns":6.0},{"damage":15.0,"enemies":"Centurion and Healer","floor":24.0,"turns":5.0},{"damage":13.0,"enemies":"3 Cultists","floor":25.0,"turns":3.0},{"damage":8.0,"enemies":"Book of Stabbing","floor":27.0,"turns":5.0},{"damage":9.0,"enemies":"Snecko","floor":28.0,"turns":4.0},{"damage":0.0,"enemies":"Cultist and Chosen","floor":29.0,"turns":7.0},{"damage":7.0,"enemies":"Sentry and Sphere","floor":31.0,"turns":8.0},{"damage":0.0,"enemies":"Collector","floor":33.0,"turns":13.0},{"damage":0.0,"enemies":"3 Shapes","floor":35.0,"turns":5.0},{"damage":0.0,"enemies":"Mind Bloom Boss Battle","floor":36.0,"turns":6.0},{"damage":29,"enemies":"3 Darklings","floor":39,"turns":4},{"damage":71,"enemies":"Reptomancer","floor":41,"turns":4}],"seed_played":"545133143961409146","potions_obtained":[{"floor":1.0,"key":"SpeedPotion"},{"floor":2.0,"key":"Fire Potion"},{"floor":11.0,"key":"SmokeBomb"},{"floor":14.0,"key":"PowerPotion"},{"floor":16.0,"key":"Strength Potion"},{"floor":22.0,"key":"PowerPotion"},{"floor":24.0,"key":"PotionOfCapacity"},{"floor":29.0,"key":"FocusPotion"},{"floor":31.0,"key":"DistilledChaos"},{"floor":39,"key":"BlessingOfTheForge"}],"is_trial":false,"path_per_floor":["M","M","M","M","M","R","E","M","T","?","M","R","?","M","R","B",null,"M","M","M","$","M","R","M","M","T","E","M","M","R","M","R","B",null,"M","?","?","$","M","R","E"],"character_chosen":"DEFECT","items_purchased":["ClockworkSouvenir","Flash of Steel","Capacitor","Weak Potion"],"campfire_rested":3,"item_purchase_floors":[21,21,38,38],"current_hp_per_floor":[53,49,49,46,25,46,36,31,31,5,5,17,71,49,61,25,60,54,42,42,42,39,51,36,23,23,15,6,6,42,35,50,50,66,66,66,56,56,27,66,0,0],"gold":55,"neow_bonus":"TRANSFORM_CARD","is_daily":false,"chose_seed":false,"campfire_upgraded":4,"win_rate":0.0,"timestamp":1611580249,"path_taken":["M","M","M","M","M","R","E","M","T","?","M","R","?","M","R","BOSS","M","M","M","$","M","R","M","?","T","E","M","M","R","M","R","BOSS","M","?","?","$","M","R","E"],"items_purchased_type":["Relic","Card","Card","Potion"],"build_version":"2020-12-22","purchased_purges":2,"victory":false,"max_hp_per_floor":[71,71,71,71,71,71,71,71,71,71,71,71,71,71,71,71,71,71,71,71,71,71,71,71,71,71,71,71,71,71,71,71,71,71,71,71,71,71,71,71,71,71],"card_choices":[{"not_picked":["FTL","Fusion"],"picked":"Sweeping Beam","floor":1.0},{"not_picked":["Rebound","Redo"],"picked":"Cold Snap","floor":2.0},{"not_picked":["Doom and Gloom","Turbo"],"picked":"Defragment","floor":3.0},{"not_picked":["Streamline","Conserve Battery"],"picked":"Reboot","floor":4.0},{"not_picked":["Gash","Barrage"],"picked":"Static Discharge","floor":5.0},{"not_picked":["Turbo","Chaos"],"picked":"Compile Driver","floor":7.0},{"not_picked":["Redo","Reboot"],"picked":"Recycle","floor":8.0},{"not_picked":["Cold Snap","Compile Driver"],"picked":"BootSequence","floor":10.0},{"not_picked":["Consume","Reinforced Body"],"picked":"Ball Lightning","floor":11.0},{"not_picked":["Compile Driver","Beam Cell"],"picked":"Conserve Battery","floor":14.0},{"not_picked":["Reboot","All For One"],"picked":"Buffer","floor":16.0},{"not_picked":["Chill","Stack"],"picked":"Skim","floor":18.0},{"not_picked":["Beam Cell","Double Energy","Chill"],"picked":"SKIP","floor":19.0},{"not_picked":["Cold Snap","Chaos"],"picked":"Compile Driver+1","floor":22.0},{"not_picked":["Skim","Compile Driver","Streamline"],"picked":"SKIP","floor":24.0},{"not_picked":["Hologram","Consume+1"],"picked":"Glacier+1","floor":25.0},{"not_picked":["Compile Driver","Skim"],"picked":"Coolheaded","floor":27.0},{"not_picked":["Tempest","Steam","Hello World"],"picked":"SKIP","floor":28.0},{"not_picked":["Hello World","Auto Shields"],"picked":"Turbo","floor":29.0},{"not_picked":["Rebound","Tempest","Reprogram"],"picked":"SKIP","floor":31.0},{"not_picked":["Machine Learning","Hyperbeam"],"picked":"Rainbow","floor":33.0},{"not_picked":["Doom and Gloom+1","Scrape"],"picked":"Gash+1","floor":35.0},{"not_picked":["Forethought","Bandage Up"],"picked":"Violence","floor":37.0},{"not_picked":["Deep Breath","Dark Shackles"],"picked":"Purity","floor":37.0},{"not_picked":["Turbo","Steam"],"picked":"Coolheaded+1","floor":39}],"player_experience":792478,"relics_obtained":[{"floor":7.0,"key":"Sundial"},{"floor":9.0,"key":"Eternal Feather"},{"floor":10.0,"key":"Odd Mushroom"},{"floor":26.0,"key":"Happy Flower"},{"floor":27.0,"key":"Bottled Lightning"}],"event_choices":[{"damage_healed":0.0,"max_hp_gain":0.0,"max_hp_loss":0.0,"gold_gain":0.0,"event_name":"Mushrooms","player_choice":"Fought Mushrooms","floor":10.0,"gold_loss":0.0,"damage_taken":0.0},{"damage_healed":54.0,"max_hp_gain":0.0,"max_hp_loss":0.0,"gold_gain":0.0,"event_name":"Wheel of Change","player_choice":"Full Heal","floor":13.0,"gold_loss":0.0,"damage_taken":0.0},{"damage_healed":0.0,"max_hp_gain":0.0,"max_hp_loss":0.0,"gold_gain":0.0,"event_name":"MindBloom","player_choice":"Fight","floor":36.0,"gold_loss":0.0,"damage_taken":0.0},{"damage_healed":0.0,"max_hp_gain":0.0,"max_hp_loss":0.0,"gold_gain":0.0,"event_name":"SensoryStone","player_choice":"Memory 3","floor":37.0,"gold_loss":0.0,"damage_taken":10.0}],"is_beta":false,"boss_relics":[{"not_picked":["Fusion Hammer","Snecko Eye"],"picked":"Nuclear Battery"},{"not_picked":["Velvet Choker","FrozenCore"],"picked":"Empty Cage"}],"items_purged_floors":[21,38],"is_endless":false,"potions_floor_spawned":[1,2,11,14,16,20,22,24,29,31,39],"killed_by":"Reptomancer","ascension_level":18}}