{"host":"rj1j8apb2x4vafcu","time":1611560575,"event":{"mods":["AchievementEnabler","Act Like it!","BaseMod","Colored Map","Colored Powertips","Minty Spire (QoL Compilation)","Rare Cards Sparkle","StSLib"],"gold_per_floor":[216,216,228,62,42,42,71,71,125,153,164,164,184,195,195,195,195],"floor_reached":16,"language":"ENG","playtime":691,"items_purged":["Strike_R"],"score":121,"play_id":"dd8edc37-508d-4903-a7aa-7bd65bad4db9","local_time":"20210125054255","is_ascension_mode":true,"campfire_choices":[{"data":"Heavy Blade","floor":6,"key":"SMITH"},{"data":"Fire Breathing","floor":8,"key":"SMITH"},{"data":"Bash","floor":15,"key":"SMITH"}],"circlet_count":0,"master_deck":["Strike_R","Strike_R","Strike_R+1","Strike_R","Defend_R","Defend_R","Defend_R","Defend_R","Bash+1","Sword Boomerang+1","Heavy Blade+1","Fire Breathing+1","Warcry","Dual Wield","Ghostly Armor","Decay","Inflame","Dropkick"],"relics":["Burning Blood","Lizard Tail","Matryoshka","Kunai","Whetstone","Bottled Lightning"],"acts_visited":["Exordium"],"potions_floor_usage":[10,10,14,14],"damage_taken":[{"damage":9,"enemies":"2 Louse","floor":1,"turns":2},{"damage":12,"enemies":"Jaw Worm","floor":3,"turns":2},{"damage":34,"enemies":"Gremlin Nob","floor":7,"turns":5},{"damage":22,"enemies":"Lagavulin","floor":10,"turns":6},{"damage":1,"enemies":"Cultist","floor":11,"turns":3},{"damage":19,"enemies":"Looter","floor":13,"turns":3},{"damage":9,"enemies":"Red Slaver","floor":14,"turns":3},{"damage":46,"enemies":"The Guardian","floor":16,"turns":5}],"seed_played":"1821362727377732019","potions_obtained":[{"floor":3,"key":"Energy Potion"},{"floor":5,"key":"SkillPotion"},{"floor":7,"key":"GamblersBrew"},{"floor":11,"key":"DuplicationPotion"}],"is_trial":false,"path_per_floor":["M","?","M","$","?","R","E","R","T","E","M","?","M","M","R","B"],"character_chosen":"IRONCLAD","items_purchased":["Fire Breathing","Warcry"],"campfire_rested":0,"item_purchase_floors":[4,4],"current_hp_per_floor":[77,65,59,59,59,59,31,31,31,15,20,20,7,46,46,0,0],"gold":195,"neow_bonus":"HUNDRED_GOLD","is_daily":false,"chose_seed":false,"campfire_upgraded":3,"win_rate":0.0,"timestamp":1611560575,"path_taken":["M","?","M","$","?","R","E","R","T","E","?","?","M","M","R","BOSS"],"items_purchased_type":["Card","Card"],"build_version":"2020-12-22","purchased_purges":1,"victory":false,"max_hp_per_floor":[80,80,80,80,80,80,80,80,80,80,80,80,80,80,80,80,80],"card_choices":[{"not_picked":["Twin Strike","Evolve"],"picked":"Sword Boomerang","floor":1},{"not_picked":["Clothesline","Iron Wave"],"picked":"Heavy Blade","floor":3},{"not_picked":["Armaments","Havoc"],"picked":"Dual Wield","floor":7},{"not_picked":["Sword Boomerang","Feed","Evolve"],"picked":"SKIP","floor":10},{"not_picked":["Disarm","Havoc"],"picked":"Ghostly Armor","floor":11},{"not_picked":["Power Through","Pommel Strike"],"picked":"Inflame","floor":13},{"not_picked":["Shrug It Off","Rupture"],"picked":"Dropkick","floor":14}],"player_experience":117489,"relics_obtained":[{"floor":7,"key":"Matryoshka"},{"floor":9,"key":"Kunai"},{"floor":9,"key":"Whetstone"},{"floor":10,"key":"Bottled Lightning"}],"event_choices":[{"damage_healed":0,"gold_gain":0,"player_choice":"Success","damage_taken":12,"relics_obtained":["Lizard Tail"],"max_hp_gain":0,"max_hp_loss":0,"event_name":"Scrap Ooze","floor":2,"gold_loss":0},{"damage_healed":0,"gold_gain":0,"player_choice":"Bought 1 Potion","damage_taken":0,"max_hp_gain":0,"max_hp_loss":0,"event_name":"The Woman in Blue","floor":5,"gold_loss":0},{"damage_healed":0,"gold_gain":0,"player_choice":"Cursed","damage_taken":0,"max_hp_gain":0,"max_hp_loss":0,"event_name":"Wheel of Change","floor":12,"gold_loss":0,"cards_obtained":["Decay"]}],"is_beta":false,"boss_relics":[],"items_purged_floors":[4],"is_endless":false,"potions_floor_spawned":[3,7,11],"killed_by":"The Guardian","ascension_level":2}}