{"host":"g8ufh7m4frdlkxwv","time":1611534371,"event":{"mods":["AchievementEnabler","BaseMod","Colored Map","Dark Map","Minty Spire (QoL Compilation)","Relic Stats","StSLib","ojb\u0027s Info Mod"],"gold_per_floor":[116,116,130,142,142,172,172,200,200,200,200,215,246,258,258,258,258],"floor_reached":16,"language":"ENG","playtime":831,"items_purged":[],"score":240,"play_id":"e2c2fccf-77ab-4165-9abc-2b4f1c9bd8cc","local_time":"20210125012611","is_ascension_mode":true,"campfire_choices":[{"data":"Dagger Spray","floor":7,"key":"SMITH"},{"data":"Sucker Punch","floor":10,"key":"SMITH"},{"data":"Malaise","floor":15,"key":"SMITH"}],"circlet_count":0,"master_deck":["AscendersBane","Strike_G","Strike_G","Strike_G","Strike_G","Strike_G","Defend_G","Defend_G","Defend_G","Defend_G","Defend_G","Survivor","Neutralize","Cloak And Dagger","Endless Agony","Dagger Spray+1","Dash","Sucker Punch+1","Flying Knee","Dash","Malaise+1"],"relics":["Runic Dome","WarpedTongs","Tough Bandages","Sundial","Question Card","Ice Cream"],"acts_visited":["Exordium"],"potions_floor_usage":[6,16,16,16,16],"damage_taken":[{"damage":0,"enemies":"Small Slimes","floor":1,"turns":4},{"damage":4,"enemies":"Cultist","floor":3,"turns":4},{"damage":1,"enemies":"2 Louse","floor":4,"turns":3},{"damage":6,"enemies":"3 Sentries","floor":6,"turns":7},{"damage":21,"enemies":"Gremlin Nob","floor":8,"turns":4},{"damage":6,"enemies":"Looter","floor":12,"turns":2},{"damage":12,"enemies":"3 Sentries","floor":13,"turns":6},{"damage":0,"enemies":"Exordium Wildlife","floor":14,"turns":3},{"damage":13,"enemies":"Slime Boss","floor":16,"turns":5}],"seed_played":"-4798286363483904646","potions_obtained":[{"floor":3,"key":"DuplicationPotion"},{"floor":8,"key":"Strength Potion"},{"floor":14,"key":"EntropicBrew"}],"is_trial":false,"path_per_floor":["M","?","M","M","?","E","R","E","T","R","?","M","E","M","R","B"],"character_chosen":"THE_SILENT","items_purchased":[],"campfire_rested":0,"item_purchase_floors":[],"current_hp_per_floor":[59,59,55,54,47,41,41,20,20,20,20,14,2,2,2,0,0],"gold":258,"neow_bonus":"BOSS_RELIC","is_daily":false,"chose_seed":false,"campfire_upgraded":3,"win_rate":0.0,"timestamp":1611534371,"path_taken":["M","?","?","M","?","E","R","E","T","R","?","M","E","M","R","BOSS"],"items_purchased_type":[],"build_version":"2020-12-22","purchased_purges":0,"victory":false,"max_hp_per_floor":[66,66,66,66,66,66,66,66,66,66,66,66,66,66,66,66,66],"relic_stats":{"Tough Bandages":[3],"counters":[9,38],"Sundial":[0],"Question Card":3,"obtain_stats":[{"Ice Cream":13,"Runic Dome":0,"Tough Bandages":6,"Sundial":8,"Question Card":9,"Ring of the Snake":0,"WarpedTongs":2},{"Ice Cream":7,"Runic Dome":0,"Tough Bandages":4,"Sundial":5,"Question Card":5,"Ring of the Snake":0,"WarpedTongs":1},{"Ice Cream":30,"Runic Dome":0,"Tough Bandages":18,"Sundial":22,"Question Card":22,"Ring of the Snake":0,"WarpedTongs":4}],"WarpedTongs":[34]},"card_choices":[{"not_picked":["Prepared","Catalyst"],"picked":"Cloak And Dagger","floor":1},{"not_picked":["PiercingWail","Slice"],"picked":"Endless Agony","floor":3},{"not_picked":["Sucker Punch","Quick Slash"],"picked":"Dagger Spray","floor":4},{"not_picked":["Predator","Dodge and Roll"],"picked":"Dash","floor":6},{"not_picked":["Skewer","Deflect"],"picked":"Sucker Punch","floor":8},{"not_picked":["Sucker Punch","Prepared","Reflex"],"picked":"Flying Knee","floor":12},{"not_picked":["Catalyst","Infinite Blades","Dagger Spray"],"picked":"Dash","floor":13},{"not_picked":["Finisher","Endless Agony","Bane"],"picked":"Malaise","floor":14}],"player_experience":1107334,"relics_obtained":[{"floor":6,"key":"Tough Bandages"},{"floor":8,"key":"Sundial"},{"floor":9,"key":"Question Card"},{"floor":13,"key":"Ice Cream"}],"event_choices":[{"damage_healed":0,"gold_gain":0,"player_choice":"Rummage","damage_taken":0,"relics_obtained":["WarpedTongs"],"max_hp_gain":0,"max_hp_loss":0,"event_name":"Accursed Blacksmith","floor":2,"gold_loss":0,"cards_obtained":["Pain"]},{"cards_removed":["Pain"],"damage_healed":0,"gold_gain":0,"player_choice":"Card Removal","damage_taken":7,"max_hp_gain":0,"max_hp_loss":0,"event_name":"Golden Wing","floor":5,"gold_loss":0},{"damage_healed":0,"gold_gain":0,"player_choice":"Ignored","damage_taken":0,"max_hp_gain":0,"max_hp_loss":0,"event_name":"Shining Light","floor":11,"gold_loss":0}],"is_beta":false,"boss_relics":[],"items_purged_floors":[],"is_endless":false,"potions_floor_spawned":[3,8,14],"killed_by":"Slime Boss","ascension_level":20}}