{"host":"8is2j71l4wmybkoi","time":1611565717,"event":{"mods":["AchievementEnabler","BaseMod","Colored Map","Minty Spire (QoL Compilation)","Rare Cards Sparkle","StSLib","SuperFastMode"],"gold_per_floor":[117,77,93,93,111,111,121,7,7,22,22,297,297,16,16,16,16],"floor_reached":16,"language":"KOR","playtime":412,"items_purged":["Strike_G","Regret"],"score":180,"play_id":"09ec031e-9911-40ed-83d3-406149fe1e41","local_time":"20210125180837","is_ascension_mode":true,"campfire_choices":[{"data":"Blade Dance","floor":6,"key":"SMITH"},{"data":"Night Terror","floor":13,"key":"SMITH"},{"floor":15,"key":"REST"}],"circlet_count":0,"master_deck":["AscendersBane","Strike_G","Strike_G","Strike_G","Defend_G","Defend_G","Defend_G","Defend_G","Survivor","Neutralize","Backflip","Poisoned Stab","Blade Dance+1","Acrobatics","Eviscerate","Night Terror+1","Finisher+1","Backflip"],"relics":["Ring of the Snake","Boot","Molten Egg 2","Membership Card"],"acts_visited":["Exordium"],"potions_floor_usage":[10,10,16],"damage_taken":[{"damage":1,"enemies":"Small Slimes","floor":1,"turns":5},{"damage":0,"enemies":"Cultist","floor":3,"turns":5},{"damage":0,"enemies":"2 Louse","floor":5,"turns":3},{"damage":11,"enemies":"Large Slime","floor":7,"turns":5},{"damage":6,"enemies":"Gremlin Gang","floor":10,"turns":4},{"damage":25,"enemies":"The Guardian","floor":16,"turns":10}],"seed_played":"1849809312960838512","potions_obtained":[{"floor":2,"key":"Strength Potion"},{"floor":2,"key":"FearPotion"},{"floor":4,"key":"Block Potion"},{"floor":10,"key":"Energy Potion"}],"is_trial":false,"path_per_floor":["M","?","M","?","M","R","M","$","T","M","?","?","R","$","R","B"],"character_chosen":"THE_SILENT","items_purchased":["Eviscerate","Membership Card","Finisher+1","Backflip"],"campfire_rested":1,"item_purchase_floors":[8,14,14,14],"current_hp_per_floor":[43,43,43,43,43,43,32,32,32,26,21,21,21,21,40,15,15],"gold":16,"neow_bonus":"REMOVE_TWO","is_daily":false,"chose_seed":false,"campfire_upgraded":2,"win_rate":0.0,"timestamp":1611565717,"path_taken":["M","?","?","?","M","R","M","?","T","M","?","?","R","$","R","BOSS"],"items_purchased_type":["Card","Relic","Card","Card"],"build_version":"2020-12-22","purchased_purges":2,"victory":false,"max_hp_per_floor":[66,66,66,66,66,66,66,66,66,66,66,66,66,66,66,66,66],"card_choices":[{"not_picked":["Cloak And Dagger","PiercingWail"],"picked":"Backflip","floor":1},{"not_picked":["Acrobatics","Cloak And Dagger"],"picked":"Poisoned Stab","floor":3},{"not_picked":["Bane","Underhanded Strike"],"picked":"Blade Dance","floor":5},{"not_picked":["Setup","Expertise"],"picked":"Acrobatics","floor":7},{"not_picked":["Deadly Poison","Concentrate"],"picked":"Night Terror","floor":10}],"player_experience":783475,"relics_obtained":[{"floor":9,"key":"Boot"}],"event_choices":[{"damage_healed":0,"gold_gain":0,"player_choice":"Bought 3 Potions","damage_taken":0,"max_hp_gain":0,"max_hp_loss":0,"event_name":"The Woman in Blue","floor":2,"gold_loss":0},{"damage_healed":0,"gold_gain":0,"player_choice":"Got Potions","damage_taken":0,"max_hp_gain":0,"max_hp_loss":0,"event_name":"Lab","floor":4,"gold_loss":0},{"damage_healed":0,"gold_gain":0,"player_choice":"Success","damage_taken":5,"relics_obtained":["Molten Egg 2"],"max_hp_gain":0,"max_hp_loss":0,"event_name":"Scrap Ooze","floor":11,"gold_loss":0},{"damage_healed":0,"gold_gain":275,"player_choice":"Desecrate","damage_taken":0,"max_hp_gain":0,"max_hp_loss":0,"event_name":"Golden Shrine","floor":12,"gold_loss":0,"cards_obtained":["Regret"]}],"is_beta":false,"boss_relics":[],"items_purged_floors":[8,14],"is_endless":false,"potions_floor_spawned":[3,5,10],"killed_by":"The Guardian","ascension_level":20}}