{"host":"2brg86hfzr3u5cix","time":1611551986,"event":{"mods":["AchievementEnabler","Ascension Unlocker","BaseMod","CapriCore","DeckTracker","Highlight Path","Keyboard Shortcuts","Minty Spire (QoL Compilation)","Permanent Neow","Relic Stats","StSLib","Twitch Utils","Uncapped","UnlockEverythingMod"],"gold_per_floor":[111,36,49,68,68,68,68,68],"floor_reached":7,"language":"KOR","playtime":182,"items_purged":["Defend_P"],"score":82,"play_id":"a89024ff-4ad8-4460-b762-305c3da92fac","local_time":"20210125141946","is_ascension_mode":true,"campfire_choices":[{"data":"Eruption","floor":6.0,"key":"SMITH"}],"circlet_count":0,"master_deck":["AscendersBane","Strike_P","Strike_P","Strike_P","Strike_P","Defend_P","Defend_P","Defend_P","Eruption+1","Vigilance","SpiritShield","EmptyMind","CutThroughFate","FearNoEvil"],"relics":["PureWater","Golden Idol"],"acts_visited":["Exordium"],"potions_floor_usage":[],"damage_taken":[{"damage":0.0,"enemies":"Jaw Worm","floor":1.0,"turns":4.0},{"damage":0.0,"enemies":"2 Louse","floor":3.0,"turns":3.0},{"damage":1.0,"enemies":"Cultist","floor":4.0,"turns":3.0},{"damage":0,"enemies":"Lagavulin","floor":7,"turns":3}],"seed_played":"-1874775728387599783","potions_obtained":[],"is_trial":false,"path_per_floor":["M","$","M","M","?","R","E"],"character_chosen":"WATCHER","items_purchased":[],"campfire_rested":0,"item_purchase_floors":[],"current_hp_per_floor":[61,61,61,60,37,37,37,37],"gold":68,"neow_bonus":"ONE_RANDOM_RARE_CARD","is_daily":false,"chose_seed":false,"campfire_upgraded":1,"win_rate":0.0,"timestamp":1611551986,"path_taken":["M","$","M","M","?","R","E"],"items_purchased_type":[],"build_version":"2020-12-22","purchased_purges":1,"victory":false,"max_hp_per_floor":[68,68,68,68,68,68,68,68],"relic_stats":{"counters":[4,13],"Golden Idol":0,"obtain_stats":[{"Golden Idol":5,"PureWater":0},{"Golden Idol":3,"PureWater":0},{"Golden Idol":10,"PureWater":0}]},"card_choices":[{"not_picked":["Crescendo","EmptyFist"],"picked":"EmptyMind","floor":1.0},{"not_picked":["Weave","Halt"],"picked":"CutThroughFate","floor":3.0},{"not_picked":["Crescendo","Meditate"],"picked":"FearNoEvil","floor":4.0}],"player_experience":337074,"relics_obtained":[],"event_choices":[{"damage_healed":0.0,"max_hp_gain":0.0,"max_hp_loss":0.0,"gold_gain":0.0,"event_name":"Golden Idol","player_choice":"Take Damage","floor":5.0,"gold_loss":0.0,"damage_taken":23.0,"relics_obtained":["Golden Idol"]}],"is_beta":false,"boss_relics":[],"items_purged_floors":[2],"is_endless":false,"potions_floor_spawned":[],"killed_by":"Lagavulin","ascension_level":20}}