{"host":"1mv6gj0zv8k9e9tz","time":1611602963,"event":{"mods":["AchievementEnabler","BaseMod","Better Third Choice","Colored Map","KOR Keyword Fix","Minty Spire (QoL Compilation)","Permanent Neow","Rare Cards Sparkle","StSLib"],"gold_per_floor":[18,31,48,67,84,84,104,104,156,174,174,190,190,204,204,278,278,291,306,306,132,146,146,158,158,158,158,58,70,70,84,84,159,159,179,191,205,80,80,110,110,122,172,200,225,238,238,238,238,238,238,238],"floor_reached":51,"language":"KOR","playtime":3159,"items_purged":["Strike_G","Strike_G","Strike_G"],"score":1410,"play_id":"e6321196-7449-4e6d-aa76-b4396b63ebd2","local_time":"20210126042923","is_ascension_mode":true,"campfire_choices":[{"data":"Blade Dance","floor":6.0,"key":"SMITH"},{"data":"Tactician","floor":8.0,"key":"SMITH"},{"data":"Venomology","floor":11.0,"key":"SMITH"},{"data":"Blade Dance","floor":15.0,"key":"SMITH"},{"data":"Accuracy","floor":23.0,"key":"SMITH"},{"data":"Blade Dance","floor":25.0,"key":"SMITH"},{"data":"Neutralize","floor":30.0,"key":"SMITH"},{"data":"After Image","floor":32.0,"key":"SMITH"},{"data":"Tactician","floor":41.0,"key":"SMITH"},{"floor":49.0,"key":"RECALL"}],"circlet_count":0,"master_deck":["AscendersBane","Defend_G","Defend_G","Defend_G","Defend_G","Survivor","Neutralize+1","Blade Dance+1","After Image+1","Tactician+1","Blade Dance+1","Backflip","Acrobatics","Venomology+1","After Image","Accuracy+1","Blade Dance+1","Reflex+1","Acrobatics+1","Noxious Fumes","Tactician+1","Accuracy","Caltrops","Accuracy","Footwork+1","Impatience"],"relics":["Ring of the Snake","Nunchaku","WristBlade","Mercury Hourglass","Black Star","Question Card","Art of War","Regal Pillow","Happy Flower","Unceasing Top","Torii"],"acts_visited":["Exordium","TheCity","TheBeyond"],"potions_floor_usage":[51,51],"damage_taken":[{"damage":0.0,"enemies":"Cultist","floor":1.0,"turns":4.0},{"damage":0.0,"enemies":"2 Louse","floor":2.0,"turns":2.0},{"damage":0.0,"enemies":"Jaw Worm","floor":3.0,"turns":3.0},{"damage":0.0,"enemies":"Gremlin Gang","floor":4.0,"turns":5.0},{"damage":1.0,"enemies":"Large Slime","floor":5.0,"turns":6.0},{"damage":0.0,"enemies":"Lots of Slimes","floor":7.0,"turns":4.0},{"damage":2.0,"enemies":"Gremlin Gang","floor":10.0,"turns":6.0},{"damage":11.0,"enemies":"Large Slime","floor":12.0,"turns":6.0},{"damage":4.0,"enemies":"Looter","floor":14.0,"turns":3.0},{"damage":6.0,"enemies":"The Guardian","floor":16.0,"turns":13.0},{"damage":0.0,"enemies":"Spheric Guardian","floor":18.0,"turns":3.0},{"damage":7.0,"enemies":"3 Byrds","floor":19.0,"turns":5.0},{"damage":11.0,"enemies":"Snake Plant","floor":22.0,"turns":3.0},{"damage":1.0,"enemies":"3 Cultists","floor":24.0,"turns":4.0},{"damage":0.0,"enemies":"Centurion and Healer","floor":29.0,"turns":2.0},{"damage":0.0,"enemies":"Snake Plant","floor":31.0,"turns":3.0},{"damage":0.0,"enemies":"Automaton","floor":33.0,"turns":6.0},{"damage":0.0,"enemies":"3 Shapes","floor":35.0,"turns":3.0},{"damage":0.0,"enemies":"Orb Walker","floor":36.0,"turns":1.0},{"damage":5.0,"enemies":"Sphere and 2 Shapes","floor":37.0,"turns":4.0},{"damage":30.0,"enemies":"Reptomancer","floor":40.0,"turns":4.0},{"damage":0.0,"enemies":"Transient","floor":42.0,"turns":6.0},{"damage":5.0,"enemies":"Nemesis","floor":44.0,"turns":4.0},{"damage":0.0,"enemies":"Mind Bloom Boss Battle","floor":45.0,"turns":3.0},{"damage":0.0,"enemies":"Spire Growth","floor":46.0,"turns":2.0},{"damage":33.0,"enemies":"Time Eater","floor":50.0,"turns":10.0},{"damage":18,"enemies":"Awakened One","floor":51,"turns":3}],"seed_played":"786429305530791222","potions_obtained":[{"floor":1.0,"key":"Fire Potion"},{"floor":3.0,"key":"SpeedPotion"},{"floor":4.0,"key":"Strength Potion"},{"floor":10.0,"key":"ColorlessPotion"},{"floor":14.0,"key":"DistilledChaos"},{"floor":18.0,"key":"BlessingOfTheForge"},{"floor":24.0,"key":"PowerPotion"},{"floor":31.0,"key":"Dexterity Potion"},{"floor":40.0,"key":"Poison Potion"}],"is_trial":false,"path_per_floor":["M","M","M","M","M","R","M","R","T","M","R","M","?","M","R","B",null,"M","M","?","$","M","R","M","R","T","?","$","M","R","M","R","B",null,"M","M","M","$","?","E","R","M","T","E","?","M","?","?","R","B","B"],"character_chosen":"THE_SILENT","items_purchased":["Accuracy","Blade Dance"],"campfire_rested":0,"item_purchase_floors":[21,21],"current_hp_per_floor":[59,59,59,59,58,58,58,58,58,56,56,45,40,36,36,30,57,57,50,50,50,39,39,38,38,38,76,76,76,76,76,76,76,76,76,76,74,74,74,49,49,49,49,44,44,44,44,44,44,11,0,0],"gold":238,"neow_bonus":"TRANSFORM_TWO_CARDS","is_daily":false,"chose_seed":false,"campfire_upgraded":9,"win_rate":0.0,"timestamp":1611602963,"path_taken":["M","M","M","?","M","R","M","R","T","M","R","M","?","M","R","BOSS","M","M","?","$","?","R","?","R","T","?","$","M","R","M","R","BOSS","M","?","?","$","?","E","R","M","T","E","?","M","?","?","R","BOSS","BOSS"],"items_purchased_type":["Card","Card"],"build_version":"2020-12-22","purchased_purges":3,"victory":false,"max_hp_per_floor":[66,66,66,66,66,66,66,66,66,66,66,66,66,66,66,66,66,66,66,66,66,66,66,66,66,66,76,76,76,76,76,76,76,76,76,76,76,76,76,76,76,76,76,76,76,76,76,76,76,76,76,76],"card_choices":[{"not_picked":["All Out Attack","Riddle With Holes"],"picked":"Tactician","floor":1.0},{"not_picked":["Deadly Poison","Poisoned Stab"],"picked":"Blade Dance","floor":2.0},{"not_picked":["Predator","Outmaneuver","Catalyst"],"picked":"SKIP","floor":3.0},{"not_picked":["Concentrate","Masterful Stab","Choke"],"picked":"SKIP","floor":4.0},{"not_picked":["PiercingWail","All Out Attack"],"picked":"Backflip","floor":5.0},{"not_picked":["Bouncing Flask","Poisoned Stab"],"picked":"Acrobatics","floor":7.0},{"not_picked":["Reflex","Bouncing Flask"],"picked":"Venomology","floor":10.0},{"not_picked":["Deflect","Flying Knee","Eviscerate"],"picked":"SKIP","floor":12.0},{"not_picked":["Underhanded Strike","Infinite Blades","Flechettes"],"picked":"SKIP","floor":14.0},{"not_picked":["A Thousand Cuts","Envenom"],"picked":"After Image","floor":16.0},{"not_picked":["Eviscerate","Flying Knee+1","Dagger Throw"],"picked":"SKIP","floor":18.0},{"not_picked":["Dodge and Roll","Well Laid Plans","Setup+1"],"picked":"SKIP","floor":19.0},{"not_picked":["Skewer","Underhanded Strike","Crippling Poison"],"picked":"SKIP","floor":22.0},{"not_picked":["Outmaneuver","Cloak And Dagger"],"picked":"Reflex+1","floor":24.0},{"not_picked":["Quick Slash","Glass Knife"],"picked":"Acrobatics+1","floor":29.0},{"not_picked":["Sucker Punch","Flying Knee"],"picked":"Noxious Fumes","floor":31.0},{"not_picked":["Deadly Poison","Riddle With Holes"],"picked":"Tactician","floor":35.0},{"not_picked":["Deflect","Well Laid Plans"],"picked":"Accuracy","floor":36.0},{"not_picked":["Flechettes","Dodge and Roll","Heel Hook"],"picked":"SKIP","floor":37.0},{"not_picked":["Heel Hook","Riddle With Holes","Poisoned Stab+1"],"picked":"SKIP","floor":40.0},{"not_picked":["Backflip","Dodge and Roll","Flying Knee+1"],"picked":"Caltrops","floor":42.0},{"not_picked":["Escape Plan","Dagger Spray","Backflip"],"picked":"Accuracy","floor":44.0},{"not_picked":["Acrobatics","Blade Dance","Quick Slash+1"],"picked":"Footwork+1","floor":45.0},{"not_picked":["Quick Slash","Slice+1","Poisoned Stab+1","Deadly Poison+1"],"picked":"SKIP","floor":46.0},{"not_picked":["Jack Of All Trades","Swift Strike","Deep Breath"],"picked":"Impatience","floor":47.0}],"player_experience":565412,"relics_obtained":[{"floor":26.0,"key":"Mercury Hourglass"},{"floor":40.0,"key":"Question Card"},{"floor":40.0,"key":"Art of War"},{"floor":43.0,"key":"Regal Pillow"},{"floor":44.0,"key":"Happy Flower"},{"floor":44.0,"key":"Unceasing Top"},{"floor":45.0,"key":"Torii"}],"event_choices":[{"damage_healed":0.0,"max_hp_gain":0.0,"max_hp_loss":0.0,"gold_gain":0.0,"event_name":"betterThird:BetterScrap","player_choice":"Relic ","floor":13.0,"gold_loss":0.0,"damage_taken":5.0,"cards_obtained":["Scrawl"]},{"damage_healed":0.0,"max_hp_gain":0.0,"max_hp_loss":0.0,"gold_gain":0.0,"event_name":"Match and Keep!","player_choice":"1 cards matched","floor":20.0,"gold_loss":0.0,"damage_taken":0.0,"cards_obtained":["Burst"]},{"cards_removed":["Burst"],"damage_healed":28.0,"max_hp_gain":10.0,"max_hp_loss":0.0,"gold_gain":0.0,"event_name":"Bonfire Elementals","player_choice":"Offered Rare","floor":27.0,"gold_loss":0.0,"damage_taken":0.0},{"cards_removed":["Strike_G"],"damage_healed":0.0,"max_hp_gain":0.0,"max_hp_loss":0.0,"gold_gain":0.0,"event_name":"Falling","player_choice":"Removed Attack","floor":39.0,"gold_loss":0.0,"damage_taken":0.0},{"damage_healed":0.0,"max_hp_gain":0.0,"max_hp_loss":0.0,"gold_gain":0.0,"event_name":"MindBloom","player_choice":"Fight","floor":45.0,"gold_loss":0.0,"damage_taken":0.0},{"damage_healed":0.0,"max_hp_gain":0.0,"max_hp_loss":0.0,"gold_gain":0.0,"event_name":"SensoryStone","player_choice":"Memory 1","floor":47.0,"gold_loss":0.0,"damage_taken":0.0},{"damage_healed":0.0,"max_hp_gain":0.0,"max_hp_loss":0.0,"gold_gain":0.0,"event_name":"Tomb of Lord Red Mask","player_choice":"Ignored","floor":48.0,"gold_loss":0.0,"damage_taken":0.0}],"is_beta":false,"boss_relics":[{"not_picked":["Fusion Hammer","Empty Cage"],"picked":"WristBlade"},{"not_picked":["Tiny House","Velvet Choker"],"picked":"Black Star"}],"items_purged_floors":[21,28,38],"is_endless":false,"potions_floor_spawned":[1,3,4,10,14,18,24,31,35,40,45],"killed_by":"Awakened One","ascension_level":20}}