{"host":"9b7hrp48q3pna783","time":1611613322,"event":{"mods":["BaseMod","Colored Map","Colored Powertips","Highlight Path","Minty Spire (QoL Compilation)","Relic Stats"],"gold_per_floor":[117,137,153,153,171,171,206,224,224,256,431,351,362,96,96,191,191,204,204,220,120,130,130,130,130],"floor_reached":24,"language":"ENG","playtime":1172,"items_purged":["Regret","Doubt","Strike_R"],"score":218,"play_id":"f1f3450f-c005-42ab-853e-cd849125c805","local_time":"20210125172202","is_ascension_mode":true,"campfire_choices":[{"data":"Armaments","floor":6,"key":"SMITH"},{"data":"Uppercut","floor":15,"key":"SMITH"},{"data":"Bash","floor":23,"key":"SMITH"}],"circlet_count":0,"master_deck":["Strike_R","Strike_R","Strike_R","Strike_R","Defend_R","Defend_R","Defend_R","Bash+1","Iron Wave","Armaments+1","Uppercut+1","Inflame","Sword Boomerang","Whirlwind","Berserk","Entrench","Bloodletting+1"],"relics":["Burning Blood","The Courier","Lantern","Paper Frog","HandDrill","Runic Pyramid"],"acts_visited":["Exordium","TheCity"],"potions_floor_usage":[7,7],"damage_taken":[{"damage":6,"enemies":"Cultist","floor":1,"turns":4},{"damage":2,"enemies":"2 Louse","floor":2,"turns":3},{"damage":13,"enemies":"Jaw Worm","floor":3,"turns":3},{"damage":18,"enemies":"Blue Slaver","floor":5,"turns":4},{"damage":9,"enemies":"Gremlin Nob","floor":7,"turns":3},{"damage":1,"enemies":"2 Fungi Beasts","floor":8,"turns":3},{"damage":27,"enemies":"3 Sentries","floor":10,"turns":10},{"damage":10,"enemies":"3 Louse","floor":13,"turns":4},{"damage":23,"enemies":"The Guardian","floor":16,"turns":8},{"damage":30,"enemies":"2 Thieves","floor":18,"turns":3},{"damage":1,"enemies":"Chosen","floor":20,"turns":3},{"damage":0,"enemies":"Centurion and Healer","floor":22,"turns":5},{"damage":58,"enemies":"Slavers","floor":24,"turns":4}],"seed_played":"7947253799176410273","potions_obtained":[{"floor":3,"key":"Strength Potion"},{"floor":5,"key":"Fire Potion"},{"floor":7,"key":"GamblersBrew"},{"floor":8,"key":"Dexterity Potion"}],"is_trial":false,"path_per_floor":["M","M","M","?","M","R","E","M","T","E","?","$","M","$","R","B",null,"M","?","M","$","M","R","E"],"character_chosen":"IRONCLAD","items_purchased":["Sword Boomerang","HandDrill","Whirlwind"],"campfire_rested":0,"item_purchase_floors":[12,14,14],"current_hp_per_floor":[80,80,73,73,61,61,58,63,63,42,42,42,38,38,38,21,80,56,41,46,46,52,52,0,0],"gold":130,"neow_bonus":"REMOVE_CARD","is_daily":false,"chose_seed":false,"campfire_upgraded":3,"win_rate":0.0,"timestamp":1611613322,"path_taken":["M","M","M","?","M","R","E","M","T","E","?","$","M","$","R","BOSS","M","?","M","$","M","R","E"],"items_purchased_type":["Card","Relic","Card"],"build_version":"2020-12-22","purchased_purges":3,"victory":false,"max_hp_per_floor":[80,80,80,80,80,80,80,80,80,80,80,80,80,80,80,80,80,80,85,85,85,85,85,85,85],"relic_stats":{"counters":[13,57],"HandDrill":[2],"obtain_stats":[{"Lantern":7,"The Courier":4,"HandDrill":14,"Burning Blood":0,"Paper Frog":10,"Runic Pyramid":17},{"Lantern":5,"The Courier":3,"HandDrill":8,"Burning Blood":0,"Paper Frog":7,"Runic Pyramid":9},{"Lantern":17,"The Courier":10,"HandDrill":34,"Burning Blood":0,"Paper Frog":30,"Runic Pyramid":42}],"Burning Blood":68},"card_choices":[{"not_picked":["Wild Strike","Sever Soul","Heavy Blade"],"picked":"SKIP","floor":1},{"not_picked":["Armaments","Heavy Blade"],"picked":"Iron Wave","floor":2},{"not_picked":["Flame Barrier","Warcry"],"picked":"Armaments","floor":3},{"not_picked":["True Grit","Seeing Red","Clash"],"picked":"SKIP","floor":5},{"not_picked":["Wild Strike","Intimidate","Twin Strike"],"picked":"SKIP","floor":7},{"not_picked":["Anger","Armaments"],"picked":"Uppercut","floor":8},{"not_picked":["Heavy Blade","Anger"],"picked":"Inflame","floor":10},{"not_picked":["Combust","True Grit","Iron Wave"],"picked":"SKIP","floor":13},{"not_picked":["Immolate","Reaper"],"picked":"Berserk","floor":16},{"not_picked":["Heavy Blade","Sever Soul"],"picked":"Entrench","floor":18},{"not_picked":["Flex","Thunderclap","Flame Barrier"],"picked":"SKIP","floor":20},{"not_picked":["Heavy Blade","Reckless Charge+1"],"picked":"Bloodletting+1","floor":22}],"player_experience":119728,"relics_obtained":[{"floor":7,"key":"Lantern"},{"floor":10,"key":"Paper Frog"}],"event_choices":[{"damage_healed":0,"gold_gain":0,"player_choice":"Box","damage_taken":0,"relics_obtained":["The Courier"],"max_hp_gain":0,"max_hp_loss":0,"event_name":"Big Fish","floor":4,"gold_loss":0,"cards_obtained":["Regret"]},{"damage_healed":0,"gold_gain":175,"player_choice":"AGREE","damage_taken":0,"max_hp_gain":0,"max_hp_loss":0,"event_name":"Liars Game","floor":11,"gold_loss":0,"cards_obtained":["Doubt"]},{"damage_healed":0,"gold_gain":0,"player_choice":"Shed Blood","damage_taken":20,"max_hp_gain":5,"max_hp_loss":0,"event_name":"Forgotten Altar","floor":19,"gold_loss":0}],"is_beta":false,"boss_relics":[{"not_picked":["Calling Bell","SacredBark"],"picked":"Runic Pyramid"}],"items_purged_floors":[12,14,21],"is_endless":false,"potions_floor_spawned":[3,5,7,8],"killed_by":"Slavers","ascension_level":1}}