{"host":"ordk2y2ebcetabk6","time":1611599946,"event":{"mods":["AlwaysNeverKeys","Astrologer","Bard","BaseMod","Better Debug","Colored Map","Colored Powertips","Dark Map","Hermit","Highlight Path","Humility","Minty Spire (QoL Compilation)","Permanent Neow","Rare Cards Sparkle","Spire Arcade","StSLib","Wide Potions"],"gold_per_floor":[209,209,134,134,152,152,168,168,168,187,202,172,172,172,172,277,277,296,296,296,311,311,311,322,322,322,70,105,125,138,163,163,263,263,282,282,57,57,107,107,107,107,157,85,85,98,125,145,145,145],"floor_reached":51,"language":"ENG","playtime":2283,"items_purged":["Strike_P","Strike_P"],"score":851,"play_id":"e917ecf4-00f6-4ffa-8e01-b074fda86a88","local_time":"20210125113906","is_ascension_mode":false,"campfire_choices":[{"data":"BowlingBash","floor":6.0,"key":"SMITH"},{"data":"Vigilance","floor":8.0,"key":"SMITH"},{"data":"WindmillStrike","floor":15.0,"key":"SMITH"},{"data":"RitualDagger","floor":23.0,"key":"SMITH"},{"data":"Perseverance","floor":25.0,"key":"SMITH"},{"data":"Worship","floor":32,"key":"SMITH"},{"data":"Omniscience","floor":40,"key":"SMITH"},{"data":"ForeignInfluence","floor":45,"key":"SMITH"},{"floor":49,"key":"REST"}],"circlet_count":0,"master_deck":["Defend_P","Defend_P","Defend_P","Defend_P","Eruption","Vigilance+1","BowlingBash+1","DeceiveReality","WindmillStrike+1","Establishment","RitualDagger+1","Perseverance+1","BattleHymn+1","ClearTheMind","Worship+1","Indignation+1","ForeignInfluence+1","Omniscience+1","Flash of Steel"],"relics":["PureWater","Blue Candle","Runic Pyramid","Sling","ClockworkSouvenir","Blood Vial","Anchor","SacredBark","Membership Card","Mango","Vajra","Lantern","Bronze Scales"],"acts_visited":["Exordium","TheCity","TheBeyond"],"potions_floor_usage":[28,31,33,46,48,50],"damage_taken":[{"damage":3.0,"enemies":"2 Louse","floor":1.0,"turns":3.0},{"damage":0.0,"enemies":"Cultist","floor":5.0,"turns":3.0},{"damage":0.0,"enemies":"Small Slimes","floor":7.0,"turns":2.0},{"damage":0.0,"enemies":"2 Fungi Beasts","floor":10.0,"turns":2.0},{"damage":0.0,"enemies":"3 Louse","floor":11.0,"turns":5.0},{"damage":0.0,"enemies":"Looter","floor":12.0,"turns":3.0},{"damage":38.0,"enemies":"The Guardian","floor":16.0,"turns":10.0},{"damage":0.0,"enemies":"Chosen","floor":18.0,"turns":4.0},{"damage":2.0,"enemies":"Shell Parasite","floor":21.0,"turns":5.0},{"damage":2.0,"enemies":"Snecko","floor":24.0,"turns":3.0},{"damage":11,"enemies":"Book of Stabbing","floor":28,"turns":3},{"damage":15,"enemies":"Centurion and Healer","floor":29,"turns":4},{"damage":3,"enemies":"Chosen and Byrds","floor":30,"turns":4},{"damage":40,"enemies":"Gremlin Leader","floor":31,"turns":5},{"damage":25,"enemies":"Champ","floor":33,"turns":7},{"damage":2,"enemies":"3 Shapes","floor":35,"turns":3},{"damage":3,"enemies":"Mind Bloom Boss Battle","floor":39,"turns":6},{"damage":13,"enemies":"Mind Bloom Boss Battle","floor":39,"turns":5},{"damage":0,"enemies":"Orb Walker","floor":46,"turns":2},{"damage":9,"enemies":"Giant Head","floor":47,"turns":5},{"damage":23,"enemies":"Sphere and 2 Shapes","floor":48,"turns":6},{"damage":79,"enemies":"Donu and Deca","floor":50,"turns":10}],"seed_played":"-4470623148349529366","potions_obtained":[{"floor":7.0,"key":"Swift Potion"},{"floor":11.0,"key":"LiquidBronze"},{"floor":16.0,"key":"ColorlessPotion"},{"floor":21.0,"key":"FairyPotion"},{"floor":24.0,"key":"Strength Potion"},{"floor":30,"key":"Explosive Potion"},{"floor":33,"key":"Swift Potion"},{"floor":39,"key":"Weak Potion"},{"floor":47,"key":"LiquidMemories"}],"is_trial":false,"path_per_floor":["M","?","$","?","M","R","M","R","T","M","M","M","?","?","R","B",null,"M","?","?","M","?","R","M","R","T","$","E","M","M","E","R","B",null,"M","?","$","?","?","R","$","?","T","$","R","M","E","M","R","B",null],"character_chosen":"WATCHER","items_purchased":["ClockworkSouvenir","Membership Card","Omniscience","Lantern"],"campfire_rested":1,"item_purchase_floors":[27,37,37,44],"current_hp_per_floor":[69,74,74,74,74,74,74,74,74,74,74,74,74,74,74,36,77,77,71,71,69,69,69,67,67,67,67,56,43,42,4,4,23,77,75,75,75,75,77,77,77,77,77,77,77,79,72,51,78,8],"gold":145,"neow_bonus":"HUNDRED_GOLD","is_daily":false,"chose_seed":false,"campfire_upgraded":8,"win_rate":0.0,"timestamp":1611599946,"path_taken":["M","?","$","?","M","R","?","R","T","M","?","M","?","?","R","BOSS","M","?","?","M","?","R","M","R","T","$","E","M","?","E","R","BOSS","M","?","$","?","?","R","$","?","T","$","R","M","E","M","R","BOSS"],"items_purchased_type":["Relic","Relic","Card","Relic"],"build_version":"2020-12-22","purchased_purges":2,"victory":true,"max_hp_per_floor":[72,77,77,77,77,77,77,77,77,77,77,77,77,77,77,77,77,77,77,77,77,77,77,77,77,77,77,77,77,77,77,77,77,77,77,77,77,77,91,91,91,91,91,91,91,91,91,91,91,91],"card_choices":[{"not_picked":["Crescendo","EmptyFist","CutThroughFate"],"picked":"SKIP","floor":1.0},{"not_picked":["CutThroughFate","FollowUp"],"picked":"BowlingBash","floor":5.0},{"not_picked":["FollowUp","BowlingBash","Weave"],"picked":"SKIP","floor":7.0},{"not_picked":["Conclude","Halt"],"picked":"DeceiveReality","floor":10.0},{"not_picked":["DeceiveReality","Weave","Adaptation"],"picked":"SKIP","floor":11.0},{"not_picked":["JustLucky","WreathOfFlame"],"picked":"WindmillStrike","floor":12.0},{"not_picked":["DeusExMachina","Ragnarok"],"picked":"Establishment","floor":16.0},{"not_picked":["Halt","PathToVictory+1","SignatureMove"],"picked":"SKIP","floor":18.0},{"not_picked":["ClearTheMind","Conclude+1"],"picked":"BattleHymn+1","floor":21.0},{"not_picked":["Worship","FlyingSleeves"],"picked":"Indignation+1","floor":24.0},{"not_picked":["EmptyBody","SignatureMove","ConjureBlade"],"picked":"SKIP","floor":28},{"not_picked":["Worship","FlyingSleeves","Protect"],"picked":"SKIP","floor":29},{"not_picked":["Wallop","ThirdEye","Evaluate+1"],"picked":"SKIP","floor":30},{"not_picked":["FollowUp","EmptyFist"],"picked":"ForeignInfluence","floor":31},{"not_picked":["SashWhip","EmptyBody+1","WheelKick"],"picked":"SKIP","floor":35},{"not_picked":["Master of Strategy","Apotheosis"],"picked":"Flash of Steel","floor":38},{"not_picked":["EmptyBody+1","Prostrate+1","Worship"],"picked":"SKIP","floor":46},{"not_picked":["FollowUp+1","Ragnarok","Judgement"],"picked":"SKIP","floor":47},{"not_picked":["CrushJoints","InnerPeace+1","FlyingSleeves+1"],"picked":"SKIP","floor":48}],"player_experience":1055388,"relics_obtained":[{"floor":9.0,"key":"Blue Candle"},{"floor":28,"key":"Blood Vial"},{"floor":31,"key":"Anchor"},{"floor":39,"key":"Mango"},{"floor":43,"key":"Vajra"},{"floor":47,"key":"Bronze Scales"}],"event_choices":[{"damage_healed":0.0,"max_hp_gain":5.0,"max_hp_loss":0.0,"gold_gain":0.0,"event_name":"Big Fish","player_choice":"Donut","floor":2.0,"gold_loss":0.0,"damage_taken":0.0},{"damage_healed":0.0,"max_hp_gain":0.0,"max_hp_loss":0.0,"gold_gain":0.0,"event_name":"WeMeetAgain","player_choice":"Ignored","floor":4.0,"gold_loss":0.0,"damage_taken":0.0},{"damage_healed":0.0,"max_hp_gain":0.0,"max_hp_loss":0.0,"gold_gain":0.0,"event_name":"Liars Game","player_choice":"Ignored","floor":13.0,"gold_loss":0.0,"damage_taken":0.0},{"damage_healed":0.0,"max_hp_gain":0.0,"max_hp_loss":0.0,"gold_gain":0.0,"event_name":"Nest","player_choice":"Joined the Cult","floor":19.0,"gold_loss":0.0,"damage_taken":6.0,"cards_obtained":["RitualDagger"]},{"damage_healed":0.0,"max_hp_gain":0.0,"max_hp_loss":0.0,"gold_gain":0.0,"event_name":"The Library","player_choice":"Read","floor":20.0,"gold_loss":0.0,"damage_taken":0.0,"cards_obtained":["Perseverance"]},{"damage_healed":0.0,"max_hp_gain":0.0,"max_hp_loss":0.0,"gold_gain":0.0,"cards_transformed":["Strike_P","Strike_P"],"event_name":"Drug Dealer","player_choice":"Became Test Subject","floor":22.0,"gold_loss":0.0,"damage_taken":0.0,"cards_obtained":["ClearTheMind","Worship"]},{"damage_healed":0,"gold_gain":0,"player_choice":"Ignored","damage_taken":0,"max_hp_gain":0,"max_hp_loss":0,"event_name":"Tomb of Lord Red Mask","floor":36,"gold_loss":0},{"damage_healed":0,"gold_gain":0,"player_choice":"Memory 1","damage_taken":0,"max_hp_gain":0,"max_hp_loss":0,"event_name":"SensoryStone","floor":38,"gold_loss":0},{"damage_healed":0,"gold_gain":0,"player_choice":"Fight","damage_taken":0,"max_hp_gain":0,"max_hp_loss":0,"event_name":"MindBloom","floor":39,"gold_loss":0},{"damage_healed":0,"gold_gain":0,"player_choice":"Bought 0 Potions","damage_taken":0,"max_hp_gain":0,"max_hp_loss":0,"event_name":"The Woman in Blue","floor":42,"gold_loss":0}],"is_beta":false,"boss_relics":[{"not_picked":["VioletLotus","SlaversCollar"],"picked":"Runic Pyramid"},{"not_picked":["Black Star","Pandora\u0027s Box"],"picked":"SacredBark"}],"items_purged_floors":[3,27],"is_endless":false,"potions_floor_spawned":[7,11,16,21,24,30,33,39,46,47],"ascension_level":0,"is_humility":true}}