{"host":"zrtolk9726p85qr7","time":1611613287,"event":{"mods":["BaseMod","Colored Powertips","Minty Spire (QoL Compilation)","Permanent Neow","Quick Restart","Spire Arcade","StSLib","The Animator","The Necromancer"],"gold_per_floor":[115,290,301,313,331,331,348,381,404,416,416,416,416,430,430,526,526,540,345,355,355,367,393,293,293,293],"floor_reached":25,"language":"ENG","playtime":1165,"items_purged":[],"score":250,"play_id":"6b6764f2-9b8b-4e8d-90ce-d3c6a82bb36b","local_time":"20210125232127","is_ascension_mode":false,"campfire_choices":[{"floor":6,"key":"RECALL"},{"floor":11,"key":"REST"},{"floor":13,"key":"REST"},{"data":"Rampage","floor":15,"key":"SMITH"}],"circlet_count":0,"master_deck":["Strike_R","Strike_R","Strike_R","Strike_R","Strike_R","Defend_R","Defend_R","Defend_R","Defend_R","Bash+1","Thunderclap","Doubt","Intimidate","Pommel Strike","Rampage+1","Feed","Anger","Combust","Bludgeon","Iron Wave+1","Rupture+1","J.A.X.","Clash+1"],"relics":["Black Blood","Oddly Smooth Stone","Red Skull","Potion Belt","Lee\u0027s Waffle","Strawberry"],"acts_visited":["Exordium","TheCity"],"potions_floor_usage":[8,8,8,18,23,25],"damage_taken":[{"damage":5,"enemies":"Small Slimes","floor":1,"turns":3},{"damage":11,"enemies":"Jaw Worm","floor":3,"turns":4},{"damage":5,"enemies":"2 Louse","floor":4,"turns":4},{"damage":10,"enemies":"Exordium Wildlife","floor":5,"turns":3},{"damage":8,"enemies":"Gremlin Gang","floor":7,"turns":3},{"damage":42,"enemies":"Lagavulin","floor":8,"turns":8},{"damage":6,"enemies":"Exordium Thugs","floor":10,"turns":4},{"damage":11,"enemies":"Lots of Slimes","floor":14,"turns":4},{"damage":54,"enemies":"Slime Boss","floor":16,"turns":11},{"damage":47,"enemies":"Shell Parasite","floor":18,"turns":6},{"damage":47,"enemies":"Spheric Guardian","floor":20,"turns":6},{"damage":23,"enemies":"Snecko","floor":22,"turns":5},{"damage":71,"enemies":"Gremlin Leader","floor":23,"turns":7},{"damage":20,"enemies":"Book of Stabbing","floor":25,"turns":4}],"seed_played":"25932770883844423","potions_obtained":[{"floor":1,"key":"BlessingOfTheForge"},{"floor":3,"key":"BlessingOfTheForge"},{"floor":5,"key":"GamblersBrew"},{"floor":8,"key":"Strength Potion"},{"floor":22,"key":"SpeedPotion"},{"floor":23,"key":"Dexterity Potion"}],"is_trial":false,"path_per_floor":["M","?","M","M","M","R","M","E","T","M","R","?","R","M","R","B",null,"M","$","M","?","M","E","?","E"],"character_chosen":"IRONCLAD","items_purchased":["Lee\u0027s Waffle","BloodPotion"],"campfire_rested":2,"item_purchase_floors":[19,19],"current_hp_per_floor":[80,80,75,76,72,72,70,34,34,37,61,58,82,80,80,35,89,54,96,61,61,53,20,20,0,0],"gold":293,"neow_bonus":"UPGRADE_CARD","is_daily":false,"chose_seed":false,"campfire_upgraded":1,"win_rate":0.0,"timestamp":1611613287,"path_taken":["M","?","M","M","M","R","M","E","T","M","R","?","R","M","R","BOSS","M","$","M","?","M","E","?","E"],"items_purchased_type":["Relic","Potion"],"build_version":"2020-12-22","purchased_purges":0,"victory":false,"max_hp_per_floor":[80,80,80,80,80,80,80,80,80,83,83,83,83,86,86,89,89,89,96,96,96,99,106,106,106,106],"card_choices":[{"not_picked":["Fire Breathing","Twin Strike"],"picked":"Thunderclap","floor":1},{"not_picked":["Twin Strike","Shrug It Off"],"picked":"Intimidate","floor":3},{"not_picked":["Body Slam","Headbutt"],"picked":"Pommel Strike","floor":4},{"not_picked":["Wild Strike","Battle Trance","Power Through"],"picked":"SKIP","floor":5},{"not_picked":["Pommel Strike","Sword Boomerang"],"picked":"Rampage","floor":7},{"not_picked":["Pommel Strike","Dual Wield"],"picked":"Feed","floor":8},{"not_picked":["Havoc","Battle Trance"],"picked":"Anger","floor":10},{"not_picked":["Warcry","Anger"],"picked":"Combust","floor":14},{"not_picked":["Berserk","Double Tap"],"picked":"Bludgeon","floor":16},{"not_picked":["Perfected Strike","True Grit"],"picked":"Iron Wave+1","floor":18},{"not_picked":["Heavy Blade","Combust+1"],"picked":"Rupture+1","floor":20},{"not_picked":["Clothesline","Iron Wave+1","Armaments"],"picked":"SKIP","floor":22},{"not_picked":["Limit Break","Anger"],"picked":"Clash+1","floor":23}],"player_experience":93633,"relics_obtained":[{"floor":8,"key":"Oddly Smooth Stone"},{"floor":9,"key":"Red Skull"},{"floor":23,"key":"Strawberry"}],"event_choices":[{"damage_healed":0,"gold_gain":175,"player_choice":"AGREE","damage_taken":0,"max_hp_gain":0,"max_hp_loss":0,"event_name":"Liars Game","floor":2,"gold_loss":0,"cards_obtained":["Doubt"]},{"damage_healed":0,"gold_gain":0,"player_choice":"Success","damage_taken":3,"relics_obtained":["Potion Belt"],"max_hp_gain":0,"max_hp_loss":0,"event_name":"Scrap Ooze","floor":12,"gold_loss":0},{"damage_healed":0,"gold_gain":0,"player_choice":"Obtain J.A.X.","damage_taken":0,"max_hp_gain":0,"max_hp_loss":0,"event_name":"Drug Dealer","floor":21,"gold_loss":0,"cards_obtained":["J.A.X."]}],"is_beta":false,"boss_relics":[{"not_picked":["Philosopher\u0027s Stone","Mark of Pain"],"picked":"Black Blood"}],"items_purged_floors":[],"is_endless":false,"potions_floor_spawned":[1,3,5,8,22,23],"killed_by":"Book of Stabbing","ascension_level":0}}