{"host":"lnt5dzsuhru0aonl","time":1611569945,"event":{"mods":["2.2 Compatiblity","BaseMod","Colored Map","Colored Powertips","DeckTracker","Keyboard Shortcuts","Minty Spire (QoL Compilation)","Permanent Neow","Rare Cards Sparkle","StSLib","SuperFastMode","everything is the same but u backflip on backflip"],"gold_per_floor":[111,27,44,44,59,93,120,133,159,214,225,225,9,9,9],"floor_reached":14,"language":"KOR","playtime":298,"items_purged":[],"score":180,"play_id":"2cdd1ab1-e2c7-418c-992e-e72a2cbd8c26","local_time":"20210125191905","is_ascension_mode":true,"campfire_choices":[{"floor":12,"key":"REST"}],"circlet_count":0,"master_deck":["AscendersBane","Strike_B","Strike_B","Strike_B+1","Strike_B","Defend_B","Defend_B","Defend_B","Defend_B","Zap","Dualcast","Biased Cognition","Ball Lightning","Coolheaded","Turbo","FTL","Compile Driver+1","Self Repair","Sweeping Beam","Undo"],"relics":["Cracked Core","Oddly Smooth Stone","Odd Mushroom","Vajra","Bronze Scales","Whetstone"],"acts_visited":["Exordium"],"potions_floor_usage":[11],"damage_taken":[{"damage":7.0,"enemies":"Jaw Worm","floor":1.0,"turns":3.0},{"damage":5.0,"enemies":"Small Slimes","floor":3.0,"turns":3.0},{"damage":2.0,"enemies":"2 Louse","floor":5.0,"turns":2.0},{"damage":6.0,"enemies":"Gremlin Nob","floor":6.0,"turns":3.0},{"damage":9.0,"enemies":"The Mushroom Lair","floor":7.0,"turns":2.0},{"damage":12.0,"enemies":"Large Slime","floor":8.0,"turns":4.0},{"damage":21.0,"enemies":"Lagavulin Event","floor":10.0,"turns":5.0},{"damage":12,"enemies":"Gremlin Gang","floor":11,"turns":2},{"damage":32,"enemies":"3 Sentries","floor":14,"turns":6}],"seed_played":"-5639908156207337859","potions_obtained":[{"floor":1.0,"key":"Swift Potion"},{"floor":6.0,"key":"AttackPotion"},{"floor":7.0,"key":"Strength Potion"},{"floor":11,"key":"SpeedPotion"}],"is_trial":false,"path_per_floor":["M","$","M","?","M","E","?","M","T","?","M","R","$","E"],"character_chosen":"DEFECT","items_purchased":["Coolheaded","Turbo","Undo","Whetstone"],"campfire_rested":1,"item_purchase_floors":[2,2,13,13],"current_hp_per_floor":[39,39,34,57,55,49,40,35,35,21,9,30,30,0,0],"gold":9,"neow_bonus":"THREE_RARE_CARDS","is_daily":false,"chose_seed":false,"campfire_upgraded":0,"win_rate":0.0,"timestamp":1611569945,"path_taken":["M","$","M","?","M","E","?","M","T","?","M","R","$","E"],"items_purchased_type":["Card","Card","Card","Relic"],"build_version":"2020-12-22","purchased_purges":0,"victory":false,"max_hp_per_floor":[71,71,71,71,71,71,71,71,71,71,71,71,71,71,71],"card_choices":[{"not_picked":["Fission","Multi-Cast"],"picked":"Biased Cognition","floor":0.0},{"not_picked":["Scrape","Coolheaded"],"picked":"Ball Lightning","floor":1.0},{"not_picked":["Lockon","Doom and Gloom"],"picked":"FTL","floor":3.0},{"not_picked":["Rebound","Melter"],"picked":"Compile Driver","floor":5.0},{"not_picked":["Hologram","Steam"],"picked":"Self Repair","floor":6.0},{"not_picked":["Coolheaded","Recycle"],"picked":"Sweeping Beam","floor":7.0},{"not_picked":["Redo","Go for the Eyes","Hologram"],"picked":"SKIP","floor":8.0},{"not_picked":["Redo","Streamline","Hologram"],"picked":"SKIP","floor":11}],"player_experience":758994,"relics_obtained":[{"floor":6.0,"key":"Oddly Smooth Stone"},{"floor":7.0,"key":"Odd Mushroom"},{"floor":9.0,"key":"Vajra"},{"floor":10.0,"key":"Bronze Scales"}],"event_choices":[{"damage_healed":23.0,"max_hp_gain":0.0,"max_hp_loss":0.0,"gold_gain":0.0,"event_name":"Big Fish","player_choice":"Banana","floor":4.0,"gold_loss":0.0,"damage_taken":0.0},{"damage_healed":0.0,"max_hp_gain":0.0,"max_hp_loss":0.0,"gold_gain":0.0,"event_name":"Mushrooms","player_choice":"Fought Mushrooms","floor":7.0,"gold_loss":0.0,"damage_taken":0.0},{"damage_healed":0.0,"max_hp_gain":0.0,"max_hp_loss":0.0,"gold_gain":0.0,"event_name":"Dead Adventurer","player_choice":"Searched \u00271\u0027 times","floor":10.0,"gold_loss":0.0,"damage_taken":0.0}],"is_beta":false,"boss_relics":[],"items_purged_floors":[],"is_endless":false,"potions_floor_spawned":[1,6,7,11],"killed_by":"3 Sentries","ascension_level":20}}