{"host":"63yhhrjweyj22b0v","time":1611546238,"event":{"mods":["BaseMod","Minty Spire (QoL Compilation)","Quick Restart"],"gold_per_floor":[116,291,68,68,85,119,138,166,192,208,220,285,250,25,25,129,179,190,190,3,3,3,3,3,3,83,95,95,115,126,165,165,277,277,306,324,147,147,165,165,192,209,234,234,244,262,291,308,308,308,308],"floor_reached":50,"language":"ENG","playtime":1485,"items_purged":["Doubt","Strike_B"],"score":629,"play_id":"836b3306-b2c7-4d87-bd12-bd07fbcbdf55","local_time":"20210124214358","is_ascension_mode":false,"campfire_choices":[{"data":"Auto Shields","floor":15,"key":"SMITH"},{"data":"Creative AI","floor":23,"key":"SMITH"},{"data":"Static Discharge","floor":25,"key":"SMITH"},{"floor":32,"key":"REST"},{"data":"Static Discharge","floor":40,"key":"SMITH"},{"floor":44,"key":"REST"},{"floor":49,"key":"REST"}],"circlet_count":0,"master_deck":["Strike_B","Strike_B","Defend_B","Defend_B","Defend_B","Defend_B","Zap+1","Dualcast","Ball Lightning","Barrage","Rainbow+1","Ball Lightning","Ball Lightning","Auto Shields+1","Gash","FTL","Thunder Strike","Auto Shields","Go for the Eyes","Ball Lightning","Barrage","Creative AI+1","Conserve Battery+1","Beam Cell","Static Discharge+1","White Noise+1","Defragment","Reinforced Body+1","Gash","Fission+1","Storm+1","Static Discharge+1","Lockon","Redo+1"],"relics":["Cracked Core","NeowsBlessing","Orrery","Anchor","Tiny Chest","PreservedInsect","The Courier","Toxic Egg 2","Tiny House","Thread and Needle","Blood Vial","Enchiridion","Symbiotic Virus","CeramicFish","Busted Crown","Bronze Scales","Oddly Smooth Stone"],"acts_visited":["Exordium","TheCity","TheBeyond"],"potions_floor_usage":[8,8,16,33,33,33,42,46,47,50],"damage_taken":[{"damage":0,"enemies":"2 Louse","floor":1,"turns":1},{"damage":0,"enemies":"Jaw Worm","floor":5,"turns":1},{"damage":0,"enemies":"Gremlin Nob","floor":6,"turns":1},{"damage":0,"enemies":"Cultist","floor":7,"turns":2},{"damage":14,"enemies":"Lagavulin","floor":8,"turns":4},{"damage":0,"enemies":"Gremlin Gang","floor":10,"turns":3},{"damage":13,"enemies":"Exordium Wildlife","floor":11,"turns":3},{"damage":0,"enemies":"Gremlin Nob","floor":12,"turns":2},{"damage":45,"enemies":"Hexaghost","floor":16,"turns":7},{"damage":7,"enemies":"Shell Parasite","floor":18,"turns":4},{"damage":23,"enemies":"2 Thieves","floor":27,"turns":4},{"damage":18,"enemies":"Cultist and Chosen","floor":29,"turns":6},{"damage":6,"enemies":"Snecko","floor":30,"turns":4},{"damage":0,"enemies":"Book of Stabbing","floor":31,"turns":4},{"damage":48,"enemies":"Collector","floor":33,"turns":7},{"damage":8,"enemies":"3 Darklings","floor":35,"turns":4},{"damage":0,"enemies":"3 Shapes","floor":36,"turns":2},{"damage":15,"enemies":"Writhing Mass","floor":39,"turns":4},{"damage":19,"enemies":"3 Darklings","floor":41,"turns":5},{"damage":18,"enemies":"Maw","floor":42,"turns":5},{"damage":24,"enemies":"Writhing Mass","floor":45,"turns":4},{"damage":6,"enemies":"Sphere and 2 Shapes","floor":46,"turns":3},{"damage":0,"enemies":"Reptomancer","floor":47,"turns":4},{"damage":0,"enemies":"3 Darklings","floor":48,"turns":2},{"damage":56,"enemies":"Awakened One","floor":50,"turns":4}],"seed_played":"-2423028655968856800","potions_obtained":[{"floor":1,"key":"ColorlessPotion"},{"floor":5,"key":"Weak Potion"},{"floor":11,"key":"Fire Potion"},{"floor":12,"key":"Swift Potion"},{"floor":17,"key":"Dexterity Potion"},{"floor":27,"key":"LiquidBronze"},{"floor":41,"key":"ColorlessPotion"},{"floor":42,"key":"Fire Potion"},{"floor":46,"key":"LiquidBronze"},{"floor":48,"key":"DistilledChaos"}],"is_trial":false,"path_per_floor":["M","?","$","?","M","E","M","E","T","M","M","?","?","$","R","B",null,"M","T","$","?","?","R","$","R","T","M","T","M","M","E","R","B",null,"M","M","$","?","M","R","M","M","T","R","M","M","E","M","R","B"],"character_chosen":"DEFECT","items_purchased":["Orrery","Toxic Egg 2","Barrage","Blood Vial","Static Discharge","Static Discharge","Lockon"],"campfire_rested":3,"item_purchase_floors":[3,14,14,20,20,37,37],"current_hp_per_floor":[75,75,75,75,75,75,75,61,61,61,48,48,66,66,66,21,80,73,73,73,57,80,80,80,80,80,57,57,41,37,39,63,17,80,72,74,74,74,61,61,44,28,28,52,30,26,28,30,54,0,0],"gold":308,"neow_bonus":"THREE_ENEMY_KILL","is_daily":false,"chose_seed":false,"campfire_upgraded":4,"win_rate":0.0,"timestamp":1611546238,"path_taken":["M","?","$","?","M","E","?","E","T","M","M","?","?","?","R","BOSS","M","?","$","?","?","R","$","R","T","?","?","M","M","E","R","BOSS","M","?","$","?","M","R","M","?","T","R","M","M","E","M","R","BOSS"],"items_purchased_type":["Relic","Relic","Card","Relic","Card","Card","Card"],"build_version":"2020-12-22","purchased_purges":2,"victory":false,"max_hp_per_floor":[75,75,75,75,75,75,75,75,75,75,75,75,75,75,75,75,80,80,80,80,80,80,80,80,80,80,80,80,80,80,80,80,80,80,80,80,80,80,80,80,80,80,80,80,80,80,80,80,80,80,80],"card_choices":[{"not_picked":["Sunder","Streamline"],"picked":"Ball Lightning","floor":1},{"not_picked":["Streamline","Rebound"],"picked":"Barrage","floor":3},{"not_picked":["Steam","Turbo"],"picked":"Rainbow","floor":3},{"not_picked":["Hologram","Skim"],"picked":"Ball Lightning","floor":3},{"not_picked":["Redo","Rebound"],"picked":"Ball Lightning","floor":3},{"not_picked":["Aggregate","Chill"],"picked":"Auto Shields","floor":3},{"not_picked":["Turbo","Sweeping Beam"],"picked":"Gash","floor":5},{"not_picked":["Recycle","Stack"],"picked":"FTL","floor":6},{"not_picked":["Turbo","Beam Cell"],"picked":"Thunder Strike","floor":7},{"not_picked":["Genetic Algorithm","Rebound"],"picked":"Auto Shields","floor":8},{"not_picked":["Turbo","Rebound"],"picked":"Go for the Eyes","floor":10},{"not_picked":["Heatsinks","Cold Snap","Skim"],"picked":"SKIP","floor":11},{"not_picked":["Barrage","Streamline"],"picked":"Ball Lightning","floor":12},{"not_picked":["Thunder Strike","Hyperbeam"],"picked":"Creative AI","floor":16},{"not_picked":["Hologram+1","Streamline"],"picked":"Conserve Battery+1","floor":17},{"not_picked":["Steam+1","Hologram+1"],"picked":"Beam Cell","floor":18},{"not_picked":["Static Discharge","Turbo+1"],"picked":"White Noise+1","floor":27},{"not_picked":["Storm","Turbo+1"],"picked":"Defragment","floor":29},{"not_picked":["Hologram+1","Glacier+1"],"picked":"Reinforced Body+1","floor":30},{"not_picked":["Rip and Tear","Ball Lightning"],"picked":"Gash","floor":31},{"not_picked":["Seek+1","Reboot+1"],"picked":"Fission+1","floor":33},{"not_picked":[],"picked":"Storm+1","floor":35},{"not_picked":["Coolheaded+1"],"picked":"SKIP","floor":36},{"not_picked":["Conserve Battery+1"],"picked":"SKIP","floor":39},{"not_picked":[],"picked":"Redo+1","floor":41},{"not_picked":["Coolheaded+1"],"picked":"SKIP","floor":42},{"not_picked":["Blizzard+1"],"picked":"SKIP","floor":45},{"not_picked":["Turbo+1"],"picked":"SKIP","floor":46},{"not_picked":["Hologram+1"],"picked":"SKIP","floor":47},{"not_picked":["Glacier+1"],"picked":"SKIP","floor":48}],"player_experience":592214,"relics_obtained":[{"floor":6,"key":"Anchor"},{"floor":8,"key":"Tiny Chest"},{"floor":9,"key":"PreservedInsect"},{"floor":12,"key":"The Courier"},{"floor":19,"key":"Thread and Needle"},{"floor":21,"key":"Enchiridion"},{"floor":26,"key":"Symbiotic Virus"},{"floor":31,"key":"CeramicFish"},{"floor":43,"key":"Bronze Scales"},{"floor":47,"key":"Oddly Smooth Stone"}],"event_choices":[{"damage_healed":0,"gold_gain":175,"player_choice":"AGREE","damage_taken":0,"max_hp_gain":0,"max_hp_loss":0,"event_name":"Liars Game","floor":2,"gold_loss":0,"cards_obtained":["Doubt"]},{"damage_healed":0,"gold_gain":0,"player_choice":"Grow","damage_taken":0,"max_hp_gain":0,"max_hp_loss":0,"event_name":"Living Wall","floor":4,"gold_loss":0,"cards_upgraded":["Rainbow"]},{"damage_healed":0,"gold_gain":0,"player_choice":"Searched \u00272\u0027 times","damage_taken":0,"max_hp_gain":0,"max_hp_loss":0,"event_name":"Dead Adventurer","floor":12,"gold_loss":0},{"damage_healed":18,"gold_gain":0,"player_choice":"Healed","damage_taken":0,"max_hp_gain":0,"max_hp_loss":0,"event_name":"The Cleric","floor":13,"gold_loss":35},{"damage_healed":0,"gold_gain":0,"player_choice":"Obtained Book","damage_taken":16,"max_hp_gain":0,"max_hp_loss":0,"event_name":"Cursed Tome","floor":21,"gold_loss":0},{"damage_healed":26,"gold_gain":0,"player_choice":"Heal","damage_taken":0,"max_hp_gain":0,"max_hp_loss":0,"event_name":"The Library","floor":22,"gold_loss":0},{"cards_removed":["Strike_B"],"damage_healed":0,"gold_gain":0,"player_choice":"Purged","damage_taken":0,"max_hp_gain":0,"max_hp_loss":0,"event_name":"Purifier","floor":38,"gold_loss":0}],"is_beta":false,"boss_relics":[{"not_picked":["Fusion Hammer","Runic Pyramid"],"picked":"Tiny House"},{"not_picked":["Philosopher\u0027s Stone","Runic Dome"],"picked":"Busted Crown"}],"items_purged_floors":[3,37],"is_endless":false,"potions_floor_spawned":[1,5,11,12,27,29,41,42,46,48],"killed_by":"Awakened One","ascension_level":0}}