{"host":"bplbr8uekuotory4","time":1611565954,"event":{"mods":["Act Like it!","BaseMod","Minty Spire (QoL Compilation)","Quick Restart","Replay The Spire","Spicy Shops","StSLib","TestMod","The Blackbeard","[IsaacMod]ÒÔÈö¼âËþ"],"gold_per_floor":[439,458,458,458,508,543,543,543,543],"floor_reached":8,"language":"ZHS","playtime":107,"items_purged":[],"score":122,"play_id":"755b2033-1b4a-40d0-9d3f-eb63f9c5bf0e","local_time":"20210125171234","is_ascension_mode":true,"campfire_choices":[{"floor":7,"key":"REST"}],"circlet_count":0,"master_deck":["AscendersBane","Strike_B","Strike_B","Strike_B","Strike_B","Defend_B","Defend_B","Defend_B","Defend_B","Zap","Dualcast","Gash","Rip and Tear"],"relics":["Cracked Core","testmod-TestBox","HushsDoor","BloodDonationMachine","testmod-Brilliant","NeowsBlessing","Solar Panel","Boot","Bag of Preparation"],"acts_visited":["Exordium"],"potions_floor_usage":[8],"damage_taken":[{"damage":0,"enemies":"Jaw Worm","floor":1,"turns":1},{"damage":0,"enemies":"Small Slimes","floor":2,"turns":1},{"damage":0,"enemies":"Hiden Room Battle","floor":5,"turns":1},{"damage":0,"enemies":"3 Sentries","floor":6,"turns":1},{"damage":27,"enemies":"Lagavulin","floor":8,"turns":3}],"seed_played":"2816935392482567146","potions_obtained":[{"floor":5,"key":"Languid Potion"}],"is_trial":false,"path_per_floor":["M","M","$","?","?","E","R","E"],"character_chosen":"DEFECT","items_purchased":[],"campfire_rested":1,"item_purchase_floors":[],"current_hp_per_floor":[18,18,18,18,3,5,27,0,0],"gold":543,"neow_bonus":"THREE_ENEMY_KILL","is_daily":false,"chose_seed":false,"campfire_upgraded":0,"win_rate":0.0,"timestamp":1611565954,"path_taken":["M","M","$","?","?","E","R","E"],"items_purchased_type":[],"build_version":"2020-12-22","purchased_purges":0,"victory":false,"max_hp_per_floor":[75,75,75,75,75,75,75,75,75],"card_choices":[{"not_picked":["Conserve Battery","FTL"],"picked":"Gash","floor":1},{"not_picked":["Rebound","Compile Driver"],"picked":"Rip and Tear","floor":2},{"not_picked":["ReplayTheSpireMod:GoodbyeWorld","Steam Power","Barrage"],"picked":"SKIP","floor":6}],"player_experience":493790,"relics_obtained":[{"floor":5,"key":"Solar Panel"},{"floor":5,"key":"Boot"},{"floor":6,"key":"Bag of Preparation"}],"event_choices":[{"damage_healed":0,"gold_gain":0,"player_choice":"Fight","damage_taken":0,"max_hp_gain":0,"max_hp_loss":0,"event_name":"HidenRoomEvent","floor":5,"gold_loss":0}],"is_beta":false,"boss_relics":[],"items_purged_floors":[],"is_endless":false,"potions_floor_spawned":[5],"killed_by":"Lagavulin","ascension_level":11}}