{"host":"s9dep4x43c14s74h","time":1611594951,"event":{"mods":["BaseMod","Downfall","Gremlin Mod","Hermit","HololiveMod","Jorbs\u0027s Wanderer Trilogy","Lobotomy","Marisa????????","Minty Spire (QoL Compilation)","StSLib","The Animator","The Bug Knight","The Construct","The Cursed","The Necromancer","The Runesmith","The Servant 0.9.4"],"gold_per_floor":[99,99,199,217,230,243,266,286,41,57,84,84,104,124,137,137,137,137],"floor_reached":16,"language":"RUS","playtime":1370,"items_purged":[],"score":106,"play_id":"1d3c80db-57ad-4662-af76-8338580af623","local_time":"20210125201551","is_ascension_mode":false,"campfire_choices":[{"data":"champ:Taunt","floor":1,"key":"SMITH"},{"data":"champ:GladiatorForm","floor":12,"key":"SMITH"}],"circlet_count":0,"master_deck":["champ:Strike","champ:Strike","champ:Strike","champ:Defend","champ:Defend","champ:Defend","champ:Defend","champ:Execute","champ:Taunt+1","champ:PerfectedStrike","champ:PerfectedStrike","champ:FancyFootwork","champ:RisingSlash","champ:GladiatorForm+1","champ:SteelEdge","champ:RisingSlash","champ:DefensiveStyle","champ:PerfectedStrike","champ:Parry","champ:RapidStrikes"],"relics":["champ:ChampionCrown","WristBlade","DollysMirror","Ice Cream"],"acts_visited":["Exordium"],"potions_floor_usage":[3,3,4,9,10,11,11,14,16],"damage_taken":[{"damage":20,"enemies":"Gremlin Leader","floor":3,"turns":4},{"damage":10,"enemies":"2 Louse","floor":4,"turns":2},{"damage":10,"enemies":"Small Slimes","floor":5,"turns":3},{"damage":0,"enemies":"Cultist","floor":6,"turns":3},{"damage":0,"enemies":"Blue Slaver","floor":8,"turns":4},{"damage":0,"enemies":"downfall:FleeingMerchant","floor":9,"turns":4},{"damage":28,"enemies":"Gremlin Gang","floor":10,"turns":5},{"damage":3,"enemies":"Lagavulin","floor":11,"turns":6},{"damage":10,"enemies":"Exordium Thugs","floor":13,"turns":2},{"damage":6,"enemies":"Exordium Wildlife","floor":14,"turns":3},{"damage":0,"enemies":"3 Louse","floor":15,"turns":2},{"damage":70,"enemies":"DF_ARCHETYPE_STREAMLINE","floor":16,"turns":6}],"seed_played":"-7775020901346051084","potions_obtained":[{"floor":0,"key":"DistilledChaos"},{"floor":0,"key":"Slimebound:ThreeZeroPotion"},{"floor":0,"key":"champ:UltimateStancePotion"},{"floor":3,"key":"PowerPotion"},{"floor":5,"key":"Regen Potion"},{"floor":8,"key":"PowerPotion"},{"floor":10,"key":"DuplicationPotion"},{"floor":13,"key":"AttackPotion"},{"floor":14,"key":"LiquidBronze"}],"is_trial":false,"path_per_floor":["R","?","?","M","M","M","T","M","$","M","E","R","M","M","M","B"],"character_chosen":"THE_CHAMP","items_purchased":["DollysMirror","champ:DefensiveStyle"],"campfire_rested":0,"item_purchase_floors":[9,9],"current_hp_per_floor":[90,90,90,90,90,90,90,90,90,70,67,67,67,61,61,0,0,0],"gold":137,"neow_bonus":"THREE_SMALL_POTIONS","is_daily":false,"chose_seed":false,"campfire_upgraded":2,"win_rate":0.0,"timestamp":1611594951,"path_taken":["R","?","?","M","M","M","T","M","$","M","E","R","M","M","M","BOSS"],"items_purchased_type":["Relic","Card"],"build_version":"2020-12-22","purchased_purges":0,"victory":false,"max_hp_per_floor":[90,90,90,90,90,90,90,90,90,90,90,90,90,90,90,90,90,90],"card_choices":[{"not_picked":["champ:Backstep","champ:Lariat"],"picked":"champ:PerfectedStrike","floor":3},{"not_picked":["champ:CrookedStrike","champ:FanOfKnives"],"picked":"champ:PerfectedStrike","floor":4},{"not_picked":["champ:TornadoPunch","champ:FalseCounter"],"picked":"champ:FancyFootwork","floor":5},{"not_picked":["champ:BringItOn","champ:IronFortress"],"picked":"champ:RisingSlash","floor":6},{"not_picked":["champ:FanOfKnives","champ:GutPunch"],"picked":"champ:GladiatorForm","floor":8},{"not_picked":["champ:TornadoPunch","champ:FlashCut"],"picked":"champ:SteelEdge","floor":9},{"not_picked":["champ:ShieldSigil","champ:Backstep"],"picked":"champ:PerfectedStrike","floor":10},{"not_picked":["champ:DeathBlow","champ:DefensiveShout"],"picked":"champ:Parry","floor":11},{"not_picked":["champ:DefensiveShout","champ:SetATrap"],"picked":"champ:RapidStrikes","floor":13},{"not_picked":["champ:BringItOn","champ:Circumvent","champ:Lariat"],"picked":"SKIP","floor":14},{"not_picked":["champ:FanOfKnives","champ:GutPunch","champ:BringItOn"],"picked":"SKIP","floor":15}],"player_experience":893900,"relics_obtained":[{"floor":3,"key":"WristBlade"},{"floor":11,"key":"Ice Cream"}],"event_choices":[],"is_beta":false,"boss_relics":[],"items_purged_floors":[],"is_endless":false,"potions_floor_spawned":[3,5,8,10,13,14],"killed_by":"DF_ARCHETYPE_STREAMLINE","ascension_level":0}}