{"host":"9ckvi5gt98ymacml","time":1611605310,"event":{"mods":["AchievementEnabler","BaseMod","Bestiary","Colored Powertips","Hubris","Lobotomy","Minty Spire (QoL Compilation)","Random Character Button","Spire Arcade","StSLib","The Animator","The Servant 0.9.4","The Wild Card","everything is the same but u backflip on backflip"],"gold_per_floor":[110,123,123,143,153,184,184,39,64,84,84,48,83,103,103,229,229,244,269,14,14,0,0,24,24,24,43,168,201,201,221,221,352,352,373,3,336,349,349,349,349,24,49,67,92,110,8,20,20,20],"floor_reached":51,"language":"ENG","playtime":4638,"items_purged":[],"score":722,"play_id":"68b69c91-01dc-40a3-a763-0d0e94adc9a1","local_time":"20210125140830","is_ascension_mode":false,"campfire_choices":[{"floor":11,"key":"REST"},{"floor":15,"key":"REST"},{"data":"KillingDoll","floor":23,"key":"SMITH"},{"floor":30,"key":"REST"},{"floor":32,"key":"REST"},{"floor":40,"key":"REST"},{"floor":49,"key":"RECALL"}],"circlet_count":0,"master_deck":["Strike_S","Strike_S","Strike_S","Defend_S","Defend_S","Defend_S","Defend_S","KidneyShot","Exchange","Starlight","Rearm","Unruled","Potential","TimeWarp","Injury","Duplication","Gouge","SpecialFormula","ShatteredReality","Rearm","KillingDoll+1","DoubleEdge+1","Defy","InstantArmor","FanOfKnives","RitualDagger","Revamp","Gouge","Ricochet+1","ShiftingGears","SpecialFormula","Sunlight","FanOfKnives+1","Reset","ShiftingGears+1","Luminosity","Contraction","MoonPhase+1","Ricochet+1","DoubleEdge+1"],"relics":["Uniform","Toy Ornithopter","Orichalcum","Odd Mushroom","Snecko Eye","Chemical X","PreservedInsect","hubris:AstralHammer","Gremlin Horn","Anchor","MysterySword","Potion Belt","hubris:Icosahedron","Ancient Tea Set","Bronze Scales","Sundial"],"acts_visited":["Exordium","TheCity","TheBeyond"],"potions_floor_usage":[13,16,19,33,36,45,47,50,50,50,50],"damage_taken":[{"damage":2,"enemies":"2 Louse","floor":1,"turns":3},{"damage":0,"enemies":"Small Slimes","floor":2,"turns":2},{"damage":6,"enemies":"Jaw Worm","floor":4,"turns":3},{"damage":8,"enemies":"Large Slime","floor":5,"turns":9},{"damage":38,"enemies":"Lagavulin","floor":6,"turns":8},{"damage":6,"enemies":"Exordium Thugs","floor":10,"turns":3},{"damage":9,"enemies":"The Mushroom Lair","floor":13,"turns":3},{"damage":5,"enemies":"Blue Slaver","floor":14,"turns":3},{"damage":48,"enemies":"The Guardian","floor":16,"turns":8},{"damage":0,"enemies":"Chosen","floor":18,"turns":4},{"damage":8,"enemies":"Shell Parasite","floor":19,"turns":3},{"damage":15,"enemies":"Snake Plant","floor":24,"turns":2},{"damage":21,"enemies":"Sentry and Sphere","floor":27,"turns":4},{"damage":23,"enemies":"Colosseum Slavers","floor":28,"turns":4},{"damage":0,"enemies":"Colosseum Nobs","floor":28,"turns":3},{"damage":16,"enemies":"Slavers","floor":29,"turns":4},{"damage":0,"enemies":"Snecko","floor":31,"turns":4},{"damage":47,"enemies":"hubris:MusketHawk","floor":33,"turns":8},{"damage":78,"enemies":"3 Darklings","floor":35,"turns":7},{"damage":0,"enemies":"3 Shapes","floor":38,"turns":2},{"damage":0,"enemies":"Spire Growth","floor":44,"turns":2},{"damage":14,"enemies":"Nemesis","floor":45,"turns":5},{"damage":0,"enemies":"Sphere and 2 Shapes","floor":46,"turns":5},{"damage":37,"enemies":"Writhing Mass","floor":48,"turns":4},{"damage":8,"enemies":"hubris:GrandSnecko","floor":50,"turns":8}],"seed_played":"9155241179306716104","potions_obtained":[{"floor":5,"key":"DuplicationPotion"},{"floor":10,"key":"Explosive Potion"},{"floor":13,"key":"CultistPotion"},{"floor":14,"key":"FearPotion"},{"floor":18,"key":"Dexterity Potion"},{"floor":19,"key":"Fruit Juice"},{"floor":24,"key":"Ancient Potion"},{"floor":35,"key":"PowerPotion"},{"floor":45,"key":"FairyPotion"},{"floor":48,"key":"SkillPotion"}],"is_trial":false,"path_per_floor":["M","M","?","M","M","E","?","$","T","M","R","$","?","M","R","B",null,"M","M","$","?","?","R","M","?","T","M","?","E","R","M","R","B",null,"M","$","?","M","?","R","?","$","T","M","E","M","$","M","R","B",null],"character_chosen":"THE_SERVANT","items_purchased":["Duplication","SpecialFormula","InstantArmor","Chemical X","FanOfKnives","Fruit Juice","Reset","Potion Belt","PowerPotion","Luminosity","Explosive Potion","Ancient Tea Set","AttackPotion","Fruit Juice"],"campfire_rested":5,"item_purchase_floors":[8,12,20,20,20,36,36,36,36,42,42,42,42,47],"current_hp_per_floor":[69,69,74,68,60,22,22,22,22,16,38,38,39,39,61,23,76,76,78,78,72,72,72,57,57,57,41,28,12,36,41,65,28,81,3,13,13,18,18,43,43,43,43,43,39,44,54,22,22,44],"gold":20,"neow_bonus":"TEN_PERCENT_HP_BONUS","is_daily":false,"chose_seed":false,"campfire_upgraded":1,"win_rate":0.0,"timestamp":1611605310,"path_taken":["M","M","?","M","M","E","?","?","T","?","R","$","?","M","R","BOSS","M","M","$","?","?","R","M","?","T","?","?","E","R","M","R","BOSS","M","$","?","M","?","R","?","?","T","M","E","M","$","M","R","BOSS"],"items_purchased_type":["Card","Card","Card","Relic","Card","Potion","Card","Relic","Potion","Card","Potion","Relic","Potion","Potion"],"build_version":"2020-12-22","purchased_purges":0,"victory":true,"max_hp_per_floor":[71,71,76,76,76,76,76,76,76,76,76,76,76,76,76,76,76,76,81,81,81,81,81,81,81,81,81,81,81,81,81,81,81,81,81,86,86,86,86,86,86,86,86,86,86,86,91,91,91,91],"card_choices":[{"not_picked":["Revamp","Alleviate"],"picked":"Starlight","floor":1},{"not_picked":["FastForward","Advance"],"picked":"Rearm","floor":2},{"not_picked":["Replace","BottledTime"],"picked":"Unruled","floor":4},{"not_picked":["Revamp","ShatteredReality"],"picked":"Potential","floor":5},{"not_picked":["Spin","Misdirection"],"picked":"TimeWarp","floor":6},{"not_picked":["Sabotage","Starlight"],"picked":"Gouge","floor":10},{"not_picked":["BottledTime","Advance"],"picked":"ShatteredReality","floor":13},{"not_picked":["Alleviate","ShatteredReality"],"picked":"Rearm","floor":14},{"not_picked":["TrueSight","Deny"],"picked":"KillingDoll","floor":16},{"not_picked":["StarChef+1","Revamp+1"],"picked":"DoubleEdge+1","floor":18},{"not_picked":["Contraction","Unruled+1"],"picked":"Defy","floor":19},{"not_picked":["BottledTime","Alleviate"],"picked":"Revamp","floor":24},{"not_picked":["ShatteredReality","Rewind"],"picked":"Gouge","floor":27},{"not_picked":["Alleviate+1","Rearm"],"picked":"Ricochet+1","floor":28},{"not_picked":["BottledTime+1","KillingDoll"],"picked":"ShiftingGears","floor":29},{"not_picked":["FastForward","WasteNot"],"picked":"SpecialFormula","floor":31},{"not_picked":["KillingDoll","TheWorld"],"picked":"Sunlight","floor":33},{"not_picked":["Collapse+1","Potential+1"],"picked":"FanOfKnives+1","floor":35},{"not_picked":["Rewind","Snipe"],"picked":"ShiftingGears+1","floor":38},{"not_picked":["Misdirection","FastForward+1"],"picked":"Contraction","floor":44},{"not_picked":["Replace+1","Manipulate"],"picked":"MoonPhase+1","floor":45},{"not_picked":["RealityMarble","FastForward+1"],"picked":"Ricochet+1","floor":46},{"not_picked":["Luminosity","Read"],"picked":"DoubleEdge+1","floor":48}],"player_experience":117192,"relics_obtained":[{"floor":6,"key":"Toy Ornithopter"},{"floor":9,"key":"Orichalcum"},{"floor":13,"key":"Odd Mushroom"},{"floor":28,"key":"hubris:AstralHammer"},{"floor":28,"key":"Gremlin Horn"},{"floor":29,"key":"Anchor"},{"floor":43,"key":"Bronze Scales"},{"floor":45,"key":"Sundial"}],"event_choices":[{"damage_healed":0,"gold_gain":0,"player_choice":"Donut","damage_taken":0,"max_hp_gain":5,"max_hp_loss":0,"event_name":"Big Fish","floor":3,"gold_loss":0},{"damage_healed":0,"gold_gain":0,"player_choice":"Take Wound","damage_taken":0,"relics_obtained":["Golden Idol"],"max_hp_gain":0,"max_hp_loss":0,"event_name":"Golden Idol","floor":7,"gold_loss":0,"cards_obtained":["Injury"]},{"damage_healed":0,"gold_gain":0,"player_choice":"Fought Mushrooms","damage_taken":0,"max_hp_gain":0,"max_hp_loss":0,"event_name":"Mushrooms","floor":13,"gold_loss":0},{"damage_healed":0,"gold_gain":0,"player_choice":"Joined the Cult","damage_taken":6,"max_hp_gain":0,"max_hp_loss":0,"event_name":"Nest","floor":21,"gold_loss":0,"cards_obtained":["RitualDagger"]},{"damage_healed":0,"gold_gain":0,"player_choice":"Paid Fearfully","damage_taken":0,"max_hp_gain":0,"max_hp_loss":0,"event_name":"Masked Bandits","floor":22,"gold_loss":14},{"damage_healed":0,"gold_gain":0,"player_choice":"Gave Potion","damage_taken":0,"relics_obtained":["PreservedInsect"],"max_hp_gain":0,"max_hp_loss":0,"event_name":"WeMeetAgain","floor":25,"gold_loss":0},{"damage_healed":0,"gold_gain":0,"player_choice":"Fight","damage_taken":0,"max_hp_gain":0,"max_hp_loss":0,"event_name":"Colosseum","floor":28,"gold_loss":0},{"damage_healed":0,"gold_gain":0,"player_choice":"Fought Nobs","damage_taken":0,"max_hp_gain":0,"max_hp_loss":0,"event_name":"Colosseum","floor":28,"gold_loss":0},{"damage_healed":0,"gold_gain":333,"player_choice":"Gave Idol","damage_taken":0,"max_hp_gain":0,"max_hp_loss":0,"event_name":"The Moai Head","floor":37,"relics_lost":["Golden Idol"],"gold_loss":0},{"cards_removed":["Strike_S"],"damage_healed":0,"gold_gain":0,"player_choice":"Removed Attack","damage_taken":0,"max_hp_gain":0,"max_hp_loss":0,"event_name":"Falling","floor":41,"gold_loss":0}],"is_beta":false,"boss_relics":[{"not_picked":["hubris:GrandSneckoEye","Philosopher\u0027s Stone"],"picked":"Snecko Eye"},{"not_picked":["Cursed Key","Black Star"],"picked":"MysterySword"}],"items_purged_floors":[],"is_endless":false,"potions_floor_spawned":[5,10,13,14,18,19,24,35,45,48],"ascension_level":0}}