{"host":"9tdk3zzhmpo6o3dg","time":1611577568,"event":{"mods":["AchievementEnabler","Act Like it!","BaseMod","Downfall","Gensokyo","Hermit","Koishi","Marisa（F雨　魔理沙）","Minty Spire (QoL Compilation)","Remilia（蕾米莉亚）","SOS（斯巴达之子）","Shop Mod","StSLib","The Alterego","The Cursed","The Hierophant","The Marked","The Senshi","The Servant 0.9.4","WarShipGirlsR/战舰少女R mod"],"gold_per_floor":[118,293,293,66,76,106,106,134,134,167,167,167,167,180,180,278,278,297,308,308,325,21,51,64,74,98,98,118,146,156,156,156,259,259,270,283,113,132,177,177,207,207,232,232,243,293,320,371,371,371],"floor_reached":51,"language":"ZHS","playtime":5681,"items_purged":["Doubt","downfall:Bewildered"],"score":962,"play_id":"a5d35b90-b292-4685-8d37-b66416b42582","local_time":"20210125202608","is_ascension_mode":true,"campfire_choices":[{"data":"Eruption","floor":7.0,"key":"SMITH"},{"floor":11.0,"key":"REST"},{"data":"JustLucky","floor":15.0,"key":"SMITH"},{"floor":27,"key":"REST"},{"floor":32,"key":"REST"},{"data":"CrushJoints","floor":40,"key":"SMITH"},{"data":"SashWhip","floor":42,"key":"SMITH"},{"floor":49,"key":"REST"}],"circlet_count":0,"master_deck":["Eruption+1","Vigilance+1","Brilliance+1","JustLucky+1","FlurryOfBlows+1","Nirvana+1","LessonLearned+1","EmptyBody+1","Sanctity+1","SpiritShield+1","ThirdEye+1","ThirdEye+1","Vengeance+1","Wireheading+1","Evaluate+1","Vault+1","Pray+1","FlurryOfBlows+1","Wish+1","CrushJoints+1","Scrawl+1","SashWhip+1","Worship+1","Adaptation+1","Vault+1","InnerPeace+1","DeceiveReality+1","ClearTheMind+1","Vault+1","Wallop+1","Pray+1"],"relics":["PureWater","Akabeko","CaptainsWheel","Yang","Toxic Egg 2","theSenshi:SailorFukuRelic","Philosopher\u0027s Stone","sneckomod:BabySnecko","Membership Card","Potion Belt","Blood Vial","Toy Ornithopter","FossilizedHelix","Blue Candle","Pandora\u0027s Box","MealTicket","Juzu Bracelet","Strawberry","Anchor","Prayer Wheel","Bronze Scales","Dead Branch"],"acts_visited":["Exordium","TheCity","TheBeyond"],"potions_floor_usage":[16,19,25,28,28,29,33,39,50,50],"damage_taken":[{"damage":0.0,"enemies":"Small Slimes","floor":1.0,"turns":1.0},{"damage":0.0,"enemies":"Cultist","floor":5.0,"turns":3.0},{"damage":42.0,"enemies":"Lagavulin","floor":6.0,"turns":5.0},{"damage":7.0,"enemies":"3 Sentries","floor":8.0,"turns":4.0},{"damage":5.0,"enemies":"Lagavulin","floor":10.0,"turns":6.0},{"damage":0.0,"enemies":"Jaw Worm","floor":14.0,"turns":1.0},{"damage":34,"enemies":"Hexaghost","floor":16,"turns":11},{"damage":0,"enemies":"Chosen","floor":18,"turns":4},{"damage":0,"enemies":"2 Thieves","floor":19,"turns":5},{"damage":28,"enemies":"Chosen and Byrds","floor":21,"turns":10},{"damage":19,"enemies":"Slavers","floor":23,"turns":4},{"damage":14,"enemies":"Cultist and Chosen","floor":24,"turns":8},{"damage":0,"enemies":"3 Cultists","floor":25,"turns":6},{"damage":2,"enemies":"Chosen and Byrds","floor":28,"turns":4},{"damage":11,"enemies":"Gremlin Leader","floor":29,"turns":7},{"damage":0,"enemies":"Centurion and Healer","floor":30,"turns":6},{"damage":0,"enemies":"Automaton","floor":33,"turns":9},{"damage":35,"enemies":"3 Darklings","floor":35,"turns":6},{"damage":0,"enemies":"Orb Walker","floor":36,"turns":3},{"damage":6,"enemies":"4 Shapes","floor":38,"turns":5},{"damage":0,"enemies":"Sphere and 2 Shapes","floor":39,"turns":5},{"damage":8,"enemies":"Nemesis","floor":41,"turns":5},{"damage":0,"enemies":"Writhing Mass","floor":45,"turns":4},{"damage":0,"enemies":"Mind Bloom Boss Battle","floor":46,"turns":4},{"damage":0,"enemies":"Giant Head","floor":47,"turns":7},{"damage":0,"enemies":"2 Orb Walkers","floor":48,"turns":6},{"damage":36,"enemies":"Time Eater","floor":50,"turns":9}],"seed_played":"3724277829730013383","potions_obtained":[{"floor":10.0,"key":"SkillPotion"},{"floor":16,"key":"Fire Potion"},{"floor":18,"key":"SkillPotion"},{"floor":21,"key":"Fire Potion"},{"floor":24,"key":"Swift Potion"},{"floor":28,"key":"Block Potion"},{"floor":29,"key":"AttackPotion"},{"floor":36,"key":"AttackPotion"},{"floor":38,"key":"Energy Potion"},{"floor":41,"key":"Dexterity Potion"},{"floor":48,"key":"SteroidPotion"}],"is_trial":false,"path_per_floor":["M","?","?","$","M","E","R","E","T","E","R","?","?","M","R","B",null,"M","M","?","M","$","E","M","M","T","R","M","E","M","?","R","B",null,"M","M","$","M","M","R","E","R","T","?","M","?","E","?","R","B",null],"character_chosen":"WATCHER","items_purchased":["Akabeko","Membership Card","Wireheading","Potion Belt","MealTicket","Juzu Bracelet","ClearTheMind+1"],"campfire_rested":4,"item_purchase_floors":[4,22,22,22,37,37,37],"current_hp_per_floor":[72,72,65,65,65,23,23,16,16,11,32,56,42,42,42,8,72,72,72,72,44,44,25,13,15,15,36,46,42,44,39,60,67,72,37,39,39,35,42,42,43,43,43,43,45,47,49,51,74,48],"gold":371,"neow_bonus":"ONE_RANDOM_RARE_CARD","is_daily":false,"chose_seed":false,"campfire_upgraded":4,"win_rate":0.0,"timestamp":1611577568,"path_taken":["M","?","?","$","?","E","R","E","T","E","R","?","?","M","R","BOSS","M","M","?","M","$","E","M","M","T","R","M","E","M","?","R","BOSS","M","M","$","M","M","R","E","R","T","?","M","?","E","?","R","BOSS"],"items_purchased_type":["Relic","Relic","Card","Relic","Relic","Relic","Card"],"build_version":"2020-12-22","purchased_purges":2,"victory":true,"max_hp_per_floor":[72,72,72,72,72,72,72,72,72,72,72,72,72,72,72,72,72,72,72,72,72,72,72,72,72,72,72,72,72,72,72,72,72,72,72,72,72,72,72,72,79,79,79,79,79,79,79,79,79,79],"card_choices":[{"not_picked":["FlyingSleeves","BowlingBash"],"picked":"JustLucky","floor":1.0},{"not_picked":["ClearTheMind","WheelKick"],"picked":"FlurryOfBlows","floor":5.0},{"not_picked":["ThirdEye","JustLucky"],"picked":"Nirvana","floor":6.0},{"not_picked":["Fasting2","Pray"],"picked":"LessonLearned","floor":8.0},{"not_picked":["FlurryOfBlows","Pray+1"],"picked":"EmptyBody+1","floor":10.0},{"not_picked":["ReachHeaven","FollowUp"],"picked":"Sanctity+1","floor":14.0},{"not_picked":["MasterReality","Blasphemy+1"],"picked":"SpiritShield+1","floor":16},{"not_picked":["Meditate+1","Adaptation"],"picked":"ThirdEye+1","floor":18},{"not_picked":["Halt+1","FlurryOfBlows"],"picked":"ThirdEye+1","floor":19},{"not_picked":["Fasting2","FlyingSleeves"],"picked":"Vengeance+1","floor":21},{"not_picked":["Protect+1","ReachHeaven"],"picked":"Evaluate+1","floor":23},{"not_picked":["SashWhip","Prostrate+1"],"picked":"Vault+1","floor":24},{"not_picked":["ThirdEye+1","Evaluate+1"],"picked":"Pray+1","floor":25},{"not_picked":["PathToVictory+1","Meditate+1"],"picked":"FlurryOfBlows","floor":28},{"not_picked":["SashWhip","LikeWater","EmptyBody+1"],"picked":"SKIP","floor":29},{"not_picked":["Evaluate+1","FollowUp","Conclude"],"picked":"SKIP","floor":30},{"not_picked":["LessonLearned","DevaForm"],"picked":"Wish+1","floor":33},{"not_picked":["ThirdEye+1","Nirvana","CutThroughFate"],"picked":"SKIP","floor":35},{"not_picked":["Evaluate+1","JustLucky+1","CarveReality"],"picked":"SKIP","floor":36},{"not_picked":["ThirdEye+1","FlyingSleeves","SashWhip"],"picked":"SKIP","floor":38},{"not_picked":["JustLucky","BowlingBash","Perseverance+1"],"picked":"SKIP","floor":39},{"not_picked":["Weave+1","PathToVictory+1","Study"],"picked":"SKIP","floor":41},{"not_picked":["JustLucky+1","Adaptation"],"picked":"Vault+1","floor":45},{"not_picked":["ThirdEye+1","ClearTheMind+1"],"picked":"Wallop+1","floor":46},{"not_picked":["WindmillStrike+1","SandsOfTime","LikeWater"],"picked":"SKIP","floor":47},{"not_picked":["LikeWater","Fasting2+1"],"picked":"Pray+1","floor":48}],"player_experience":216136,"relics_obtained":[{"floor":6.0,"key":"CaptainsWheel"},{"floor":8.0,"key":"Yang"},{"floor":9.0,"key":"Toxic Egg 2"},{"floor":10.0,"key":"theSenshi:SailorFukuRelic"},{"floor":23,"key":"Blood Vial"},{"floor":26,"key":"Toy Ornithopter"},{"floor":29,"key":"FossilizedHelix"},{"floor":41,"key":"Strawberry"},{"floor":43,"key":"Anchor"},{"floor":46,"key":"Prayer Wheel"},{"floor":47,"key":"Bronze Scales"},{"floor":48,"key":"Dead Branch"}],"event_choices":[{"damage_healed":0.0,"max_hp_gain":0.0,"max_hp_loss":0.0,"gold_gain":175.0,"event_name":"Liars Game","player_choice":"AGREE","floor":2.0,"gold_loss":0.0,"damage_taken":0.0,"cards_obtained":["Doubt"]},{"damage_healed":0.0,"max_hp_gain":0.0,"max_hp_loss":0.0,"gold_gain":0.0,"event_name":"Wheel of Change","player_choice":"Damaged","floor":3.0,"gold_loss":0.0,"damage_taken":7.0},{"damage_healed":24.0,"max_hp_gain":0.0,"max_hp_loss":0.0,"gold_gain":0.0,"event_name":"Big Fish","player_choice":"Banana","floor":12.0,"gold_loss":0.0,"damage_taken":0.0},{"damage_healed":0.0,"max_hp_gain":0.0,"max_hp_loss":0.0,"gold_gain":0.0,"event_name":"Shining Light","player_choice":"Entered Light","floor":13.0,"gold_loss":0.0,"damage_taken":14.0,"cards_upgraded":["Strike_P","Nirvana"]},{"damage_healed":0,"gold_gain":0,"player_choice":"Ignored","damage_taken":0,"max_hp_gain":0,"max_hp_loss":0,"event_name":"Upgrade Shrine","floor":44,"gold_loss":0},{"damage_healed":0,"gold_gain":0,"player_choice":"Fight","damage_taken":0,"max_hp_gain":0,"max_hp_loss":0,"event_name":"MindBloom","floor":46,"gold_loss":0},{"damage_healed":0,"gold_gain":0,"player_choice":"Fight","damage_taken":0,"max_hp_gain":0,"max_hp_loss":0,"event_name":"Mysterious Sphere","floor":48,"gold_loss":0}],"is_beta":false,"boss_relics":[{"not_picked":["SlaversCollar","Coffee Dripper"],"picked":"Philosopher\u0027s Stone"},{"not_picked":["Snecko Eye","Fusion Hammer"],"picked":"Pandora\u0027s Box"}],"items_purged_floors":[4,22],"is_endless":false,"potions_floor_spawned":[10,16,18,21,24,28,29,36,38,41,48],"ascension_level":3}}