{"host":"va904f3s24glxxej","time":1611616975,"event":{"mods":["AchievementEnabler","BaseMod","Colored Powertips","Downfall","Hubris","Minty Spire (QoL Compilation)","Replay The Spire","StSLib","The Necromancer"],"gold_per_floor":[99,115,129,144,164,164,191,275,275,357,357,357,257,293,323,494,494,494,555,555,555,555,594,594,12,12,52,26,70,70,126,162,323,323,323,381,47,47,47,0,24,36,68,118,187,253,265,305,358,394],"floor_reached":51,"language":"ENG","playtime":3358,"items_purged":["bronze:Strike","bronze:Strike","bronze:Defend"],"score":756,"play_id":"658e2e20-3eb7-4667-8d9c-7674d700fbda","local_time":"20210125232255","is_ascension_mode":false,"campfire_choices":[{"data":"bronze:Virus","floor":1,"key":"SMITH"},{"data":"bronze:MaxOutput","floor":6,"key":"SMITH"},{"floor":9,"key":"RECALL"},{"data":"bronze:Overheat","floor":13,"key":"SMITH"},{"floor":30,"key":"REST"},{"data":"bronze:Verify","floor":35,"key":"SMITH"},{"data":"bronze:HardenedForm","floor":42,"key":"SMITH"}],"circlet_count":0,"master_deck":["bronze:Strike","bronze:Strike","bronze:Defend","bronze:Defend","bronze:Replicate+1","bronze:Virus+1","bronze:Iterate","bronze:WhirlingStrike+1","bronze:MaxOutput+1","bronze:DelayedSlice+1","bronze:Overheat+1","bronze:BugBarrage+1","bronze:Deprecate+1","bronze:ThunderWave","bronze:BronzeArmor","bronze:CloningBeam+1","bronze:ClassDefault","bronze:BugBarrage+1","expansioncontent:QuickStudy","bronze:Optimize","bronze:OilSpill","bronze:MaxOutput+1","bronze:HardenedForm+1","bronze:Verify+1","bronze:Repulsor+1","bronze:Turbo","bronze:BugBarrage+1","Parasite","bronze:Verify"],"relics":["bronze:BronzeCore","Replay:Bandana","FossilizedHelix","Pet Ghost","downfall:HeartBlessingRed","Ring of Chaos","Onion Ring","hubris:GlazedTorus","Pantograph","Eternal Feather","SacredBark","Gremlin Food","downfall:TeleportStone","MawBank"],"acts_visited":["Exordium","TheCity","TheBeyond"],"potions_floor_usage":[5,8,15,16,31,32,36,45,45,48],"damage_taken":[{"damage":1,"enemies":"Cultist","floor":2,"turns":3},{"damage":5,"enemies":"2 Louse","floor":3,"turns":2},{"damage":0,"enemies":"Small Slimes","floor":4,"turns":2},{"damage":0,"enemies":"2 Fungi Beasts","floor":5,"turns":2},{"damage":0,"enemies":"Gremlin Nob","floor":8,"turns":2},{"damage":6,"enemies":"Replay:BlueRogue","floor":10,"turns":3},{"damage":0,"enemies":"3 Louse","floor":14,"turns":1},{"damage":0,"enemies":"Lots of Slimes","floor":15,"turns":1},{"damage":9,"enemies":"WA_ARCHETYPE_RETAIN","floor":16,"turns":3},{"damage":13,"enemies":"Chosen","floor":19,"turns":4},{"damage":0,"enemies":"Spheric Guardian","floor":23,"turns":2},{"damage":8,"enemies":"downfall:FleeingMerchant","floor":25,"turns":4},{"damage":12,"enemies":"Centurion and Healer","floor":27,"turns":3},{"damage":12,"enemies":"downfall:FleeingMerchant","floor":28,"turns":4},{"damage":0,"enemies":"Snake Plant","floor":29,"turns":1},{"damage":0,"enemies":"Replay:Snechameleon","floor":31,"turns":2},{"damage":0,"enemies":"3 Cultists","floor":32,"turns":2},{"damage":17,"enemies":"IC_MUSHROOM_ARCHETYPE","floor":33,"turns":3},{"damage":0,"enemies":"3 Darklings","floor":36,"turns":3},{"damage":34,"enemies":"3 Shapes","floor":43,"turns":4},{"damage":0,"enemies":"3 Darklings","floor":44,"turns":2},{"damage":0,"enemies":"Writhing Mass","floor":45,"turns":4},{"damage":0,"enemies":"Spire Growth","floor":46,"turns":2},{"damage":0,"enemies":"Sphere and 2 Shapes","floor":48,"turns":2},{"damage":0,"enemies":"3 Darklings","floor":49,"turns":3},{"damage":49,"enemies":"SI_POISON_ARCHETYPE","floor":50,"turns":9}],"seed_played":"-5514208958216622773","potions_obtained":[{"floor":3,"key":"ColorlessPotion"},{"floor":5,"key":"ColorlessPotion"},{"floor":14,"key":"DistilledChaos"},{"floor":15,"key":"Weak Potion"},{"floor":19,"key":"Elixir"},{"floor":29,"key":"ColorlessPotion"},{"floor":31,"key":"PowerPotion"},{"floor":33,"key":"sneckomod:MuddlingPotion"},{"floor":44,"key":"LifebloodPotion"},{"floor":46,"key":"Fire Potion"}],"is_trial":false,"path_per_floor":["R","M","M","M","M","R","T","E","R","E","?","?","R","M","M","B",null,"R","M","?","?","?","M","T","$","?","M","$","M","R","E","M","B",null,"R","M","$","?","?","$","T","R","M","M","M","M","?","M","M","B",null],"character_chosen":"THE_AUTOMATON","items_purchased":["hubris:GlazedTorus","expansioncontent:QuickStudy","bronze:Optimize","Pantograph","Gremlin Food","bronze:Repulsor+1","bronze:Turbo"],"campfire_rested":1,"item_purchase_floors":[25,25,25,28,37,37,40],"current_hp_per_floor":[70,69,64,64,64,64,64,64,64,58,58,58,58,58,58,49,70,70,57,57,44,44,44,44,36,36,24,12,12,34,34,34,42,75,75,75,75,75,75,75,75,75,41,41,41,41,41,41,41,17],"gold":406,"neow_bonus":"ONE_RANDOM_RARE_CARD","is_daily":false,"chose_seed":false,"campfire_upgraded":5,"win_rate":0.0,"timestamp":1611616975,"path_taken":["R","?","M","M","M","R","T","E","R","E","?","?","R","M","M","BOSS","R","M","?","?","?","?","T","$","?","M","?","M","R","E","M","BOSS","R","M","$","?","?","$","T","R","?","?","M","?","?","M","M","BOSS"],"items_purchased_type":["Relic","Card","Card","Relic","Relic","Card","Card"],"build_version":"2020-12-22","purchased_purges":3,"victory":true,"max_hp_per_floor":[70,70,70,70,70,70,70,70,70,70,70,70,70,70,70,70,70,70,70,70,75,75,75,75,75,75,75,75,75,75,75,75,75,75,75,75,75,75,75,75,75,75,75,75,75,75,75,75,75,75],"card_choices":[{"not_picked":["bronze:BuggyMess","bronze:NullPointer"],"picked":"bronze:Iterate","floor":2},{"not_picked":["bronze:BugBarrage","bronze:FollowUp"],"picked":"bronze:WhirlingStrike","floor":3},{"not_picked":["bronze:Branch","bronze:CloningBeam","bronze:Deprecate"],"picked":"SKIP","floor":4},{"not_picked":["bronze:CloningBeam","bronze:BuggyMess"],"picked":"bronze:MaxOutput","floor":5},{"not_picked":["bronze:Turbo","bronze:Allocate"],"picked":"bronze:DelayedSlice","floor":8},{"not_picked":["bronze:Deprecate","bronze:Invalidate"],"picked":"bronze:Overheat","floor":10},{"not_picked":["bronze:CutThrough","bronze:Turbo"],"picked":"bronze:Deprecate","floor":14},{"not_picked":["bronze:Branch","bronze:Overheat","bronze:DelayedSlice"],"picked":"SKIP","floor":15},{"not_picked":["bronze:ShipIt","bronze:Virus"],"picked":"bronze:ThunderWave","floor":16},{"not_picked":["bronze:MaxOutput","bronze:Philosophize+1"],"picked":"bronze:CloningBeam+1","floor":19},{"not_picked":["bronze:MaxOutput","bronze:Flail"],"picked":"bronze:ClassDefault","floor":23},{"not_picked":["bronze:BitShift","bronze:ItsAFeature"],"picked":"bronze:BugBarrage+1","floor":25},{"not_picked":["bronze:Iterate+1","bronze:Safeguard+1"],"picked":"bronze:OilSpill","floor":27},{"not_picked":["bronze:Shield+1","bronze:Flail","bronze:Overheat"],"picked":"SKIP","floor":28},{"not_picked":["bronze:BugBarrage","bronze:Repulsor"],"picked":"bronze:MaxOutput+1","floor":29},{"not_picked":["bronze:NullPointer+1","bronze:ForLoop"],"picked":"bronze:HardenedForm","floor":31},{"not_picked":["bronze:Iterate","bronze:Overheat","bronze:ClassDefault"],"picked":"SKIP","floor":32},{"not_picked":["bronze:HardenedForm","bronze:Virus"],"picked":"bronze:Verify","floor":33},{"not_picked":["bronze:DelayedSlice","bronze:Invalidate","bronze:Frontload"],"picked":"SKIP","floor":36},{"not_picked":["bronze:Allocate","bronze:BronzeArmor+1","bronze:BuggyMess"],"picked":"SKIP","floor":43},{"not_picked":["bronze:ForceShield+1","bronze:Iterate"],"picked":"bronze:BugBarrage+1","floor":44},{"not_picked":["bronze:Fortify","bronze:Overheat+1","bronze:Boost+1"],"picked":"SKIP","floor":45},{"not_picked":["bronze:Backtrace","bronze:Shield"],"picked":"bronze:Verify","floor":46},{"not_picked":["bronze:Shield+1","bronze:ForceShield","bronze:ForLoop+1"],"picked":"SKIP","floor":48},{"not_picked":["bronze:WildBeam+1","bronze:Turbo","bronze:OilSpill+1"],"picked":"SKIP","floor":49}],"player_experience":760368,"relics_obtained":[{"floor":7,"key":"Replay:Bandana"},{"floor":8,"key":"FossilizedHelix"},{"floor":10,"key":"Pet Ghost"},{"floor":24,"key":"Onion Ring"},{"floor":31,"key":"Eternal Feather"},{"floor":41,"key":"MawBank"}],"event_choices":[{"damage_healed":0,"gold_gain":0,"player_choice":"Read","damage_taken":0,"max_hp_gain":0,"max_hp_loss":0,"event_name":"The Library","floor":18,"gold_loss":0,"cards_obtained":["bronze:BronzeArmor"]},{"cards_removed":["bronze:Goto"],"damage_healed":0,"gold_gain":0,"player_choice":"Removed Skill","damage_taken":0,"max_hp_gain":0,"max_hp_loss":0,"event_name":"Falling","floor":38,"gold_loss":0}],"is_beta":false,"boss_relics":[{"not_picked":["hubris:BlackHole","Velvet Choker"],"picked":"Ring of Chaos"},{"not_picked":["Tiny House","Kintsugi"],"picked":"SacredBark"}],"items_purged_floors":[25,28,37],"is_endless":false,"potions_floor_spawned":[3,5,14,15,19,29,31,33,44,46],"ascension_level":0}}