{"host":"1tl36azeqm6yhdgj","time":1611577887,"event":{"mods":["AchievementEnabler","BaseMod","Minty Spire (QoL Compilation)","StSLib","The IronCluck","everything is the same but u backflip on backflip"],"gold_per_floor":[111,126,126,145,156,156,182,182,236,236,256,256,285,360,360,443,506,532,541,541,567,567,567,602,652,652,652,12,30,30,30],"floor_reached":30,"language":"ENG","playtime":1033,"items_purged":["Writhe"],"score":492,"play_id":"9b289f87-f9a5-4af3-b6d0-f1b21861a2a7","local_time":"20210125073127","is_ascension_mode":true,"campfire_choices":[{"data":"Bash","floor":6.0,"key":"SMITH"},{"data":"Uppercut","floor":8.0,"key":"SMITH"},{"data":"Iron Wave","floor":10.0,"key":"SMITH"},{"floor":12.0,"key":"REST"},{"floor":15.0,"key":"REST"},{"data":"Double Tap","floor":23.0,"key":"SMITH"},{"floor":27,"key":"REST"}],"circlet_count":0,"master_deck":["AscendersBane","Bash+1","Iron Wave+1","Dropkick","Exhume","Battle Trance","Fire Breathing","Uppercut+1","Anger","Demon Form","Clothesline","Intimidate","Double Tap+1","Infernal Blade","Corruption","Clash","Armaments+1","Feed","Pommel Strike+1","Enlightenment+1","Panache","Inflame"],"relics":["Burning Blood","Ornamental Fan","CeramicFish","Odd Mushroom","Pandora\u0027s Box","Akabeko","Potion Belt","Matryoshka","War Paint"],"acts_visited":["Exordium","TheCity"],"potions_floor_usage":[29,30],"damage_taken":[{"damage":6.0,"enemies":"Cultist","floor":1.0,"turns":3.0},{"damage":8.0,"enemies":"Jaw Worm","floor":2.0,"turns":6.0},{"damage":13.0,"enemies":"2 Louse","floor":4.0,"turns":4.0},{"damage":12.0,"enemies":"Looter","floor":5.0,"turns":4.0},{"damage":34.0,"enemies":"Lagavulin","floor":7.0,"turns":8.0},{"damage":12.0,"enemies":"3 Louse","floor":11.0,"turns":5.0},{"damage":22.0,"enemies":"The Mushroom Lair","floor":13.0,"turns":7.0},{"damage":32.0,"enemies":"Slime Boss","floor":16.0,"turns":9.0},{"damage":20.0,"enemies":"Shell Parasite","floor":18.0,"turns":3.0},{"damage":11.0,"enemies":"Spheric Guardian","floor":21.0,"turns":3.0},{"damage":49,"enemies":"Gremlin Leader","floor":24,"turns":6},{"damage":23,"enemies":"Shelled Parasite and Fungi","floor":29,"turns":4},{"damage":56,"enemies":"Slavers","floor":30,"turns":3}],"seed_played":"-5974809426050553840","potions_obtained":[{"floor":4.0,"key":"ElixirPotion"},{"floor":7.0,"key":"Weak Potion"},{"floor":13.0,"key":"AttackPotion"},{"floor":16.0,"key":"GamblersBrew"},{"floor":24,"key":"Energy Potion"}],"is_trial":false,"path_per_floor":["M","M","?","M","M","R","E","R","T","R","M","R","?","?","R","B",null,"M","?","?","M","?","R","E","?","T","R","$","M","E"],"character_chosen":"IRONCLAD","items_purchased":["Enlightenment","War Paint","Regen Potion","Panache","Inflame"],"campfire_rested":3,"item_purchase_floors":[28,28,28,28,28],"current_hp_per_floor":[68,66,66,59,53,53,25,25,25,25,19,41,25,25,47,21,62,48,48,85,80,80,80,37,37,37,62,62,45,0,0],"gold":30,"neow_bonus":"TRANSFORM_CARD","is_daily":false,"chose_seed":false,"campfire_upgraded":4,"win_rate":0.0,"timestamp":1611577887,"path_taken":["M","?","?","?","M","R","E","R","T","R","?","R","?","?","R","BOSS","M","?","?","?","?","R","E","?","T","R","$","M","E"],"items_purchased_type":["Card","Relic","Potion","Card","Card"],"build_version":"2020-12-22","purchased_purges":1,"victory":false,"max_hp_per_floor":[75,75,75,75,75,75,75,75,75,75,75,75,75,75,75,75,75,75,75,85,85,85,85,85,85,85,85,85,85,85,85],"card_choices":[{"not_picked":["True Grit","Sword Boomerang"],"picked":"Iron Wave","floor":1.0},{"not_picked":["Anger","True Grit"],"picked":"Dropkick","floor":2.0},{"not_picked":["Armaments","Headbutt"],"picked":"Battle Trance","floor":4.0},{"not_picked":["Iron Wave","Cleave"],"picked":"Fire Breathing","floor":5.0},{"not_picked":["Perfected Strike","Wild Strike"],"picked":"Uppercut","floor":7.0},{"not_picked":["Sentinel","Armaments","Iron Wave"],"picked":"SKIP","floor":11.0},{"not_picked":["Clothesline","Pommel Strike"],"picked":"Anger","floor":13.0},{"not_picked":["Limit Break","Brutality"],"picked":"Demon Form","floor":16.0},{"not_picked":["Warcry","Body Slam"],"picked":"Armaments","floor":18.0},{"not_picked":["True Grit","Armaments"],"picked":"Feed","floor":21.0},{"not_picked":["Iron Wave","Clothesline"],"picked":"Pommel Strike+1","floor":24},{"not_picked":["Clothesline","Whirlwind","Pummel"],"picked":"SKIP","floor":29}],"player_experience":2035276,"relics_obtained":[{"floor":7.0,"key":"Ornamental Fan"},{"floor":9.0,"key":"CeramicFish"},{"floor":13.0,"key":"Odd Mushroom"},{"floor":24,"key":"Potion Belt"},{"floor":26,"key":"Matryoshka"}],"event_choices":[{"damage_healed":0.0,"max_hp_gain":0.0,"max_hp_loss":0.0,"gold_gain":0.0,"cards_transformed":["Strike_R"],"event_name":"Transmorgrifier","player_choice":"Transformed","floor":3.0,"gold_loss":0.0,"damage_taken":0.0,"cards_obtained":["Exhume"]},{"damage_healed":0.0,"max_hp_gain":0.0,"max_hp_loss":0.0,"gold_gain":0.0,"event_name":"Mushrooms","player_choice":"Fought Mushrooms","floor":13.0,"gold_loss":0.0,"damage_taken":0.0},{"damage_healed":0.0,"max_hp_gain":0.0,"max_hp_loss":0.0,"gold_gain":75.0,"event_name":"Golden Wing","player_choice":"Gained Gold","floor":14.0,"gold_loss":0.0,"damage_taken":0.0},{"damage_healed":0.0,"max_hp_gain":0.0,"max_hp_loss":0.0,"gold_gain":0.0,"event_name":"The Mausoleum","player_choice":"Opened","floor":19.0,"gold_loss":0.0,"damage_taken":0.0,"relics_obtained":["Akabeko"],"cards_obtained":["Writhe"]},{"cards_removed":["Brutality"],"damage_healed":27.0,"max_hp_gain":10.0,"max_hp_loss":0.0,"gold_gain":0.0,"event_name":"Bonfire Elementals","player_choice":"Offered Rare","floor":20.0,"gold_loss":0.0,"damage_taken":0.0},{"cards_removed":["Combust"],"damage_healed":0.0,"max_hp_gain":0.0,"max_hp_loss":0.0,"gold_gain":0.0,"event_name":"Back to Basics","player_choice":"Elegance","floor":22.0,"gold_loss":0.0,"damage_taken":0.0},{"damage_healed":0,"gold_gain":100,"player_choice":"Bet on Murderer","damage_taken":0,"max_hp_gain":0,"max_hp_loss":0,"event_name":"The Joust","floor":25,"gold_loss":50}],"is_beta":false,"boss_relics":[{"not_picked":["Cursed Key","SacredBark"],"picked":"Pandora\u0027s Box"}],"items_purged_floors":[28],"is_endless":false,"potions_floor_spawned":[4,7,13,16,24],"killed_by":"Slavers","ascension_level":20}}