{"host":"o9ks9zgjwk1fcyk2","time":1611540521,"event":{"mods":["A Magickal Journey","AchievementEnabler","Aspiration","BaseMod","BetterRewards","Colored Map","Colored Powertips","Conspire","DeckTracker","Downfall","Friendly Minions","GifTheSpireLib","Halation","Highlight Path","Hubris","Infinite Spire","Ironclad Rager","Minty Spire (QoL Compilation)","Permanent Neow","Quarter Circle Forward PUNCH!","Quick Restart","READ ME - Guardian Mod","Relic Sorter","Replay The Spire","StSLib","Stuff the Spire","The Alterego","The Construct","The Cursed","The Disciple","The Forsaken","The Jungle","The Marked","The Mystic"],"gold_per_floor":[99,111,111,111,21,21,21,37,47,62,62,79,79,97,112,112,112,112],"floor_reached":16,"language":"ENG","playtime":862,"items_purged":["champ:Defend"],"score":94,"play_id":"b2f7711b-4995-4737-bc84-f61b817e784f","local_time":"20210125020841","is_ascension_mode":false,"campfire_choices":[{"data":"champ:Execute","floor":1.0,"key":"SMITH"},{"data":"champ:ArenaPreparation","floor":6.0,"key":"SMITH"},{"data":"champ:FocusedBerserking","floor":13.0,"key":"SMITH"}],"circlet_count":0,"master_deck":["champ:Strike","champ:Strike","champ:Strike","champ:Strike","champ:Defend","champ:Defend","champ:Defend","champ:Execute+1","champ:Taunt+1","champ:EnGarde+1","champ:ArenaPreparation+1","champ:PreciseThrust","champ:SetATrap","champ:FocusedBerserking+1","champ:GutPunch"],"relics":["alterego_mod:MasochisticConstitution","infinitespire:Cubic Diamond","hubris:TinFlute","hubris:Towel"],"acts_visited":["Exordium"],"potions_floor_usage":[],"damage_taken":[{"damage":15.0,"enemies":"Cultist","floor":2.0,"turns":5.0},{"damage":20.0,"enemies":"downfall:FleeingMerchant","floor":5.0,"turns":4.0},{"damage":35.0,"enemies":"Jaw Worm","floor":8.0,"turns":4.0},{"damage":20.0,"enemies":"Small Slimes","floor":9.0,"turns":2.0},{"damage":26.0,"enemies":"3 Louse","floor":10.0,"turns":2.0},{"damage":20.0,"enemies":"Exordium Thugs","floor":12.0,"turns":5.0},{"damage":9,"enemies":"Exordium Wildlife","floor":14,"turns":3},{"damage":23,"enemies":"2 Fungi Beasts","floor":15,"turns":3},{"damage":82,"enemies":"SI_SHIV_ARCHETYPE","floor":16,"turns":7}],"seed_played":"-268265411120454547","potions_obtained":[{"floor":2.0,"key":"Fire Potion"},{"floor":9.0,"key":"Doom Potion"},{"floor":14,"key":"FearPotion"}],"is_trial":false,"path_per_floor":["R","M","?","?","$","R","T","M","M","M","?","M","R","M","M","B"],"character_chosen":"THE_CHAMP","items_purchased":[],"campfire_rested":0,"item_purchase_floors":[],"current_hp_per_floor":[90,85,85,85,86,86,86,87,88,83,83,84,84,76,64,0,0,0],"gold":112,"neow_bonus":"UPGRADE_CARD","is_daily":false,"chose_seed":false,"campfire_upgraded":3,"win_rate":0.0,"timestamp":1611540521,"path_taken":["R","M","?","?","$","R","T","M","?","M","?","M","R","M","M","BOSS"],"items_purchased_type":[],"build_version":"2020-12-22","purchased_purges":1,"victory":false,"max_hp_per_floor":[90,90,90,90,91,91,91,92,93,94,94,95,95,96,97,97,97,97],"card_choices":[{"not_picked":["champ:CalledShot","champ:SetATrap"],"picked":"champ:EnGarde","floor":2.0},{"not_picked":["champ:EnragedBash","champ:BerserkersShout"],"picked":"champ:ArenaPreparation","floor":5.0},{"not_picked":["champ:ArenaPreparation","champ:BerserkersShout"],"picked":"champ:PreciseThrust","floor":8.0},{"not_picked":["champ:BerserkersShout","champ:DefensiveShout","champ:EndlessRage"],"picked":"SKIP","floor":9.0},{"not_picked":["champ:EnGarde","champ:Circumvent"],"picked":"champ:SetATrap","floor":10.0},{"not_picked":["champ:GutPunch","champ:Circumvent"],"picked":"champ:FocusedBerserking","floor":12.0},{"not_picked":["champ:BerserkersShout","champ:EnGarde"],"picked":"champ:GutPunch","floor":14},{"not_picked":["champ:PreciseThrust","champ:CrookedStrike","champ:StanceDance"],"picked":"SKIP","floor":15}],"player_experience":334195,"relics_obtained":[{"floor":7.0,"key":"hubris:TinFlute"}],"event_choices":[{"damage_healed":0.0,"max_hp_gain":0.0,"max_hp_loss":0.0,"gold_gain":0.0,"event_name":"Accursed Blacksmith","player_choice":"Forge","floor":4.0,"gold_loss":0.0,"damage_taken":0.0,"cards_upgraded":["champ:EnGarde"]}],"is_beta":false,"boss_relics":[],"items_purged_floors":[5],"is_endless":false,"potions_floor_spawned":[2,9,14],"killed_by":"SI_SHIV_ARCHETYPE","ascension_level":0}}