{"host":"jgyoyy5iuhtvyvtg","time":1611546829,"event":{"mods":["2.2 Compatiblity","BaseMod","Challenge The Spire","Colored Map","Conspire","Dark Map","Downfall","Hermit","Highlight Path","Infinite Spire","Lobotomy","LobotomyExtend","Minty Spire (QoL Compilation)","Quick Restart","Replay The Spire","Spikes Relics","StSLib","The Construct","The Disciple","The Jungle","Yuri Mod"],"gold_per_floor":[99,109,109,109,157,157,206,206,217,228,244,244,270,285,296,396,396,396,407,426,426,22,36,83,83,83,117,117,135,135,185,195,296,296,296,206,226,243,293,308,388,402,402,402,412,412,412,412,437,73,85,85,85],"floor_reached":54,"language":"ENG","playtime":2686,"items_purged":["champ:Strike","Parasite"],"score":964,"play_id":"cc61be3a-d43d-48c6-ab9b-659bddfaaeec","local_time":"20210124195349","is_ascension_mode":false,"campfire_choices":[{"data":"champ:Taunt","floor":1.0,"key":"SMITH"},{"data":"champ:GutPunch","floor":6.0,"key":"SMITH"},{"data":"champ:Execute","floor":8.0,"key":"SMITH"},{"data":"champ:UltimateStance","floor":18.0,"key":"SMITH"},{"data":"Bandage Up","floor":26.0,"key":"SMITH"},{"data":"infinitespire:SevenWalls","floor":30.0,"key":"SMITH"},{"data":"champ:GladiatorForm","floor":35,"key":"SMITH"},{"data":"champ:UltimateStance","floor":46,"key":"SMITH"}],"circlet_count":0,"master_deck":["champ:Strike","champ:Strike","champ:Strike","champ:Defend","champ:Defend","champ:Defend","champ:Defend","champ:Execute+1","champ:Taunt+1","champ:GutPunch+1","champ:TornadoPunch","champ:Circumvent","champ:EnGarde","champ:Duel","champ:EnGarde","champ:GladiatorStyle","champ:UltimateStance+1","champ:ShieldWall","champ:SkillfulDodge","champ:ShieldWall","champ:ShieldWall","Bandage Up+1","champ:ShieldSigil+1","infinitespire:SevenWalls+1","champ:SteelEdge","champ:SetATrap+1","champ:DefensiveShout","champ:FlashCut","champ:GladiatorForm+1","champ:PreciseThrust+1","champ:Backstep+1","champ:UltimateStance+1","champ:EnchantCrown","champ:ShieldWall","champ:FlashCut+1","champ:FocusedDefense+1"],"relics":["champ:ChampionCrown","LetterFromLob","ShockBauble","Toy Ornithopter","downfall:ShatteredFragment","Replay:Wax Seal","champ:PowerArmor","LugNut","infinitespire:Beetle Shell","Nunchaku","Simple Rune","Tiny House","conspire:RoyalGoblet","Thread and Needle","infinitespire:ShieldingShard","conspire:DecoderRing","Iron Hammer"],"acts_visited":["Exordium","Exordium","TheBeyond"],"potions_floor_usage":[52,52,52,52,52,52],"damage_taken":[{"damage":11.0,"enemies":"Cultist","floor":2.0,"turns":4.0},{"damage":10.0,"enemies":"2 Louse","floor":9.0,"turns":2.0},{"damage":11.0,"enemies":"Jaw Worm","floor":10.0,"turns":3.0},{"damage":2.0,"enemies":"Blue Slaver","floor":11.0,"turns":5.0},{"damage":40.0,"enemies":"Lagavulin","floor":13.0,"turns":7.0},{"damage":10.0,"enemies":"Exordium Wildlife","floor":14.0,"turns":2.0},{"damage":15.0,"enemies":"3 Louse","floor":15.0,"turns":2.0},{"damage":81.0,"enemies":"IC_STATUS_ARCHETYPE","floor":16.0,"turns":10.0},{"damage":36.0,"enemies":"Shell Parasite","floor":19.0,"turns":5.0},{"damage":20.0,"enemies":"theJungle:MUSHROOMGANG","floor":20.0,"turns":4.0},{"damage":20.0,"enemies":"downfall:FleeingMerchant","floor":22.0,"turns":4.0},{"damage":10.0,"enemies":"theJungle:2_Snecko_Cultists","floor":23.0,"turns":4.0},{"damage":49.0,"enemies":"Nightmare","floor":27.0,"turns":7.0},{"damage":40.0,"enemies":"theJungle:JungleHuntersEncounter","floor":29.0,"turns":7.0},{"damage":18.0,"enemies":"theJungle:Lyon","floor":32.0,"turns":4.0},{"damage":34,"enemies":"SI_MIRROR_ARCHETYPE","floor":33,"turns":11},{"damage":0,"enemies":"downfall:FleeingMerchant","floor":36,"turns":4},{"damage":10,"enemies":"3 Shapes","floor":37,"turns":4},{"damage":15,"enemies":"Orb Walker","floor":38,"turns":3},{"damage":24,"enemies":"Orb Walker","floor":39,"turns":12},{"damage":10,"enemies":"Maw","floor":40,"turns":10},{"damage":6,"enemies":"Sphere and 2 Shapes","floor":42,"turns":6},{"damage":8,"enemies":"Writhing Mass","floor":45,"turns":6},{"damage":48,"enemies":"Nemesis","floor":49,"turns":11},{"damage":7,"enemies":"downfall:FleeingMerchant","floor":50,"turns":4},{"damage":30,"enemies":"Spire Growth","floor":51,"turns":5},{"damage":102,"enemies":"WA_ARCHETYPE_DIVINITY","floor":52,"turns":15}],"seed_played":"-623698232861625600","potions_obtained":[{"floor":2.0,"key":"SkillPotion"},{"floor":5.0,"key":"Guardian:BlockOnCardUsePotion"},{"floor":5.0,"key":"EntropicBrew"},{"floor":5.0,"key":"Regen Potion"},{"floor":14.0,"key":"champ:UltimateStancePotion"}],"is_trial":false,"path_per_floor":["R","M","T","?","?","R","T","R","M","M","M","?","E","M","M","B",null,"R","M","M","?","$","M","T","?","R","NM","?","M","R","AVR","M","B",null,"R","$","M","M","?","M","T","M","?","?","M","R","PTL","PTL","E","$","M","B",null,null],"character_chosen":"THE_CHAMP","items_purchased":["champ:ShieldWall","LugNut","Bandage Up","Iron Hammer"],"campfire_rested":0,"item_purchase_floors":[22,22,22,50],"current_hp_per_floor":[99,98,98,98,98,98,98,98,98,97,95,68,68,68,68,27,99,99,83,83,83,83,83,83,83,83,86,86,88,88,93,80,88,104,104,104,104,104,104,104,104,104,104,104,101,101,101,101,66,74,76,29,29],"gold":85,"neow_bonus":"TEN_PERCENT_HP_BONUS","is_daily":false,"chose_seed":false,"campfire_upgraded":8,"win_rate":0.0,"timestamp":1611546829,"path_taken":["R","M","?","?","?","R","T","R","M","M","?","?","E","M","M","BOSS","R","M","M","?","$","M","T","?","R","NM","?","M","R","AVR","M","BOSS","R","$","M","M","?","M","T","M","?","?","M","R","PTL","PTL","E","$","M","BOSS"],"items_purchased_type":["Card","Relic","Card","Relic"],"build_version":"2020-12-22","purchased_purges":2,"victory":true,"max_hp_per_floor":[99,99,99,99,99,99,99,99,99,99,99,99,99,99,99,99,99,99,99,99,99,99,99,99,99,99,99,99,99,99,104,104,104,104,104,104,104,104,104,104,104,104,104,104,104,104,104,104,104,101,101,101,101],"card_choices":[{"not_picked":["champ:Encircle","champ:BladeFlurry"],"picked":"champ:GutPunch","floor":2.0},{"not_picked":["champ:CrownThrow","champ:AdrenalArmor"],"picked":"champ:TornadoPunch","floor":9.0},{"not_picked":["champ:AdrenalArmor","champ:TornadoPunch"],"picked":"champ:Circumvent","floor":10.0},{"not_picked":["champ:HeartStrike","champ:Backstep"],"picked":"champ:EnGarde","floor":11.0},{"not_picked":["champ:PerfectedStrike","champ:IgnorePain"],"picked":"champ:Duel","floor":13.0},{"not_picked":["champ:AdrenalArmor","champ:StanceDance"],"picked":"champ:EnGarde","floor":14.0},{"not_picked":["champ:Haymaker","champ:StanceDance"],"picked":"champ:GladiatorStyle","floor":15.0},{"not_picked":["champ:Devastate","champ:DancingMaster"],"picked":"champ:UltimateStance","floor":16.0},{"not_picked":["champ:EnGarde","champ:BerserkersShout+1","champ:PerfectedStrike"],"picked":"SKIP","floor":19.0},{"not_picked":["champ:SetATrap","champ:FanOfKnives"],"picked":"champ:ShieldWall","floor":20.0},{"not_picked":["champ:RageSigil","champ:BerserkersShout"],"picked":"champ:SkillfulDodge","floor":22.0},{"not_picked":["champ:GutPunch+1","champ:BerserkerStyle"],"picked":"champ:ShieldSigil+1","floor":23.0},{"not_picked":["infinitespire:Execution","infinitespire:Gouge"],"picked":"infinitespire:SevenWalls","floor":27.0},{"not_picked":["champ:AdrenalArmor","champ:Encircle"],"picked":"champ:SteelEdge","floor":27.0},{"not_picked":["champ:ArenaPreparation","champ:Haymaker"],"picked":"champ:SetATrap+1","floor":29.0},{"not_picked":["champ:Endure+1","champ:AdrenalArmor"],"picked":"champ:DefensiveShout","floor":31.0},{"not_picked":["champ:DeathBlow","champ:FancyFootwork"],"picked":"champ:FlashCut","floor":32.0},{"not_picked":["champ:EnchantSword","champ:CheapShot"],"picked":"champ:GladiatorForm","floor":33},{"not_picked":["champ:CrownThrow","champ:RisingSlash+1"],"picked":"champ:PreciseThrust+1","floor":36},{"not_picked":["champ:Shatter","champ:BerserkersShout","champ:FalseCounter"],"picked":"SKIP","floor":37},{"not_picked":["champ:FlashCut+1","champ:DefensiveShout","champ:EnGarde+1"],"picked":"SKIP","floor":38},{"not_picked":["champ:SwordSigil+1","champ:Encircle+1"],"picked":"champ:Backstep+1","floor":39},{"not_picked":["champ:Encircle+1","champ:TornadoPunch+1"],"picked":"champ:UltimateStance","floor":40},{"not_picked":["champ:Endure","champ:EndlessRage","champ:SkillfulDodge"],"picked":"SKIP","floor":42},{"not_picked":["champ:TornadoPunch+1","champ:AdrenalArmor"],"picked":"champ:EnchantCrown","floor":45},{"not_picked":["champ:PreciseThrust","champ:Circumvent+1"],"picked":"champ:ShieldWall","floor":49},{"not_picked":["champ:StanceDance","champ:CrownThrow+1"],"picked":"champ:FlashCut+1","floor":50},{"not_picked":["champ:EnGarde+1","champ:Lariat"],"picked":"champ:FocusedDefense+1","floor":51}],"player_experience":3220140,"relics_obtained":[{"floor":2.0,"key":"LetterFromLob"},{"floor":3.0,"key":"ShockBauble"},{"floor":7.0,"key":"Toy Ornithopter"},{"floor":13.0,"key":"Replay:Wax Seal"},{"floor":24.0,"key":"infinitespire:Beetle Shell"},{"floor":27.0,"key":"Nunchaku"},{"floor":39,"key":"Thread and Needle"},{"floor":41,"key":"infinitespire:ShieldingShard"},{"floor":49,"key":"conspire:DecoderRing"}],"event_choices":[{"damage_healed":0.0,"max_hp_gain":0.0,"max_hp_loss":0.0,"gold_gain":0.0,"event_name":"conspire:Investor","player_choice":"Leave","floor":25.0,"gold_loss":0.0,"damage_taken":0.0},{"damage_healed":0,"gold_gain":0,"player_choice":"Ignored","damage_taken":0,"max_hp_gain":0,"max_hp_loss":0,"event_name":"Mysterious Sphere","floor":43,"gold_loss":0}],"is_beta":false,"boss_relics":[{"not_picked":["Snecko Heart","Coffee Dripper"],"picked":"champ:PowerArmor"},{"not_picked":["Sandwich","Replay:Fungal Core"],"picked":"conspire:RoyalGoblet"}],"items_purged_floors":[36,50],"is_endless":false,"potions_floor_spawned":[2,10,14,15,16,19,27,32,37,39,49,51],"ascension_level":0}}