{"host":"och2iitg9ibgz06n","time":1611604620,"event":{"mods":["Abigail Mod","AchievementEnabler","Aspiration","BaseMod","Colored Powertips","Dio Mod","Hubris","Hyrulean Relics","Infinite Spire","Minty Spire (QoL Compilation)","Replay The Spire","Small Relic Pack","StSLib","The Animator","The Bug Knight","The Hierophant","The Jungle","The Saiyan","TheHero","Wandering Minibosses","everything is the same but u backflip on backflip","slay the spire mod where everything is the same but ironclad has a cowboy hat"],"gold_per_floor":[116,136,155,174,174,174,203,203,281,281,295,295,280,280,280,380,380,400,410,422,347,297,297],"floor_reached":22,"language":"ENG","playtime":959,"items_purged":["Injury"],"score":216,"play_id":"b2deaf7f-0746-4f7c-bd11-f5ca88485f14","local_time":"20210125135700","is_ascension_mode":true,"campfire_choices":[{"data":"Infinite Blades","floor":6,"key":"SMITH"},{"data":"Neutralize","floor":8,"key":"SMITH"},{"data":"Cloak And Dagger","floor":12,"key":"SMITH"},{"floor":15,"key":"REST"}],"circlet_count":0,"master_deck":["Strike_G","Strike_G","Strike_G","Strike_G","Defend_G","Defend_G","Defend_G","Defend_G","Survivor","Neutralize+1","Choke","Escape Plan","Slice","Riddle With Holes","Infinite Blades+1","Cloak And Dagger+1","Blade Dance","A Thousand Cuts","Outmaneuver+1","Slice+1","Blade Dance+1"],"relics":["Molten Egg 2","Coffee Dripper"],"acts_visited":["Exordium","TheCity"],"potions_floor_usage":[7,7,20,20],"damage_taken":[{"damage":0,"enemies":"Cultist","floor":1,"turns":3},{"damage":0,"enemies":"2 Louse","floor":2,"turns":3},{"damage":0,"enemies":"Small Slimes","floor":3,"turns":2},{"damage":1,"enemies":"Looter","floor":4,"turns":3},{"damage":22,"enemies":"Lagavulin","floor":7,"turns":5},{"damage":0,"enemies":"Lots of Slimes","floor":11,"turns":4},{"damage":8,"enemies":"2 Fungi Beasts","floor":13,"turns":6},{"damage":42,"enemies":"The Guardian","floor":16,"turns":17},{"damage":0,"enemies":"3 Byrds","floor":18,"turns":4},{"damage":11,"enemies":"Shell Parasite","floor":19,"turns":6},{"damage":3,"enemies":"Centurion and Healer","floor":20,"turns":5},{"damage":58,"enemies":"Snake Plant","floor":22,"turns":5}],"seed_played":"6962853949894304541","potions_obtained":[{"floor":2,"key":"BlessingOfTheForge"},{"floor":3,"key":"ColorlessPotion"},{"floor":13,"key":"DuplicationPotion"},{"floor":18,"key":"PowerPotion"}],"is_trial":false,"path_per_floor":["M","M","M","M","$","R","E","R","T","?","M","R","M","?","R","B",null,"M","M","M","$","M"],"character_chosen":"THE_SILENT","items_purchased":[],"campfire_rested":1,"item_purchase_floors":[],"current_hp_per_floor":[70,70,70,69,69,69,47,47,47,47,47,47,39,39,60,18,70,70,59,56,56,0,0],"gold":297,"neow_bonus":"TRANSFORM_CARD","is_daily":false,"chose_seed":false,"campfire_upgraded":3,"win_rate":0.0,"timestamp":1611604620,"path_taken":["M","?","M","M","$","R","E","R","T","?","?","R","M","?","R","BOSS","M","M","M","$","M"],"items_purchased_type":[],"build_version":"2020-12-22","purchased_purges":1,"victory":false,"max_hp_per_floor":[70,70,70,70,70,70,70,70,70,70,70,70,70,70,70,70,70,70,70,70,70,70,70],"card_choices":[{"not_picked":["hubris:Counter","Prepared"],"picked":"Escape Plan","floor":1},{"not_picked":["Skewer","Backflip"],"picked":"Slice","floor":2},{"not_picked":["PiercingWail","hubris:Counter"],"picked":"Riddle With Holes","floor":3},{"not_picked":["Deadly Poison","Prepared"],"picked":"Infinite Blades","floor":4},{"not_picked":["Poisoned Stab","Quick Slash","Predator"],"picked":"SKIP","floor":7},{"not_picked":["Footwork","Sucker Punch"],"picked":"Cloak And Dagger","floor":11},{"not_picked":["Blur","Adrenaline"],"picked":"Blade Dance","floor":13},{"not_picked":["Doppelganger","Die Die Die+1"],"picked":"A Thousand Cuts","floor":16},{"not_picked":["Deadly Poison+1","Reflex+1"],"picked":"Outmaneuver+1","floor":18},{"not_picked":["Leg Sweep","Quick Slash+1"],"picked":"Slice+1","floor":19},{"not_picked":["Dagger Spray+1","Sucker Punch+1"],"picked":"Blade Dance+1","floor":20}],"player_experience":475915,"relics_obtained":[{"floor":7,"key":"Anchor"}],"event_choices":[{"cards_removed":["Strike_G"],"damage_healed":0,"gold_gain":0,"player_choice":"Purged","damage_taken":0,"max_hp_gain":0,"max_hp_loss":0,"event_name":"Purifier","floor":10,"gold_loss":0}],"is_beta":false,"boss_relics":[{"not_picked":["hubris:ScarierMask","Replay:Wanted Poster"],"picked":"Coffee Dripper"}],"items_purged_floors":[21],"is_endless":false,"potions_floor_spawned":[2,3,13,18],"killed_by":"Snake Plant","ascension_level":3}}