{"host":"cimxalwyqyblhb3d","time":1611576240,"event":{"mods":["AchievementEnabler","BaseMod","Colored Powertips","Evolution","Minty Spire (QoL Compilation)","Quick Restart","Relic Stats","StSLib"],"gold_per_floor":[109,61,77,77,25,55,55,55,55,55,7,7,7,21,21,119,169,144,163,10,23,34,34,34,34,34,51,15,26,26,26],"floor_reached":30,"language":"FRA","playtime":1161,"items_purged":[],"score":341,"play_id":"8b345034-49e1-4c19-9eea-33cf5103b6d5","local_time":"20210125130400","is_ascension_mode":true,"campfire_choices":[{"data":"Armaments","floor":8.0,"key":"SMITH"},{"data":"Body Slam","floor":10.0,"key":"SMITH"},{"data":"Body Slam","floor":12.0,"key":"SMITH"},{"data":"Flame Barrier","floor":15,"key":"SMITH"},{"data":"Barricade","floor":23,"key":"SMITH"},{"data":"Metallicize","floor":25,"key":"SMITH"}],"circlet_count":0,"master_deck":["Headbutt","Headbutt","Headbutt","Headbutt","Defend_R","Defend_R","Defend_R","Defend_R","Bash+1","Body Slam+1","Armaments+1","Body Slam+1","Shrug It Off","Flame Barrier+1","Barricade+1","Metallicize+1","Iron Wave","Seeing Red","Iron Wave"],"relics":["Burning Blood","EVO:Axolotl","NeowsBlessing","Kunai","Peace Pipe","InkBottle","Turnip","Tiny House","Brimstone","Regal Pillow"],"acts_visited":["Exordium","TheCity"],"potions_floor_usage":[18,21,22,22,27,30],"damage_taken":[{"damage":0.0,"enemies":"Jaw Worm","floor":1.0,"turns":1.0},{"damage":0.0,"enemies":"Small Slimes","floor":3.0,"turns":1.0},{"damage":0.0,"enemies":"Gremlin Nob","floor":6.0,"turns":1.0},{"damage":1,"enemies":"Cultist","floor":14,"turns":3},{"damage":43,"enemies":"Hexaghost","floor":16,"turns":8},{"damage":11,"enemies":"2 Thieves","floor":18,"turns":5},{"damage":17,"enemies":"Spheric Guardian","floor":19,"turns":4},{"damage":34,"enemies":"Cultist and Chosen","floor":21,"turns":7},{"damage":9,"enemies":"Centurion and Healer","floor":22,"turns":5},{"damage":24,"enemies":"Shelled Parasite and Fungi","floor":27,"turns":6},{"damage":13,"enemies":"Cultist and Chosen","floor":29,"turns":5},{"damage":18,"enemies":"Snake Plant","floor":30,"turns":3}],"seed_played":"-2409809433962941173","potions_obtained":[{"floor":3.0,"key":"ElixirPotion"},{"floor":14,"key":"Block Potion"},{"floor":17,"key":"BlessingOfTheForge"},{"floor":19,"key":"FearPotion"},{"floor":21,"key":"Regen Potion"},{"floor":22,"key":"Explosive Potion"},{"floor":29,"key":"Energy Potion"}],"is_trial":false,"path_per_floor":["M","$","M","?","$","E","?","R","T","R","$","R","T","M","R","B",null,"M","M","$","M","M","R","$","R","T","M","$","M","M"],"character_chosen":"IRONCLAD","items_purchased":["Armaments","Body Slam","Shrug It Off","Brimstone","Seeing Red"],"campfire_rested":0,"item_purchase_floors":[2,5,11,20,28],"current_hp_per_floor":[80,80,80,73,73,79,72,72,72,72,72,72,72,77,77,40,75,70,59,59,31,40,40,40,40,40,22,22,15,0,0],"gold":26,"neow_bonus":"THREE_ENEMY_KILL","is_daily":false,"chose_seed":false,"campfire_upgraded":6,"win_rate":0.0,"timestamp":1611576240,"path_taken":["M","$","M","?","$","E","?","R","T","R","?","R","?","M","R","BOSS","M","M","$","M","M","R","$","R","T","M","$","M","M"],"items_purchased_type":["Card","Card","Card","Relic","Card"],"build_version":"2020-12-22","purchased_purges":0,"victory":false,"max_hp_per_floor":[80,80,80,80,80,80,80,80,80,80,80,80,80,80,80,80,85,85,85,85,85,85,85,85,85,85,85,85,85,85,85],"relic_stats":{"Peace Pipe":0,"Regal Pillow":0,"counters":[12,49],"Turnip":[9],"Kunai":[9],"obtain_stats":[{"Peace Pipe":7,"Regal Pillow":26,"Tiny House":17,"NeowsBlessing":0,"Brimstone":20,"Turnip":13,"EVO:Axolotl":0,"Kunai":6,"Burning Blood":0,"InkBottle":9},{"Peace Pipe":3,"Regal Pillow":9,"Tiny House":5,"NeowsBlessing":0,"Brimstone":7,"Turnip":3,"EVO:Axolotl":0,"Kunai":3,"Burning Blood":0,"InkBottle":3},{"Peace Pipe":3,"Regal Pillow":35,"Tiny House":14,"NeowsBlessing":0,"Brimstone":23,"Turnip":3,"EVO:Axolotl":0,"Kunai":3,"Burning Blood":0,"InkBottle":3}],"Burning Blood":54,"InkBottle":[14]},"card_choices":[{"not_picked":["Pummel","Clash"],"picked":"Body Slam","floor":1.0},{"not_picked":["Warcry","Twin Strike","Pummel"],"picked":"SKIP","floor":3.0},{"not_picked":["Pommel Strike","Hemokinesis","Disarm"],"picked":"SKIP","floor":6.0},{"not_picked":["Pommel Strike","True Grit"],"picked":"Flame Barrier","floor":14},{"not_picked":["Feed","Fiend Fire"],"picked":"Barricade","floor":16},{"not_picked":["Warcry+1","Flex"],"picked":"Metallicize","floor":18},{"not_picked":["Wild Strike","Offering","Infernal Blade"],"picked":"SKIP","floor":19},{"not_picked":["Pommel Strike","Reckless Charge","Warcry"],"picked":"SKIP","floor":21},{"not_picked":["Shockwave","Sword Boomerang"],"picked":"Iron Wave","floor":22},{"not_picked":["Searing Blow","Dropkick","Armaments"],"picked":"SKIP","floor":27},{"not_picked":["Perfected Strike","Feed"],"picked":"Iron Wave","floor":29}],"player_experience":524191,"relics_obtained":[{"floor":6.0,"key":"Kunai"},{"floor":9.0,"key":"InkBottle"},{"floor":13.0,"key":"Turnip"},{"floor":26,"key":"Regal Pillow"}],"event_choices":[{"cards_removed":["Headbutt"],"damage_healed":0.0,"max_hp_gain":0.0,"max_hp_loss":0.0,"gold_gain":0.0,"event_name":"Golden Wing","player_choice":"Card Removal","floor":4.0,"gold_loss":0.0,"damage_taken":7.0},{"damage_healed":0.0,"max_hp_gain":0.0,"max_hp_loss":0.0,"gold_gain":0.0,"event_name":"Scrap Ooze","player_choice":"Success","floor":7.0,"gold_loss":0.0,"damage_taken":7.0,"relics_obtained":["Peace Pipe"]}],"is_beta":false,"boss_relics":[{"not_picked":["Ectoplasm","Empty Cage"],"picked":"Tiny House"}],"items_purged_floors":[],"is_endless":false,"potions_floor_spawned":[3,14,19,21,22,29],"killed_by":"Snake Plant","ascension_level":5}}