{"host":"640uue19m79c7wbt","time":1611539162,"event":{"mods":["BaseMod","Colored Map","Googly Eyes","Highlight Path","Minty Spire (QoL Compilation)","Quick Restart","StSLib"],"gold_per_floor":[117,117,143,11,31,56,56,91,116,41,61,61,88,88,88,187,187,206,6,31,45,45,45,45],"floor_reached":23,"language":"ENG","playtime":716,"items_purged":[],"score":429,"play_id":"86286437-d9a4-40e7-bbc5-415aacde3af4","local_time":"20210124204602","is_ascension_mode":true,"campfire_choices":[{"data":"Noxious Fumes","floor":7,"key":"SMITH"},{"floor":15,"key":"REST"}],"circlet_count":0,"master_deck":["AscendersBane","Defend_G","Defend_G","Defend_G","Defend_G","Defend_G","Survivor","Neutralize","Crippling Poison","Footwork","Noxious Fumes+1","Dagger Spray","Dagger Throw","Caltrops","Catalyst","Corpse Explosion","Bullet Time","Masterful Stab+1","Accuracy+1","Outmaneuver+1","Heel Hook","Terror","Blur"],"relics":["Ring of the Snake","NeowsBlessing","Boot","Pen Nib","Omamori","Toy Ornithopter","Regal Pillow","Golden Idol","Astrolabe","TwistedFunnel"],"acts_visited":["Exordium","TheCity"],"potions_floor_usage":[8,8,20],"damage_taken":[{"damage":0,"enemies":"Jaw Worm","floor":1,"turns":1},{"damage":0,"enemies":"Cultist","floor":5,"turns":1},{"damage":0,"enemies":"Lagavulin","floor":6,"turns":1},{"damage":24,"enemies":"Gremlin Nob","floor":8,"turns":4},{"damage":0,"enemies":"Small Slimes","floor":11,"turns":2},{"damage":14,"enemies":"Lagavulin","floor":13,"turns":6},{"damage":42,"enemies":"Slime Boss","floor":16,"turns":9},{"damage":32,"enemies":"Chosen","floor":18,"turns":6},{"damage":6,"enemies":"Shell Parasite","floor":20,"turns":3},{"damage":30,"enemies":"Centurion and Healer","floor":21,"turns":4},{"damage":34,"enemies":"Book of Stabbing","floor":23,"turns":3}],"seed_played":"-236564438823109407","potions_obtained":[{"floor":1,"key":"Swift Potion"},{"floor":5,"key":"SteroidPotion"},{"floor":16,"key":"LiquidBronze"},{"floor":20,"key":"FairyPotion"},{"floor":21,"key":"Explosive Potion"}],"is_trial":false,"path_per_floor":["M","?","T","$","M","E","R","E","T","?","M","$","E","?","R","B",null,"M","$","M","M","?","E"],"character_chosen":"THE_SILENT","items_purchased":["Noxious Fumes","Dagger Spray","TwistedFunnel","Terror"],"campfire_rested":1,"item_purchase_floors":[4,4,19,19],"current_hp_per_floor":[59,59,59,59,59,59,59,35,35,35,35,35,21,21,55,13,53,21,21,20,19,32,0,0],"gold":45,"neow_bonus":"THREE_ENEMY_KILL","is_daily":false,"chose_seed":false,"campfire_upgraded":1,"win_rate":0.0,"timestamp":1611539162,"path_taken":["M","?","?","$","?","E","R","E","T","?","M","?","E","?","R","BOSS","M","$","M","M","?","E"],"items_purchased_type":["Card","Card","Relic","Card"],"build_version":"2020-12-22","purchased_purges":0,"victory":false,"max_hp_per_floor":[66,66,66,66,66,66,66,66,66,66,66,66,66,66,66,66,66,66,66,66,66,66,66,66],"card_choices":[{"not_picked":["Riddle With Holes","Slice"],"picked":"Crippling Poison","floor":1},{"not_picked":["Slice","Flying Knee","Deflect"],"picked":"SKIP","floor":5},{"not_picked":["Poisoned Stab","Quick Slash"],"picked":"Dagger Throw","floor":6},{"not_picked":["Poisoned Stab","Deadly Poison"],"picked":"Caltrops","floor":8},{"not_picked":["Bane","Noxious Fumes"],"picked":"Catalyst","floor":11},{"not_picked":["Bouncing Flask","Backflip"],"picked":"Corpse Explosion","floor":13},{"not_picked":["Die Die Die","Unload"],"picked":"Bullet Time","floor":16},{"not_picked":["Quick Slash","Flying Knee"],"picked":"Heel Hook","floor":18},{"not_picked":["Quick Slash","Underhanded Strike"],"picked":"Blur","floor":20},{"not_picked":["Quick Slash","Deadly Poison","Underhanded Strike"],"picked":"SKIP","floor":21}],"player_experience":634331,"relics_obtained":[{"floor":3,"key":"Boot"},{"floor":6,"key":"Pen Nib"},{"floor":8,"key":"Omamori"},{"floor":9,"key":"Toy Ornithopter"},{"floor":13,"key":"Regal Pillow"}],"event_choices":[{"damage_healed":0,"gold_gain":0,"cards_transformed":["Strike_G"],"player_choice":"Change","damage_taken":0,"max_hp_gain":0,"max_hp_loss":0,"event_name":"Living Wall","floor":2,"gold_loss":0,"cards_obtained":["Footwork"]},{"cards_removed":["Strike_G"],"damage_healed":0,"gold_gain":0,"player_choice":"Card Removal","damage_taken":0,"max_hp_gain":0,"max_hp_loss":0,"event_name":"The Cleric","floor":10,"gold_loss":75},{"damage_healed":0,"gold_gain":0,"player_choice":"Take Wound","damage_taken":0,"relics_obtained":["Golden Idol"],"max_hp_gain":0,"max_hp_loss":0,"event_name":"Golden Idol","floor":14,"gold_loss":0,"cards_obtained":["Injury"]},{"damage_healed":13,"gold_gain":0,"player_choice":"Heal","damage_taken":0,"max_hp_gain":0,"max_hp_loss":0,"event_name":"The Library","floor":22,"gold_loss":0}],"is_beta":false,"boss_relics":[{"not_picked":["Sozu","Fusion Hammer"],"picked":"Astrolabe"}],"items_purged_floors":[],"is_endless":false,"potions_floor_spawned":[1,5,16,20,21],"killed_by":"Book of Stabbing","ascension_level":17}}