{"host":"2q82lssse0ckn8xu","time":1611572291,"event":{"mods":["AchievementEnabler","BaseMod","Colored Map","Colored Powertips","Minty Spire (QoL Compilation)","Permanent Neow","Quick Restart","StSLib","The Saiyan","Unceasing Turn Reminder"],"gold_per_floor":[109,121,46,61,61,94,94,126,149,163,196,213,213,213,213,286,286,300,315,142,192,192,192,208,221,301,301,312,10,29,29,29,29,29],"floor_reached":33,"language":"ENG","playtime":2166,"items_purged":["Decay"],"score":532,"play_id":"5728e9b6-a196-41e4-97d8-db7e96c3f752","local_time":"20210125162811","is_ascension_mode":true,"campfire_choices":[{"floor":7.0,"key":"REST"},{"floor":13.0,"key":"REST"},{"data":"Noxious Fumes","floor":15.0,"key":"SMITH"},{"floor":23.0,"key":"REST"},{"floor":27.0,"key":"REST"},{"floor":32.0,"key":"REST"}],"circlet_count":0,"master_deck":["AscendersBane","Strike_G+1","Strike_G+1","Strike_G+1","Strike_G+1","Strike_G+1","Defend_G+1","Defend_G+1","Defend_G+1","Defend_G+1","Defend_G+1","Survivor","Neutralize+1","Blade Dance","Heel Hook","Noxious Fumes+1","Deadly Poison","Finisher","Bouncing Flask+1","Noxious Fumes+1","Crippling Poison+1","Blade Dance+1","Night Terror+1","Backflip+1","Well Laid Plans","Blade Dance+1","Poisoned Stab+1","Blade Dance+1","Bouncing Flask+1"],"relics":["Ring of the Snake","Regal Pillow","Boot","Akabeko","Orichalcum","Toxic Egg 2","Cursed Key","Art of War","Paper Crane","Strawberry"],"acts_visited":["Exordium","TheCity"],"potions_floor_usage":[33,33],"damage_taken":[{"damage":0.0,"enemies":"Cultist","floor":1.0,"turns":4.0},{"damage":1.0,"enemies":"Jaw Worm","floor":2.0,"turns":3.0},{"damage":3.0,"enemies":"2 Louse","floor":4.0,"turns":3.0},{"damage":19.0,"enemies":"3 Sentries","floor":6.0,"turns":7.0},{"damage":15.0,"enemies":"Lagavulin","floor":8.0,"turns":6.0},{"damage":9.0,"enemies":"Gremlin Gang","floor":10.0,"turns":6.0},{"damage":19.0,"enemies":"3 Sentries","floor":11.0,"turns":7.0},{"damage":10.0,"enemies":"3 Louse","floor":12.0,"turns":2.0},{"damage":30.0,"enemies":"The Guardian","floor":16.0,"turns":8.0},{"damage":19.0,"enemies":"Shell Parasite","floor":18.0,"turns":4.0},{"damage":21.0,"enemies":"2 Thieves","floor":19.0,"turns":3.0},{"damage":24.0,"enemies":"Sentry and Sphere","floor":24.0,"turns":6.0},{"damage":23.0,"enemies":"Snake Plant","floor":25.0,"turns":4.0},{"damage":13.0,"enemies":"Chosen and Byrds","floor":28.0,"turns":4.0},{"damage":10.0,"enemies":"Snecko","floor":30.0,"turns":4.0},{"damage":75,"enemies":"Collector","floor":33,"turns":6}],"seed_played":"-8894548185903428277","potions_obtained":[{"floor":2.0,"key":"SneckoOil"},{"floor":6.0,"key":"AttackPotion"},{"floor":10.0,"key":"Strength Potion"},{"floor":12.0,"key":"Swift Potion"},{"floor":28.0,"key":"Dexterity Potion"},{"floor":30.0,"key":"ColorlessPotion"}],"is_trial":false,"path_per_floor":["M","M","$","M","?","E","R","E","T","M","E","M","R","?","R","B",null,"M","M","$","?","?","R","M","M","T","R","M","$","M","?","R","B"],"character_chosen":"THE_SILENT","items_purchased":["Noxious Fumes","Art of War","Strawberry","Blade Dance+1"],"campfire_rested":5,"item_purchase_floors":[3,20,29,29],"current_hp_per_floor":[59,58,58,55,50,31,65,50,50,41,22,12,46,46,46,16,54,35,14,14,14,14,48,24,1,1,35,22,29,19,19,55,0,0],"gold":29,"neow_bonus":"UPGRADE_CARD","is_daily":false,"chose_seed":false,"campfire_upgraded":1,"win_rate":0.0,"timestamp":1611572291,"path_taken":["M","M","$","M","?","E","R","E","T","M","E","M","R","?","R","BOSS","M","M","$","?","?","R","M","?","T","R","M","$","M","?","R","BOSS"],"items_purchased_type":["Card","Relic","Relic","Card"],"build_version":"2020-12-22","purchased_purges":1,"victory":false,"max_hp_per_floor":[66,66,66,66,66,66,66,66,66,66,66,66,66,66,66,66,66,66,66,66,66,66,66,66,66,66,66,66,73,73,73,73,73,73],"card_choices":[{"not_picked":["Dodge and Roll","Flying Knee"],"picked":"Blade Dance","floor":1.0},{"not_picked":["Expertise","Malaise"],"picked":"Heel Hook","floor":2.0},{"not_picked":["Dagger Throw","Bane"],"picked":"Deadly Poison","floor":4.0},{"not_picked":["Dodge and Roll","Well Laid Plans"],"picked":"Finisher","floor":6.0},{"not_picked":["Quick Slash","Acrobatics"],"picked":"Bouncing Flask","floor":8.0},{"not_picked":["Crippling Poison","Backstab"],"picked":"Noxious Fumes","floor":10.0},{"not_picked":["Doppelganger+1","Die Die Die"],"picked":"Crippling Poison+1","floor":11.0},{"not_picked":["Tactician+1","Dodge and Roll+1"],"picked":"Blade Dance+1","floor":12.0},{"not_picked":["Storm of Steel+1","Burst+1"],"picked":"Night Terror+1","floor":16.0},{"not_picked":["Skewer","Caltrops"],"picked":"Backflip+1","floor":18.0},{"not_picked":["Slice","Quick Slash","Reflex+1"],"picked":"SKIP","floor":19.0},{"not_picked":["Concentrate+1","Skewer"],"picked":"Well Laid Plans","floor":24.0},{"not_picked":["Sucker Punch","Bane"],"picked":"Blade Dance+1","floor":25.0},{"not_picked":["Bane","Flying Knee"],"picked":"Poisoned Stab+1","floor":28.0},{"not_picked":["Dagger Spray","Well Laid Plans"],"picked":"Bouncing Flask+1","floor":30.0}],"player_experience":629402,"relics_obtained":[{"floor":6.0,"key":"Boot"},{"floor":8.0,"key":"Akabeko"},{"floor":9.0,"key":"Orichalcum"},{"floor":11.0,"key":"Toxic Egg 2"},{"floor":26.0,"key":"Paper Crane"}],"event_choices":[{"damage_healed":0.0,"max_hp_gain":0.0,"max_hp_loss":0.0,"gold_gain":0.0,"event_name":"Scrap Ooze","player_choice":"Success","floor":5.0,"gold_loss":0.0,"damage_taken":5.0,"relics_obtained":["Regal Pillow"]},{"damage_healed":0.0,"max_hp_gain":0.0,"max_hp_loss":0.0,"gold_gain":0.0,"event_name":"Living Wall","player_choice":"Grow","floor":14.0,"gold_loss":0.0,"damage_taken":0.0,"cards_upgraded":["Noxious Fumes"]},{"damage_healed":0.0,"max_hp_gain":0.0,"max_hp_loss":0.0,"gold_gain":50.0,"event_name":"Nest","player_choice":"Stole From Cult","floor":21.0,"gold_loss":0.0,"damage_taken":0.0},{"damage_healed":0.0,"max_hp_gain":0.0,"max_hp_loss":0.0,"gold_gain":0.0,"event_name":"Upgrade Shrine","player_choice":"Upgraded","floor":22.0,"gold_loss":0.0,"damage_taken":0.0,"cards_upgraded":["Bouncing Flask"]},{"damage_healed":0.0,"max_hp_gain":0.0,"max_hp_loss":0.0,"gold_gain":0.0,"event_name":"Back to Basics","player_choice":"Simplicity","floor":31.0,"gold_loss":0.0,"damage_taken":0.0,"cards_upgraded":["Strike_G","Strike_G","Strike_G","Strike_G","Strike_G","Defend_G","Defend_G","Defend_G","Defend_G","Defend_G"]}],"is_beta":false,"boss_relics":[{"not_picked":["Empty Cage","Tiny House"],"picked":"Cursed Key"}],"items_purged_floors":[29],"is_endless":false,"potions_floor_spawned":[2,6,10,12,28,30],"killed_by":"Collector","ascension_level":18}}