{"host":"zk71suw73lg2r165","time":1611533793,"event":{"mods":["BaseMod","Colored Map","Minty Spire (QoL Compilation)","Permanent Neow","Relic Stats","StSLib"],"gold_per_floor":[117,117,137,153,166,201,181,207,279,279,279],"floor_reached":10,"language":"ENG","playtime":285,"items_purged":[],"score":156,"play_id":"37595050-0e4e-4bfd-ae3a-b91367b725fc","local_time":"20210124191633","is_ascension_mode":true,"campfire_choices":[],"circlet_count":0,"master_deck":["AscendersBane","Strike_R","Strike_R","Strike_R","Strike_R","Strike_R","Defend_R","Defend_R","Defend_R","Defend_R","Bash+1","Power Through","Wild Strike","Anger","Sword Boomerang","Feel No Pain","Shrug It Off"],"relics":["Burning Blood","Magic Flower","MealTicket","Lizard Tail","Matryoshka"],"acts_visited":["Exordium"],"potions_floor_usage":[6,8],"damage_taken":[{"damage":6,"enemies":"2 Louse","floor":1,"turns":4},{"damage":1,"enemies":"Cultist","floor":3,"turns":3},{"damage":0,"enemies":"Small Slimes","floor":4,"turns":3},{"damage":24,"enemies":"Gremlin Gang","floor":5,"turns":6},{"damage":10,"enemies":"Lagavulin","floor":6,"turns":6},{"damage":32,"enemies":"Gremlin Nob","floor":8,"turns":4},{"damage":15,"enemies":"Lagavulin","floor":10,"turns":4}],"seed_played":"2602508542939207482","potions_obtained":[{"floor":1,"key":"PowerPotion"},{"floor":4,"key":"LiquidMemories"},{"floor":7,"key":"ElixirPotion"}],"is_trial":false,"path_per_floor":["M","?","M","M","M","E","?","E","T","E"],"character_chosen":"IRONCLAD","items_purchased":[],"campfire_rested":0,"item_purchase_floors":[],"current_hp_per_floor":[68,68,68,68,53,52,52,29,29,14,14],"gold":279,"neow_bonus":"ONE_RARE_RELIC","is_daily":false,"chose_seed":false,"campfire_upgraded":0,"win_rate":0.0,"timestamp":1611533793,"path_taken":["M","?","M","M","?","E","?","E","T","E"],"items_purchased_type":[],"build_version":"2020-12-22","purchased_purges":0,"victory":false,"max_hp_per_floor":[68,68,68,68,68,68,68,68,68,68,68],"relic_stats":{"Lizard Tail":0,"counters":[7,30],"Magic Flower":[9],"MealTicket":0,"obtain_stats":[{"Lizard Tail":8,"Matryoshka":9,"Magic Flower":0,"MealTicket":6,"Burning Blood":0},{"Lizard Tail":6,"Matryoshka":6,"Magic Flower":0,"MealTicket":5,"Burning Blood":0},{"Lizard Tail":26,"Matryoshka":26,"Magic Flower":0,"MealTicket":22,"Burning Blood":0}],"Burning Blood":34},"card_choices":[{"not_picked":["Intimidate","Shrug It Off"],"picked":"Power Through","floor":1},{"not_picked":["Heavy Blade","Iron Wave"],"picked":"Wild Strike","floor":3},{"not_picked":["Headbutt","Heavy Blade"],"picked":"Anger","floor":4},{"not_picked":["Intimidate","Cleave"],"picked":"Sword Boomerang","floor":5},{"not_picked":["Armaments","Searing Blow"],"picked":"Feel No Pain","floor":6},{"not_picked":["Sword Boomerang","Warcry"],"picked":"Shrug It Off","floor":8}],"player_experience":1357497,"relics_obtained":[{"floor":6,"key":"MealTicket"},{"floor":8,"key":"Lizard Tail"},{"floor":9,"key":"Matryoshka"}],"event_choices":[{"damage_healed":0,"gold_gain":0,"player_choice":"Upgraded","damage_taken":0,"max_hp_gain":0,"max_hp_loss":0,"event_name":"Upgrade Shrine","floor":2,"gold_loss":0,"cards_upgraded":["Bash"]},{"damage_healed":0,"gold_gain":0,"player_choice":"Bought 1 Potion","damage_taken":0,"max_hp_gain":0,"max_hp_loss":0,"event_name":"The Woman in Blue","floor":7,"gold_loss":0}],"is_beta":false,"boss_relics":[],"items_purged_floors":[],"is_endless":false,"potions_floor_spawned":[1,4],"killed_by":"Lagavulin","ascension_level":20}}