{"host":"4cz9gr89nglr7k8k","time":1611591375,"event":{"mods":["BaseMod","Minty Spire (QoL Compilation)","Relic Stats","Slay-I"],"gold_per_floor":[110,26,26,37,37,37,37,37,37,61,61,9,9,30,30,30,30],"floor_reached":16,"language":"DEU","playtime":312,"items_purged":[],"score":176,"play_id":"f6200600-eccc-4171-b7d4-f0dcdab2169c","local_time":"20210125171615","is_ascension_mode":true,"campfire_choices":[{"floor":6,"key":"REST"},{"floor":11,"key":"REST"},{"floor":15,"key":"REST"}],"circlet_count":0,"master_deck":["AscendersBane","Strike_R","Strike_R","Strike_R","Strike_R","Strike_R","Defend_R","Defend_R","Defend_R","Defend_R","Bash","Berserk","Cleave","Rampage","Twin Strike","Inflame","Twin Strike","Armaments"],"relics":["Burning Blood","Ginger","Golden Idol","Calipers","WingedGreaves"],"acts_visited":["Exordium"],"potions_floor_usage":[],"damage_taken":[{"damage":21,"enemies":"2 Louse","floor":1,"turns":3},{"damage":7,"enemies":"Jaw Worm","floor":4,"turns":3},{"damage":8,"enemies":"Small Slimes","floor":10,"turns":3},{"damage":22,"enemies":"Gremlin Gang","floor":14,"turns":4},{"damage":113,"enemies":"The Guardian","floor":16,"turns":12}],"seed_played":"-4092755422768481284","potions_obtained":[{"floor":4,"key":"FairyPotion"}],"is_trial":false,"path_per_floor":["M","$","?","M","?","R","T","?","T","M","R","$","?","M","R","B"],"character_chosen":"IRONCLAD","items_purchased":["Rampage","Twin Strike"],"campfire_rested":3,"item_purchase_floors":[2,12],"current_hp_per_floor":[53,53,18,17,17,39,39,39,39,37,59,59,64,48,72,0,0],"gold":30,"neow_bonus":"THREE_RARE_CARDS","is_daily":false,"chose_seed":false,"campfire_upgraded":0,"win_rate":0.0,"timestamp":1611591375,"path_taken":["M","$","?","M","?","R","?","?","T","?","R","$","?","M","R","BOSS"],"items_purchased_type":["Card","Card"],"build_version":"2020-12-22","purchased_purges":0,"victory":false,"max_hp_per_floor":[75,75,75,75,75,75,75,75,75,75,75,75,80,80,80,80,80],"relic_stats":{"counters":[5,25],"Golden Idol":9,"Ginger":[2],"obtain_stats":[{"Calipers":7,"Golden Idol":5,"WingedGreaves":9,"Ginger":3,"Burning Blood":0},{"Calipers":2,"Golden Idol":2,"WingedGreaves":2,"Ginger":1,"Burning Blood":0},{"Calipers":6,"Golden Idol":6,"WingedGreaves":6,"Ginger":3,"Burning Blood":0}],"Burning Blood":24},"card_choices":[{"not_picked":["Offering","Brutality"],"picked":"Berserk","floor":0},{"not_picked":["Searing Blow","Anger"],"picked":"Cleave","floor":1},{"not_picked":["Cleave","Havoc"],"picked":"Twin Strike","floor":4},{"not_picked":["Combust","Seeing Red"],"picked":"Inflame","floor":10},{"not_picked":["Clothesline","Headbutt"],"picked":"Armaments","floor":14}],"player_experience":1520292,"relics_obtained":[{"floor":7,"key":"Calipers"},{"floor":9,"key":"WingedGreaves"}],"event_choices":[{"damage_healed":0,"gold_gain":0,"player_choice":"Success","damage_taken":35,"relics_obtained":["Ginger"],"max_hp_gain":0,"max_hp_loss":0,"event_name":"Scrap Ooze","floor":3,"gold_loss":0},{"damage_healed":0,"gold_gain":0,"player_choice":"Take Wound","damage_taken":0,"relics_obtained":["Golden Idol"],"max_hp_gain":0,"max_hp_loss":0,"event_name":"Golden Idol","floor":5,"gold_loss":0,"cards_obtained":["Injury"]},{"cards_removed":["Injury","Decay"],"damage_healed":0,"gold_gain":0,"player_choice":"Removed Curses","damage_taken":0,"max_hp_gain":0,"max_hp_loss":0,"event_name":"Fountain of Cleansing","floor":8,"gold_loss":0},{"damage_healed":0,"gold_gain":0,"player_choice":"Donut","damage_taken":0,"max_hp_gain":5,"max_hp_loss":0,"event_name":"Big Fish","floor":13,"gold_loss":0}],"is_beta":false,"boss_relics":[],"items_purged_floors":[],"is_endless":false,"potions_floor_spawned":[4],"killed_by":"The Guardian","ascension_level":20}}