{"host":"srk2drlvga69hbot","time":1611571386,"event":{"mods":["BaseMod","Bestiary","Block Reminder","Colored Map","Colored Powertips","Dark Map","DeckTracker","Highlight Path","Minty Spire (QoL Compilation)","Quick Restart","Rare Cards Sparkle","Relic Stats","SuperFastMode","Unceasing Turn Reminder"],"gold_per_floor":[114,39,39,55,230,230,264,7,7,7,19,19,35,35,35,137,137,107,107,107,31,49,75,75,0,25,77,18,18,33,33,33,128,128,146,146,146,164,175,207,207,222,274,301,314,341,341,241,241,241],"floor_reached":51,"language":"ZHS","playtime":2696,"items_purged":["Strike_G","Defend_G"],"score":1371,"play_id":"42f22e93-9417-4fa0-b446-1ab80fdffc62","local_time":"20210125184306","is_ascension_mode":true,"campfire_choices":[{"data":"Neutralize","floor":6.0,"key":"SMITH"},{"data":"Backstab","floor":10.0,"key":"SMITH"},{"floor":15.0,"key":"RECALL"},{"data":"Tactician","floor":24.0,"key":"SMITH"},{"floor":32.0,"key":"REST"},{"data":"Concentrate","floor":41,"key":"SMITH"},{"data":"Terror","floor":49,"key":"SMITH"}],"circlet_count":0,"master_deck":["Strike_G","Strike_G","Defend_G","Defend_G","Defend_G","Survivor+1","Neutralize+1","Backstab+1","Blade Dance+1","Tactician+1","Expertise","Acrobatics+1","Concentrate+1","Blade Dance","Grand Finale","Acrobatics+1","Escape Plan+1","Reflex+1","Acrobatics+1","Masterful Stab+1","Terror+1","Prepared+1"],"relics":["Ring of the Snake","NeowsBlessing","Gambling Chip","Shuriken","Toy Ornithopter","CultistMask","Philosopher\u0027s Stone","Snake Skull","Torii","Boot","MawBank","Black Star","Pocketwatch","Blood Vial","MealTicket","Potion Belt","Darkstone Periapt","Centennial Puzzle","The Specimen"],"acts_visited":["Exordium","TheCity","TheBeyond"],"potions_floor_usage":[],"damage_taken":[{"damage":0.0,"enemies":"Jaw Worm","floor":1.0,"turns":1.0},{"damage":0.0,"enemies":"Small Slimes","floor":4.0,"turns":1.0},{"damage":0.0,"enemies":"Lagavulin","floor":7.0,"turns":1.0},{"damage":0.0,"enemies":"2 Louse","floor":11.0,"turns":1.0},{"damage":0.0,"enemies":"Red Slaver","floor":13.0,"turns":3.0},{"damage":10.0,"enemies":"The Guardian","floor":16.0,"turns":21.0},{"damage":10.0,"enemies":"2 Thieves","floor":18.0,"turns":5.0},{"damage":0.0,"enemies":"Spheric Guardian","floor":22.0,"turns":1.0},{"damage":14.0,"enemies":"Slavers","floor":23.0,"turns":9.0},{"damage":39.0,"enemies":"Book of Stabbing","floor":27.0,"turns":5.0},{"damage":8.0,"enemies":"Chosen and Byrds","floor":30.0,"turns":3.0},{"damage":22.0,"enemies":"Champ","floor":33.0,"turns":6.0},{"damage":1.0,"enemies":"3 Darklings","floor":35.0,"turns":5.0},{"damage":4.0,"enemies":"3 Shapes","floor":38.0,"turns":1.0},{"damage":26,"enemies":"Transient","floor":39,"turns":5},{"damage":0,"enemies":"Reptomancer","floor":40,"turns":2},{"damage":0,"enemies":"Writhing Mass","floor":42,"turns":2},{"damage":0,"enemies":"Nemesis","floor":44,"turns":1},{"damage":0,"enemies":"3 Darklings","floor":45,"turns":1},{"damage":0,"enemies":"Reptomancer","floor":46,"turns":1},{"damage":0,"enemies":"Awakened One","floor":50,"turns":2}],"seed_played":"-1857783434237591080","potions_obtained":[{"floor":4.0,"key":"EssenceOfSteel"},{"floor":7.0,"key":"BlessingOfTheForge"},{"floor":11.0,"key":"GhostInAJar"},{"floor":23.0,"key":"ColorlessPotion"},{"floor":30.0,"key":"Weak Potion"},{"floor":40,"key":"Weak Potion"},{"floor":42,"key":"AttackPotion"},{"floor":45,"key":"DistilledChaos"}],"is_trial":false,"path_per_floor":["M","$","?","M","?","R","E","$","T","R","M","?","M","?","R","B",null,"M","?","?","$","M","E","R","?","T","E","$","?","M","$","R","B",null,"M","?","?","M","M","E","R","M","T","E","M","E","?","$","R","B",null],"character_chosen":"THE_SILENT","items_purchased":["Shuriken","Tactician","Concentrate"],"campfire_rested":1,"item_purchase_floors":[8,21,28],"current_hp_per_floor":[63,63,63,63,63,63,63,63,63,63,63,63,63,63,63,63,68,58,58,58,58,58,44,44,44,44,10,10,10,2,2,23,6,54,53,53,53,49,23,23,23,25,25,27,29,31,70,70,70,70],"gold":241,"neow_bonus":"THREE_ENEMY_KILL","is_daily":false,"chose_seed":false,"campfire_upgraded":5,"win_rate":0.0,"timestamp":1611571386,"path_taken":["M","$","?","M","?","R","E","$","T","R","M","?","?","?","R","BOSS","M","?","?","$","?","E","R","?","T","E","?","?","?","$","R","BOSS","M","?","?","M","?","E","R","M","T","E","M","E","?","$","R","BOSS"],"items_purchased_type":["Relic","Card","Card"],"build_version":"2020-12-22","purchased_purges":2,"victory":true,"max_hp_per_floor":[70,70,70,70,70,70,70,70,70,70,70,70,70,70,70,70,70,70,70,70,70,70,70,70,70,70,70,70,70,70,70,70,70,70,70,70,70,70,70,70,70,70,70,70,70,70,70,70,70,70],"relic_stats":{"Darkstone Periapt":0,"Torii":9,"counters":[21,77],"Snake Skull":[0],"Boot":[38],"MawBank":12,"Blood Vial":8,"Centennial Puzzle":[0],"Shuriken":[95],"Gambling Chip":[53],"MealTicket":0,"Black Star":3,"obtain_stats":[{"Potion Belt":44,"Darkstone Periapt":44,"NeowsBlessing":0,"Torii":23,"The Specimen":46,"Snake Skull":20,"Boot":26,"MawBank":27,"Blood Vial":40,"Centennial Puzzle":46,"Shuriken":8,"Gambling Chip":7,"Philosopher\u0027s Stone":17,"MealTicket":43,"CultistMask":12,"Black Star":34,"Toy Ornithopter":9,"Ring of the Snake":0,"Pocketwatch":40},{"Potion Belt":18,"Darkstone Periapt":18,"NeowsBlessing":0,"Torii":9,"The Specimen":20,"Snake Skull":7,"Boot":9,"MawBank":10,"Blood Vial":16,"Centennial Puzzle":20,"Shuriken":3,"Gambling Chip":3,"Philosopher\u0027s Stone":6,"MealTicket":17,"CultistMask":4,"Black Star":12,"Toy Ornithopter":3,"Ring of the Snake":0,"Pocketwatch":16},{"Potion Belt":73,"Darkstone Periapt":73,"NeowsBlessing":0,"Torii":43,"The Specimen":75,"Snake Skull":33,"Boot":43,"MawBank":48,"Blood Vial":70,"Centennial Puzzle":75,"Shuriken":3,"Gambling Chip":3,"Philosopher\u0027s Stone":28,"MealTicket":72,"CultistMask":4,"Black Star":57,"Toy Ornithopter":3,"Ring of the Snake":0,"Pocketwatch":70}],"Toy Ornithopter":20,"Ring of the Snake":[42],"Pocketwatch":[0]},"card_choices":[{"not_picked":["Dagger Spray","PiercingWail","Slice"],"picked":"SKIP","floor":1.0},{"not_picked":["Finisher","Cloak And Dagger"],"picked":"Backstab","floor":4.0},{"not_picked":["Blade Dance","Wraith Form v2","Outmaneuver"],"picked":"SKIP","floor":7.0},{"not_picked":["Cloak And Dagger","Dagger Throw","Endless Agony"],"picked":"SKIP","floor":11.0},{"not_picked":["Riddle With Holes","Quick Slash","Dagger Throw"],"picked":"SKIP","floor":13.0},{"not_picked":["Deadly Poison","Escape Plan+1"],"picked":"Blade Dance+1","floor":18.0},{"not_picked":["Dagger Throw","Quick Slash+1","Bane"],"picked":"SKIP","floor":22.0},{"not_picked":["Crippling Poison","Dash"],"picked":"Expertise","floor":23.0},{"not_picked":["Dodge and Roll","Caltrops"],"picked":"Acrobatics+1","floor":27.0},{"not_picked":["Cloak And Dagger+1","Deadly Poison+1"],"picked":"Escape Plan","floor":30.0},{"not_picked":["Adrenaline","Die Die Die"],"picked":"Grand Finale","floor":33.0},{"not_picked":["Choke+1","Dagger Throw","Dash+1"],"picked":"SKIP","floor":35.0},{"not_picked":["Bane+1","Quick Slash"],"picked":"Escape Plan+1","floor":38.0},{"not_picked":["Sucker Punch+1","Quick Slash+1","Poisoned Stab+1"],"picked":"SKIP","floor":39},{"not_picked":["Blade Dance+1","Crippling Poison+1"],"picked":"Reflex+1","floor":40},{"not_picked":["Dagger Spray+1","Flying Knee"],"picked":"Acrobatics+1","floor":42},{"not_picked":["Bouncing Flask","PiercingWail+1"],"picked":"Masterful Stab+1","floor":44},{"not_picked":["Choke","A Thousand Cuts"],"picked":"Terror","floor":45},{"not_picked":["Dagger Throw+1","Cloak And Dagger"],"picked":"Prepared+1","floor":46}],"player_experience":249694,"relics_obtained":[{"floor":7.0,"key":"Gambling Chip"},{"floor":9.0,"key":"Toy Ornithopter"},{"floor":23.0,"key":"Torii"},{"floor":26.0,"key":"Boot"},{"floor":27.0,"key":"MawBank"},{"floor":40,"key":"Pocketwatch"},{"floor":40,"key":"Blood Vial"},{"floor":43,"key":"MealTicket"},{"floor":44,"key":"Potion Belt"},{"floor":44,"key":"Darkstone Periapt"},{"floor":46,"key":"Centennial Puzzle"},{"floor":46,"key":"The Specimen"}],"event_choices":[{"cards_removed":["Strike_G"],"damage_healed":0.0,"max_hp_gain":0.0,"max_hp_loss":0.0,"gold_gain":0.0,"event_name":"Living Wall","player_choice":"Forget","floor":3.0,"gold_loss":0.0,"damage_taken":0.0},{"damage_healed":0.0,"max_hp_gain":0.0,"max_hp_loss":0.0,"gold_gain":175.0,"event_name":"Liars Game","player_choice":"AGREE","floor":5.0,"gold_loss":0.0,"damage_taken":0.0,"cards_obtained":["Doubt"]},{"damage_healed":0.0,"max_hp_gain":0.0,"max_hp_loss":0.0,"gold_gain":0.0,"event_name":"FaceTrader","player_choice":"Trade","floor":12.0,"gold_loss":0.0,"damage_taken":0.0,"relics_obtained":["CultistMask"]},{"damage_healed":0.0,"max_hp_gain":0.0,"max_hp_loss":0.0,"gold_gain":0.0,"event_name":"Accursed Blacksmith","player_choice":"Forge","floor":14.0,"gold_loss":0.0,"damage_taken":0.0,"cards_upgraded":["Survivor"]},{"cards_removed":["Doubt"],"damage_healed":0.0,"max_hp_gain":0.0,"max_hp_loss":0.0,"gold_gain":0.0,"event_name":"Back to Basics","player_choice":"Elegance","floor":19.0,"gold_loss":0.0,"damage_taken":0.0},{"damage_healed":0.0,"max_hp_gain":0.0,"max_hp_loss":0.0,"gold_gain":0.0,"event_name":"WeMeetAgain","player_choice":"Gave Potion","floor":20.0,"gold_loss":0.0,"damage_taken":0.0,"relics_obtained":["Snake Skull"]},{"cards_removed":["Strike_G"],"damage_healed":0.0,"max_hp_gain":0.0,"max_hp_loss":0.0,"gold_gain":0.0,"event_name":"Beggar","player_choice":"Gave Gold","floor":25.0,"gold_loss":75.0,"damage_taken":0.0},{"damage_healed":0.0,"max_hp_gain":0.0,"max_hp_loss":0.0,"gold_gain":0.0,"cards_transformed":["Defend_G"],"event_name":"Transmorgrifier","player_choice":"Transformed","floor":29.0,"gold_loss":0.0,"damage_taken":0.0,"cards_obtained":["Blade Dance"]},{"cards_removed":["Escape Plan"],"damage_healed":0.0,"max_hp_gain":0.0,"max_hp_loss":0.0,"gold_gain":0.0,"event_name":"Falling","player_choice":"Removed Skill","floor":36.0,"gold_loss":0.0,"damage_taken":0.0},{"damage_healed":0.0,"max_hp_gain":0.0,"max_hp_loss":0.0,"gold_gain":0.0,"event_name":"Duplicator","player_choice":"Copied","floor":37.0,"gold_loss":0.0,"damage_taken":0.0,"cards_obtained":["Acrobatics"]},{"damage_healed":39,"gold_gain":0,"player_choice":"Full Heal","damage_taken":0,"max_hp_gain":0,"max_hp_loss":0,"event_name":"Wheel of Change","floor":47,"gold_loss":0}],"is_beta":false,"boss_relics":[{"not_picked":["Ectoplasm","Fusion Hammer"],"picked":"Philosopher\u0027s Stone"},{"not_picked":["Busted Crown","Snecko Eye"],"picked":"Black Star"}],"items_purged_floors":[2,48],"is_endless":false,"potions_floor_spawned":[4,7,11,23,30,40,42,45],"ascension_level":9}}