{"host":"sav7uxregyirlf69","time":1611592112,"event":{"mods":["AchievementEnabler","BaseMod","Colored Map","DeckTracker","Keyboard Shortcuts","Minty Spire (QoL Compilation)","READ ME - Guardian Mod","StSLib","SuperFastMode"],"gold_per_floor":[17,33,46,46,64,81,1,17,67,80,80,130,130,161,161,236,236,253,253,6,6,17,17,17],"floor_reached":23,"language":"KOR","playtime":476,"items_purged":[],"score":386,"play_id":"65ef9265-da04-4ad2-bfe1-4aa35c28e2d3","local_time":"20210126012832","is_ascension_mode":true,"campfire_choices":[{"floor":13,"key":"REST"},{"data":"Capacitor","floor":15,"key":"SMITH"}],"circlet_count":0,"master_deck":["AscendersBane","Zap","Dualcast","Ball Lightning","Cold Snap","Go for the Eyes","Capacitor+1","Consume","Self Repair","Conserve Battery","Ball Lightning","Hologram","BootSequence","Leap","Leap","White Noise","Static Discharge","Seek","Turbo","Defragment","Auto Shields"],"relics":["Cracked Core","Ginger","Anchor","Calipers","Pandora\u0027s Box","Runic Capacitor","CultistMask"],"acts_visited":["Exordium","TheCity"],"potions_floor_usage":[14,16,22],"damage_taken":[{"damage":4.0,"enemies":"Jaw Worm","floor":1.0,"turns":4.0},{"damage":1,"enemies":"Cultist","floor":2,"turns":3},{"damage":22,"enemies":"2 Louse","floor":3,"turns":3},{"damage":2,"enemies":"Looter","floor":5,"turns":4},{"damage":8,"enemies":"3 Louse","floor":6,"turns":3},{"damage":14,"enemies":"Blue Slaver","floor":8,"turns":5},{"damage":8,"enemies":"Exordium Thugs","floor":10,"turns":5},{"damage":7,"enemies":"3 Sentries","floor":14,"turns":7},{"damage":33,"enemies":"The Guardian","floor":16,"turns":13},{"damage":44,"enemies":"2 Thieves","floor":18,"turns":5},{"damage":13,"enemies":"Spheric Guardian","floor":22,"turns":5},{"damage":23,"enemies":"3 Cultists","floor":23,"turns":3}],"seed_played":"1982699634074714808","potions_obtained":[{"floor":2,"key":"Strength Potion"},{"floor":10,"key":"LiquidMemories"},{"floor":16,"key":"SkillPotion"},{"floor":18,"key":"Weak Potion"},{"floor":22,"key":"Fire Potion"}],"is_trial":false,"path_per_floor":["M","M","M","?","M","M","$","M","T","M","?","?","R","E","R","B",null,"M","?","$","?","M","M"],"character_chosen":"DEFECT","items_purchased":["Self Repair","Runic Capacitor","Defragment"],"campfire_rested":1,"item_purchase_floors":[7,20,20],"current_hp_per_floor":[60,59,37,37,35,27,27,20,20,19,19,19,40,40,40,14,57,20,20,20,20,14,0,0],"gold":17,"neow_bonus":"ONE_RARE_RELIC","is_daily":false,"chose_seed":false,"campfire_upgraded":1,"win_rate":0.0,"timestamp":1611592112,"path_taken":["M","M","M","?","M","M","?","M","T","?","?","?","R","E","R","BOSS","M","?","$","?","?","M"],"items_purchased_type":["Card","Relic","Card"],"build_version":"2020-12-22","purchased_purges":0,"victory":false,"max_hp_per_floor":[71,71,71,71,71,71,71,71,71,71,71,71,71,71,71,71,71,71,71,71,71,71,71,71],"card_choices":[{"not_picked":["Streamline","Stack"],"picked":"Ball Lightning","floor":1},{"not_picked":["Barrage","Leap"],"picked":"Cold Snap","floor":2},{"not_picked":["Turbo","Rebound"],"picked":"Go for the Eyes","floor":3},{"not_picked":["Storm","Conserve Battery"],"picked":"Capacitor","floor":5},{"not_picked":["Doom and Gloom","Go for the Eyes"],"picked":"Consume","floor":6},{"not_picked":["Go for the Eyes","Reboot"],"picked":"Conserve Battery","floor":8},{"not_picked":["Self Repair","Beam Cell"],"picked":"Ball Lightning","floor":10},{"not_picked":["Beam Cell","Gash"],"picked":"Hologram","floor":14},{"not_picked":["Ball Lightning","Storm+1"],"picked":"Turbo","floor":18},{"not_picked":["White Noise","Gash"],"picked":"Auto Shields","floor":22}],"player_experience":1381813,"relics_obtained":[{"floor":9,"key":"Anchor"},{"floor":14,"key":"Calipers"}],"event_choices":[{"cards_removed":["Strike_B"],"damage_healed":0,"gold_gain":0,"player_choice":"Purged","damage_taken":0,"max_hp_gain":0,"max_hp_loss":0,"event_name":"Purifier","floor":4,"gold_loss":0},{"damage_healed":0,"gold_gain":0,"player_choice":"Ignored","damage_taken":0,"max_hp_gain":0,"max_hp_loss":0,"event_name":"Liars Game","floor":11,"gold_loss":0},{"damage_healed":0,"gold_gain":50,"player_choice":"Pray","damage_taken":0,"max_hp_gain":0,"max_hp_loss":0,"event_name":"Golden Shrine","floor":12,"gold_loss":0},{"cards_removed":["Streamline"],"damage_healed":0,"gold_gain":0,"player_choice":"Elegance","damage_taken":0,"max_hp_gain":0,"max_hp_loss":0,"event_name":"Back to Basics","floor":19,"gold_loss":0},{"damage_healed":0,"gold_gain":0,"player_choice":"Trade","damage_taken":0,"relics_obtained":["CultistMask"],"max_hp_gain":0,"max_hp_loss":0,"event_name":"FaceTrader","floor":21,"gold_loss":0}],"is_beta":false,"boss_relics":[{"not_picked":["Empty Cage","Runic Dome"],"picked":"Pandora\u0027s Box"}],"items_purged_floors":[],"is_endless":false,"potions_floor_spawned":[2,10,16,18,22],"killed_by":"3 Cultists","ascension_level":20}}