{"host":"appz8zkad29u9482","time":1611603288,"event":{"mods":["100% Spire Juice","2.2 Compatiblity","Act Like it!","Aspiration","Bard","BaseMod","Beaked The Cultist","Better Altar","Better Match","Better Note","Better Sensory Stone","Better Skull","Better Third Choice","BetterRewards","CapriCore","Conspire","Disable Question Mark Monsters","Energized Spire","GifTheSpireLib","Gold Saver","Halation","Hermit","Hubris","Jedi Mod","Marisa????????","Minty Spire (QoL Compilation)","Permanent Neow","Replay The Spire","Spicy Shops","Spire Arcade","StSLib","Strawberry Spire","Stuff the Spire","The Cursed","The Immortal","yUi"],"gold_per_floor":[765,260,260,260,456,456,491,491,491,516,533,515,525,535,535,734,734,751,284,284,296,314,348,362,362,386,159,159,159,185,202,202,301,301,311,311,311,311,327,327,342,342,342,370,385,411,411,411],"floor_reached":47,"language":"ENG","playtime":3067,"items_purged":["Spreading Infection","Regret"],"score":662,"play_id":"929e2f9f-0f56-44c9-885c-34cb8c99b51c","local_time":"20210125093448","is_ascension_mode":true,"campfire_choices":[{"floor":6.0,"key":"REST"},{"data":"beaked:MaddeningMurmurs","floor":8.0,"key":"SMITH"},{"data":"beaked:ScreechingChant","floor":15.0,"key":"SMITH"},{"data":"beaked:AwakenedForm","floor":25.0,"key":"SMITH"},{"data":"beaked:CrazyRituals","floor":28.0,"key":"SMITH"},{"data":"beaked:Insight","floor":32.0,"key":"SMITH"},{"data":"Demon Form","floor":40,"key":"SMITH"}],"circlet_count":0,"master_deck":["conspire:GhostlyStrike","conspire:GhostlyStrike","conspire:GhostlyStrike","conspire:GhostlyStrike","conspire:GhostlyStrike+1","conspire:GhostlyStrike","conspire:GhostlyDefend","conspire:GhostlyDefend","conspire:GhostlyDefend","conspire:GhostlyDefend","beaked:Ceremony","beaked:Ceremony","beaked:Ceremony","beaked:SurvivalInstinct","beaked:MaddeningMurmurs+1","ReplayTheSpireMod:Wings of Steel","beaked:DigDeep","ReplayTheSpireMod:Prepare the Ceremony","beaked:Insight+1","beaked:ScreechingChant+1","beaked:AwakenedForm+1","beaked:MachineSpirit+1","beaked:CrazyRituals+1","beaked:MachineSpirit+1","beaked:Evade+1","beaked:Hexing+1","beaked:WarriorEssence","hubris:NaturalOne","beaked:Overexert+1","beaked:Insight","beaked:DarkPact+1","Demon Form+1","ReplayTheSpireMod:Owlgaze+1","beaked:WildInstinct+1","beaked:CursingBlood+1","beaked:MimicWarrior+1","beaked:Caw","beaked:BraceForImpact+1","beaked:HuntressSpirit+1"],"relics":["beaked:MendingPlumage","Membership Card","Mummified Hand","White Beast Statue","conspire:TreasureMap","hubris:Icosahedron","Onion Ring","jedi:bottledfury","Bottled Flame","energizedSpire:RedRose","halation:Thesaurus","conspire:Flyswatter","halation:OrihimeAndHikoboshiSamaAndTears","Tiny Chest","Toxic Egg 2","Whetstone","StuffTheSpire:Mouthbags","hubris:EmptyBottle","aspiration:SeaSaltIceCream","m_ByrdBlood","halation:PinkSoulGem","Nunchaku","energizedSpire:OgreHead","hubris:Towel","halation:LettersToHer","Strawberry","Replay:Bottled Flurry","jedi:cryingmask"],"acts_visited":["Exordium","TheCity","TheBeyond"],"potions_floor_usage":[35,35,44,44],"damage_taken":[{"damage":19.0,"enemies":"Small Slimes","floor":1.0,"turns":4.0},{"damage":42.0,"enemies":"Gremlin Nob","floor":7.0,"turns":5.0},{"damage":18.0,"enemies":"Lagavulin","floor":10.0,"turns":5.0},{"damage":0.0,"enemies":"2 Louse","floor":11.0,"turns":1.0},{"damage":37.0,"enemies":"strawberrySpire:EnergyPylons","floor":12.0,"turns":7.0},{"damage":5.0,"enemies":"Cultist","floor":13.0,"turns":4.0},{"damage":0.0,"enemies":"Blue Slaver","floor":14.0,"turns":2.0},{"damage":64.0,"enemies":"Hexaghost","floor":16.0,"turns":11.0},{"damage":41.0,"enemies":"Spheric Guardian","floor":18.0,"turns":6.0},{"damage":65.0,"enemies":"2 Thieves","floor":21.0,"turns":5.0},{"damage":67.0,"enemies":"Centurion and Healer","floor":22.0,"turns":6.0},{"damage":25.0,"enemies":"Book of Stabbing","floor":23.0,"turns":6.0},{"damage":32.0,"enemies":"Sentry and Sphere","floor":24.0,"turns":5.0},{"damage":96.0,"enemies":"Gremlin Leader","floor":30.0,"turns":6.0},{"damage":34.0,"enemies":"Snake Plant","floor":31.0,"turns":5.0},{"damage":97.0,"enemies":"Automaton","floor":33.0,"turns":10.0},{"damage":71,"enemies":"3 Darklings","floor":35,"turns":5},{"damage":30,"enemies":"3 Shapes","floor":39,"turns":2},{"damage":25,"enemies":"Maw","floor":41,"turns":7},{"damage":69,"enemies":"strawberrySpire:EssenceStones","floor":44,"turns":3},{"damage":38,"enemies":"3 Darklings","floor":45,"turns":4}],"seed_played":"-226337466690557331","potions_obtained":[{"floor":7.0,"key":"BlessingOfTheForge"},{"floor":10.0,"key":"FearPotion"},{"floor":11.0,"key":"Milkshake"},{"floor":13.0,"key":"jedi:mysterypotion"},{"floor":14.0,"key":"Swift Potion"},{"floor":21.0,"key":"Energy Potion"},{"floor":23.0,"key":"Block Potion"},{"floor":24.0,"key":"SteroidPotion"},{"floor":35,"key":"Explosive Potion"},{"floor":44,"key":"Elixir"},{"floor":45,"key":"BlessingOfTheForge"}],"is_trial":false,"path_per_floor":["M","$","?","?","?","R","E","R","T","E","M","E","M","M","R","B",null,"M","$","?","M","M","E","M","R","T","$","R","?","E","M","R","B",null,"M","HB","?","T","M","R","M","?","T","E","M","T","M"],"character_chosen":"BEAKED_THE_CULTIST","items_purchased":["Membership Card","Mummified Hand","White Beast Statue","conspire:TreasureMap","beaked:MaddeningMurmurs","beaked:CrazyRituals","halation:Thesaurus","halation:OrihimeAndHikoboshiSamaAndTears","Tiny Chest","Toxic Egg 2","hubris:EmptyBottle","aspiration:SeaSaltIceCream","beaked:WarriorEssence"],"campfire_rested":1,"item_purchase_floors":[2,2,2,2,2,19,19,19,19,19,27,27,27],"current_hp_per_floor":[39,39,39,39,27,42,22,22,22,16,16,2,17,25,25,14,60,47,47,47,47,41,60,60,60,60,60,60,60,60,60,60,60,60,60,30,30,30,9,9,30,30,37,7,30,30,0,0],"gold":411,"neow_bonus":"THREE_RARE_CARDS","is_daily":false,"chose_seed":false,"campfire_upgraded":6,"win_rate":0.0,"timestamp":1611603288,"path_taken":["M","$","?","?","?","R","E","R","T","E","M","E","M","M","R","BOSS","M","$","?","M","M","E","M","R","T","$","R","?","E","M","R","BOSS","M","HB","?","?","?","R","M","?","T","E","?","?","M"],"items_purchased_type":["Relic","Relic","Relic","Relic","Card","Card","Relic","Relic","Relic","Relic","Relic","Relic","Card"],"build_version":"2020-12-22","purchased_purges":2,"victory":false,"max_hp_per_floor":[50,50,50,50,50,50,60,60,60,60,60,60,60,60,60,60,60,60,60,60,60,60,60,60,60,60,60,60,60,60,60,60,60,60,60,30,30,30,30,30,30,30,37,37,37,37,37,37],"card_choices":[{"not_picked":["beaked:ScreechingChant","beaked:FakeOut"],"picked":"beaked:WildInstinct","floor":0.0},{"not_picked":["beaked:TuckingFeathers","beaked:Mantra"],"picked":"beaked:SurvivalInstinct","floor":1.0},{"not_picked":["beaked:Redirect","beaked:Tweet"],"picked":"ReplayTheSpireMod:Wings of Steel","floor":5.0},{"not_picked":["beaked:TuckingFeathers","beaked:Brainwash","beaked:Overpower"],"picked":"SKIP","floor":7.0},{"not_picked":["ReplayTheSpireMod:Prepare the Ceremony","beaked:Cower"],"picked":"beaked:DigDeep","floor":10.0},{"not_picked":["beaked:Redirect","beaked:Molting","beaked:Daydream"],"picked":"SKIP","floor":11.0},{"not_picked":["beaked:Poke","beaked:SurvivalInstinct"],"picked":"ReplayTheSpireMod:Prepare the Ceremony","floor":12.0},{"not_picked":["beaked:DigDeep","beaked:FeelMyPain"],"picked":"beaked:Insight","floor":13.0},{"not_picked":["beaked:Tradeoff","beaked:FeelMyPain"],"picked":"beaked:ScreechingChant","floor":14.0},{"not_picked":["beaked:ScreechingChant","beaked:ShadowFade"],"picked":"beaked:AwakenedForm","floor":16.0},{"not_picked":["beaked:HuntressSpirit+1","beaked:Daydream"],"picked":"beaked:MachineSpirit+1","floor":18.0},{"not_picked":["beaked:Poke+1","beaked:FeelMyPain+1"],"picked":"beaked:Evade+1","floor":21.0},{"not_picked":["beaked:Recite+1","beaked:Tweet+1","beaked:SacrificialDive+1"],"picked":"SKIP","floor":22.0},{"not_picked":["beaked:StunningBlow","beaked:Poke+1","beaked:Windmill"],"picked":"SKIP","floor":23.0},{"not_picked":["beaked:Recite+1","beaked:Daydream+1"],"picked":"beaked:Hexing+1","floor":24.0},{"not_picked":["beaked:Windmill","beaked:SurvivalInstinct+1"],"picked":"beaked:Overexert+1","floor":30.0},{"not_picked":["beaked:Brace+1","Massacre"],"picked":"beaked:Insight","floor":31.0},{"not_picked":["beaked:Tweet+1","beaked:BloodRitual+1"],"picked":"beaked:CursingBlood+1","floor":35},{"not_picked":["beaked:SurvivalInstinct+1","beaked:DigDeeper+1"],"picked":"beaked:MimicWarrior+1","floor":39},{"not_picked":["beaked:Poke+1","beaked:DigDeep+1"],"picked":"beaked:Caw","floor":41},{"not_picked":["beaked:Brace+1","beaked:WildInstinct"],"picked":"beaked:BraceForImpact+1","floor":44},{"not_picked":["beaked:DigDeep+1","beaked:Mantra"],"picked":"beaked:HuntressSpirit+1","floor":45}],"player_experience":543908,"relics_obtained":[{"floor":7.0,"key":"Pear"},{"floor":9.0,"key":"Onion Ring"},{"floor":10.0,"key":"jedi:bottledfury"},{"floor":12.0,"key":"Bottled Flame"},{"floor":23.0,"key":"Whetstone"},{"floor":26.0,"key":"StuffTheSpire:Mouthbags"},{"floor":30.0,"key":"Nunchaku"},{"floor":38,"key":"halation:LettersToHer"},{"floor":43,"key":"halation:LettersToHer"},{"floor":43,"key":"Strawberry"},{"floor":44,"key":"Replay:Bottled Flurry"},{"floor":46,"key":"halation:LettersToHer"},{"floor":46,"key":"jedi:cryingmask"}],"event_choices":[{"damage_healed":0.0,"max_hp_gain":0.0,"max_hp_loss":0.0,"gold_gain":0.0,"event_name":"conspire:LoneGhost","player_choice":"Agree","floor":3.0,"gold_loss":0.0,"damage_taken":0.0},{"damage_healed":0,"gold_gain":0,"player_choice":"Bought 0 Potions","damage_taken":0,"max_hp_gain":0,"max_hp_loss":0,"event_name":"The Woman in Blue","floor":42,"gold_loss":0}],"is_beta":false,"boss_relics":[{"not_picked":["energizedSpire:DeadBattery","Busted Crown"],"picked":"energizedSpire:RedRose"},{"not_picked":["Fusion Hammer","halation:CatFaceCupcake"],"picked":"energizedSpire:OgreHead"}],"items_purged_floors":[2,27],"is_endless":false,"potions_floor_spawned":[7,10,11,12,13,14,16,18,21,22,23,24,30,31,33,35,39,41,44,45],"killed_by":"4 Shapes","ascension_level":1}}