{"host":"3qkmyeoym75lj4wn","time":1611608981,"event":{"mods":["2.2 Compatiblity","BaseMod","Block Reminder","Colored Powertips","Highlight Path","Minty Spire (QoL Compilation)","Permanent Neow","Potion Indicator Mod","Rare Cards Sparkle","Relic Stats","StSLib","Unceasing Turn Reminder"],"gold_per_floor":[116,266,277,107,107,134,154,12,39,39,50,76,76,19,19,98,98,116,28,28,28,46,46,72,89,170,170,170,188,188,188,188,188,188],"floor_reached":33,"language":"ENG","playtime":1363,"items_purged":["Doubt"],"score":542,"play_id":"c7ce8b53-0f26-41a2-b503-5344457398e3","local_time":"20210125210941","is_ascension_mode":true,"campfire_choices":[{"floor":10,"key":"REST"},{"data":"Defragment","floor":13,"key":"SMITH"},{"data":"Zap","floor":15,"key":"SMITH"},{"data":"Fission","floor":23,"key":"SMITH"},{"floor":27,"key":"REST"},{"data":"Go for the Eyes","floor":30,"key":"SMITH"},{"floor":32,"key":"REST"}],"circlet_count":0,"master_deck":["AscendersBane","Strike_B+1","Strike_B+1","Strike_B+1","Defend_B+1","Defend_B+1","Defend_B+1","Defend_B+1","Zap+1","Dualcast","Cold Snap","Darkness","Defragment+1","Ball Lightning","Genetic Algorithm","Bandage Up","Cold Snap","Leap","Fission+1","Go for the Eyes+1","Chill","Coolheaded","Hologram","Chill","Conserve Battery"],"relics":["Cracked Core","Toy Ornithopter","Bag of Preparation","Art of War","Bag of Marbles","Nuclear Battery","Emotion Chip","StrikeDummy"],"acts_visited":["Exordium","TheCity"],"potions_floor_usage":[12,16,33,33],"damage_taken":[{"damage":7,"enemies":"2 Louse","floor":1,"turns":3},{"damage":4,"enemies":"Cultist","floor":3,"turns":4},{"damage":18,"enemies":"Lagavulin","floor":6,"turns":6},{"damage":8,"enemies":"Small Slimes","floor":7,"turns":3},{"damage":16,"enemies":"3 Louse","floor":11,"turns":4},{"damage":22,"enemies":"3 Sentries","floor":12,"turns":7},{"damage":29,"enemies":"Slime Boss","floor":16,"turns":11},{"damage":7,"enemies":"3 Byrds","floor":18,"turns":5},{"damage":3,"enemies":"Chosen","floor":22,"turns":7},{"damage":26,"enemies":"Book of Stabbing","floor":24,"turns":7},{"damage":0,"enemies":"Centurion and Healer","floor":25,"turns":7},{"damage":15,"enemies":"3 Cultists","floor":29,"turns":6},{"damage":105,"enemies":"Collector","floor":33,"turns":16}],"seed_played":"7767201411099545997","potions_obtained":[{"floor":6,"key":"Strength Potion"},{"floor":16,"key":"BlessingOfTheForge"},{"floor":22,"key":"SpeedPotion"}],"is_trial":false,"path_per_floor":["M","?","M","$","?","E","M","$","T","R","M","E","R","$","R","B",null,"M","$","?","?","M","R","E","M","T","R","?","M","R","?","R","B"],"character_chosen":"DEFECT","items_purchased":["Defragment","Ball Lightning","Bandage Up","Cold Snap","FearPotion","Chill","Coolheaded"],"campfire_rested":3,"item_purchase_floors":[4,4,8,8,14,19,19],"current_hp_per_floor":[57,57,53,53,53,35,27,27,27,48,36,23,23,23,23,3,54,51,51,51,51,52,52,30,34,34,55,49,38,38,38,59,0,0],"gold":188,"neow_bonus":"RANDOM_COMMON_RELIC","is_daily":false,"chose_seed":false,"campfire_upgraded":4,"win_rate":0.0,"timestamp":1611608981,"path_taken":["M","?","M","$","?","E","?","$","T","R","?","E","R","?","R","BOSS","M","$","?","?","M","R","E","M","T","R","?","?","R","?","R","BOSS"],"items_purchased_type":["Card","Card","Card","Card","Potion","Card","Card"],"build_version":"2020-12-22","purchased_purges":1,"victory":false,"max_hp_per_floor":[71,71,71,71,71,71,71,71,71,71,71,71,71,71,71,71,71,71,71,71,71,71,71,71,71,71,71,71,71,71,71,71,71,71],"relic_stats":{"Emotion Chip":[20,6,12,2,0],"counters":[13,86],"Bag of Preparation":[20],"Art of War":[15],"obtain_stats":[{"Emotion Chip":24,"Bag of Preparation":6,"Art of War":9,"Bag of Marbles":12,"Cracked Core":0,"StrikeDummy":26,"Toy Ornithopter":0,"Nuclear Battery":17},{"Emotion Chip":10,"Bag of Preparation":3,"Art of War":4,"Bag of Marbles":6,"Cracked Core":0,"StrikeDummy":11,"Toy Ornithopter":0,"Nuclear Battery":7},{"Emotion Chip":57,"Bag of Preparation":13,"Art of War":16,"Bag of Marbles":27,"Cracked Core":0,"StrikeDummy":64,"Toy Ornithopter":0,"Nuclear Battery":38}],"Toy Ornithopter":20},"card_choices":[{"not_picked":["Rebound","Coolheaded"],"picked":"Cold Snap","floor":1},{"not_picked":["Coolheaded","Compile Driver"],"picked":"Darkness","floor":3},{"not_picked":["Rebound","Compile Driver"],"picked":"Genetic Algorithm","floor":6},{"not_picked":["Compile Driver","Turbo","Steam Power"],"picked":"SKIP","floor":7},{"not_picked":["Barrage","Aggregate","Rebound"],"picked":"SKIP","floor":11},{"not_picked":["Force Field","Barrage"],"picked":"Leap","floor":12},{"not_picked":["Hyperbeam","Seek"],"picked":"Fission","floor":16},{"not_picked":["Cold Snap","Steam"],"picked":"Go for the Eyes","floor":18},{"not_picked":["Compile Driver","Redo"],"picked":"Hologram","floor":22},{"not_picked":["Steam","Core Surge"],"picked":"Chill","floor":24},{"not_picked":["Coolheaded","Darkness"],"picked":"Conserve Battery","floor":25},{"not_picked":["Steam","Leap","Compile Driver"],"picked":"SKIP","floor":29}],"player_experience":1701424,"relics_obtained":[{"floor":6,"key":"Bag of Preparation"},{"floor":9,"key":"Art of War"},{"floor":12,"key":"Bag of Marbles"},{"floor":24,"key":"Emotion Chip"},{"floor":26,"key":"StrikeDummy"}],"event_choices":[{"damage_healed":0,"gold_gain":150,"player_choice":"AGREE","damage_taken":0,"max_hp_gain":0,"max_hp_loss":0,"event_name":"Liars Game","floor":2,"gold_loss":0,"cards_obtained":["Doubt"]},{"cards_removed":["Strike_B"],"damage_healed":0,"gold_gain":0,"player_choice":"Purged","damage_taken":0,"max_hp_gain":0,"max_hp_loss":0,"event_name":"Purifier","floor":5,"gold_loss":0},{"damage_healed":0,"gold_gain":0,"player_choice":"Simplicity","damage_taken":0,"max_hp_gain":0,"max_hp_loss":0,"event_name":"Back to Basics","floor":20,"gold_loss":0,"cards_upgraded":["Strike_B","Strike_B","Strike_B","Defend_B","Defend_B","Defend_B","Defend_B"]},{"damage_healed":0,"gold_gain":0,"player_choice":"Ignored","damage_taken":0,"max_hp_gain":0,"max_hp_loss":0,"event_name":"Cursed Tome","floor":21,"gold_loss":0},{"damage_healed":0,"gold_gain":0,"player_choice":"","damage_taken":6,"max_hp_gain":0,"max_hp_loss":0,"event_name":"Knowing Skull","floor":28,"potions_obtained":[],"gold_loss":0,"cards_obtained":[]},{"damage_healed":0,"gold_gain":0,"player_choice":"Ignored","damage_taken":0,"max_hp_gain":0,"max_hp_loss":0,"event_name":"Beggar","floor":31,"gold_loss":0}],"is_beta":false,"boss_relics":[{"not_picked":["Black Star","Busted Crown"],"picked":"Nuclear Battery"}],"items_purged_floors":[4],"is_endless":false,"potions_floor_spawned":[6,16,22],"killed_by":"Collector","ascension_level":20}}