{"host":"flash","time":1611585069,"event":{"mods":["ATMod(°¢èªMod)","Act Like it!","BaseMod","Jorbs\u0027s Wanderer Trilogy","Luminous","Minty Spire (QoL Compilation)","Shop Mod","StSLib","Td1madao Mod"],"gold_per_floor":[119,139,139,154,199,224,234,267,267,267,267,280,26,56,56,128,128,145,145,70,84,95,143,143,171,171,181,181,192,223,323,323,397,397,415,415,415,139,139,194,208,237,237,256,287,335,367,367,367,367],"floor_reached":51,"language":"ZHS","playtime":2446,"items_purged":["Strike_P","Strike_P"],"score":2057,"play_id":"27e527e4-dec6-4283-af5f-cac7777255f8","local_time":"20210125223109","is_ascension_mode":true,"campfire_choices":[{"data":"Protect","floor":10.0,"key":"SMITH"},{"data":"SpiritShield","floor":15.0,"key":"SMITH"},{"data":"AT_EssenceShift","floor":24.0,"key":"SMITH"},{"data":"AT_ChampionKick","floor":28.0,"key":"SMITH"},{"data":"Defend_P","floor":32,"key":"PURGE"},{"data":"DevaForm","floor":49,"key":"SMITH"}],"circlet_count":0,"master_deck":["AscendersBane","Strike_P","Defend_P","Defend_P","Eruption","Vigilance","AT_EssenceShift+1","Swivel","AT_RealFormLess","Protect+1","Wallop","WaveOfTheHand","SpiritShield+1","AT_ChampionKick+1","AT_ChampionKick","PathToVictory","Judgement","DevaForm+1","AT_FamilyPortrait","Master of Strategy","Madness","Madness","MentalFortress","LessonLearned+1","Sanctity+1"],"relics":["AT_ATBox","Snecko Eye","Happy Flower","Dead Branch","Eternal Feather","Letter Opener","AT_BellowingDragoncrestRing","Kunai","Sozu","Akabeko","Toy Ornithopter","Molten Egg 2","MealTicket","Peace Pipe","Ornamental Fan","Black Star","Membership Card","Bronze Scales","Thread and Needle","Oddly Smooth Stone","Juzu Bracelet","AT_ArchangelStaff","Meat on the Bone","Toxic Egg 2","Boot","AT_LudenTempest","Turnip","AT_ImmortalShieldbow","Regal Pillow"],"acts_visited":["Exordium","TheCity","TheBeyond"],"potions_floor_usage":[46,50],"damage_taken":[{"damage":0.0,"enemies":"Cultist","floor":1.0,"turns":4.0},{"damage":0.0,"enemies":"2 Louse","floor":2.0,"turns":1.0},{"damage":0.0,"enemies":"Small Slimes","floor":4.0,"turns":2.0},{"damage":0.0,"enemies":"Blue Slaver","floor":5.0,"turns":4.0},{"damage":9.0,"enemies":"Lagavulin","floor":6.0,"turns":9.0},{"damage":0.0,"enemies":"2 Fungi Beasts","floor":7.0,"turns":2.0},{"damage":4.0,"enemies":"3 Sentries","floor":8.0,"turns":9.0},{"damage":0.0,"enemies":"Looter","floor":12.0,"turns":2.0},{"damage":0.0,"enemies":"Gremlin Nob","floor":14.0,"turns":3.0},{"damage":0.0,"enemies":"Slime Boss","floor":16.0,"turns":7.0},{"damage":11.0,"enemies":"Spheric Guardian","floor":18.0,"turns":4.0},{"damage":12.0,"enemies":"Shell Parasite","floor":21.0,"turns":4.0},{"damage":0.0,"enemies":"Sentry and Sphere","floor":22.0,"turns":3.0},{"damage":0.0,"enemies":"Book of Stabbing","floor":23.0,"turns":5.0},{"damage":0.0,"enemies":"Slavers","floor":25.0,"turns":4.0},{"damage":0.0,"enemies":"3 Cultists","floor":27.0,"turns":3.0},{"damage":0.0,"enemies":"Chosen and Byrds","floor":29.0,"turns":3.0},{"damage":0.0,"enemies":"Gremlin Leader","floor":30.0,"turns":3.0},{"damage":0,"enemies":"Colosseum Slavers","floor":31,"turns":4},{"damage":6,"enemies":"Colosseum Nobs","floor":31,"turns":4},{"damage":0,"enemies":"Collector","floor":33,"turns":4},{"damage":0,"enemies":"3 Darklings","floor":35,"turns":4},{"damage":0,"enemies":"Nemesis","floor":40,"turns":5},{"damage":8,"enemies":"3 Shapes","floor":41,"turns":5},{"damage":0,"enemies":"Giant Head","floor":42,"turns":7},{"damage":0,"enemies":"3 Darklings","floor":44,"turns":3},{"damage":0,"enemies":"Nemesis","floor":45,"turns":5},{"damage":12,"enemies":"2 Orb Walkers","floor":46,"turns":4},{"damage":0,"enemies":"Reptomancer","floor":47,"turns":5},{"damage":5,"enemies":"Donu and Deca","floor":50,"turns":4}],"seed_played":"-4539105917832305554","potions_obtained":[{"floor":1.0,"key":"SteroidPotion"},{"floor":4.0,"key":"Strength Potion"},{"floor":7.0,"key":"Fire Potion"},{"floor":12.0,"key":"PowerPotion"}],"is_trial":false,"path_per_floor":["M","M","?","M","M","E","M","E","T","R","?","M","$","E","R","B",null,"M","?","$","M","M","E","R","E","T","M","R","M","E","?","R","B",null,"M","?","?","$","?","E","M","E","T","M","E","?","E","T","R","B",null],"character_chosen":"WATCHER","items_purchased":["AT_BellowingDragoncrestRing","Membership Card","Bronze Scales"],"campfire_rested":0,"item_purchase_floors":[13,38,38],"current_hp_per_floor":[61,61,61,61,61,52,52,48,48,57,57,57,57,57,66,66,68,57,57,57,45,45,45,57,57,57,57,68,68,68,62,68,68,68,68,58,58,68,56,56,56,56,56,56,56,49,49,49,64,63],"gold":367,"neow_bonus":"BOSS_RELIC","is_daily":false,"chose_seed":false,"campfire_upgraded":5,"win_rate":0.0,"timestamp":1611585069,"path_taken":["M","M","?","?","M","E","M","E","T","R","?","M","$","E","R","BOSS","M","?","$","M","M","E","R","E","T","M","R","M","E","?","R","BOSS","M","?","?","$","?","E","M","E","T","M","E","?","E","?","R","BOSS"],"items_purchased_type":["Relic","Relic","Relic"],"build_version":"2020-12-18","purchased_purges":2,"victory":true,"max_hp_per_floor":[68,68,68,68,68,68,68,68,68,68,68,68,68,68,68,68,68,68,68,68,68,68,68,68,68,68,68,68,68,68,68,68,68,68,68,68,68,68,68,68,68,68,68,68,68,68,68,68,68,68],"card_choices":[{"not_picked":["FlyingSleeves","Weave"],"picked":"Swivel","floor":1.0},{"not_picked":["Halt","ForeignInfluence"],"picked":"AT_RealFormLess","floor":2.0},{"not_picked":["CutThroughFate","Prostrate","Consecrate"],"picked":"SKIP","floor":4.0},{"not_picked":["ReachHeaven","EmptyBody"],"picked":"Protect","floor":5.0},{"not_picked":["Blasphemy","CutThroughFate","Prostrate"],"picked":"SKIP","floor":6.0},{"not_picked":["Nirvana","BowlingBash","EmptyBody"],"picked":"SKIP","floor":7.0},{"not_picked":["EmptyBody","Establishment","FlyingSleeves"],"picked":"SKIP","floor":8.0},{"not_picked":["Evaluate","Prostrate"],"picked":"WaveOfTheHand","floor":12.0},{"not_picked":["Alpha","Conclude"],"picked":"SpiritShield","floor":14.0},{"not_picked":["Devotion","SpiritShield"],"picked":"AT_ChampionKick","floor":16.0},{"not_picked":["Crescendo","Consecrate"],"picked":"Wallop","floor":18.0},{"not_picked":["ThirdEye","PathToVictory+1","SashWhip"],"picked":"SKIP","floor":21.0},{"not_picked":["Halt+1","CutThroughFate","Weave+1"],"picked":"SKIP","floor":22.0},{"not_picked":["JustLucky+1","FollowUp"],"picked":"Judgement","floor":23.0},{"not_picked":["JustLucky","CarveReality","FlyingSleeves"],"picked":"SKIP","floor":25.0},{"not_picked":["Consecrate+1","CutThroughFate+1","Crescendo"],"picked":"SKIP","floor":27.0},{"not_picked":["Consecrate+1","Wireheading","FlurryOfBlows+1"],"picked":"SKIP","floor":29.0},{"not_picked":["SashWhip+1","Prostrate","Devotion"],"picked":"SKIP","floor":30.0},{"not_picked":["Wish","Establishment"],"picked":"DevaForm","floor":33},{"not_picked":["AT_ChampionStep","Prostrate+1","Sanctity"],"picked":"SKIP","floor":35},{"not_picked":["Mind Blast+1","AT_PowerWithin"],"picked":"AT_FamilyPortrait","floor":36},{"not_picked":["AT_Homeward","Purity"],"picked":"Master of Strategy","floor":36},{"not_picked":["CutThroughFate+1","Sanctity+1","Vengeance"],"picked":"SKIP","floor":40},{"not_picked":["FlyingSleeves+1","BowlingBash+1","CarveReality+1"],"picked":"SKIP","floor":41},{"not_picked":["Prostrate+1","Tantrum+1","Indignation"],"picked":"SKIP","floor":42},{"not_picked":["EmptyFist+1","Crescendo+1"],"picked":"MentalFortress","floor":44},{"not_picked":["DeceiveReality+1","FollowUp+1"],"picked":"LessonLearned+1","floor":45},{"not_picked":["Meditate+1","AT_OneInchPunch+1"],"picked":"Sanctity+1","floor":47}],"player_experience":661629,"relics_obtained":[{"floor":6.0,"key":"Dead Branch"},{"floor":8.0,"key":"Eternal Feather"},{"floor":9.0,"key":"Letter Opener"},{"floor":14.0,"key":"Kunai"},{"floor":23.0,"key":"Akabeko"},{"floor":25.0,"key":"Toy Ornithopter"},{"floor":26.0,"key":"Molten Egg 2"},{"floor":30.0,"key":"MealTicket"},{"floor":31,"key":"Peace Pipe"},{"floor":31,"key":"Ornamental Fan"},{"floor":40,"key":"Thread and Needle"},{"floor":40,"key":"Oddly Smooth Stone"},{"floor":42,"key":"Juzu Bracelet"},{"floor":42,"key":"AT_ArchangelStaff"},{"floor":43,"key":"Meat on the Bone"},{"floor":45,"key":"Toxic Egg 2"},{"floor":45,"key":"Boot"},{"floor":46,"key":"AT_LudenTempest"},{"floor":47,"key":"Turnip"},{"floor":47,"key":"AT_ImmortalShieldbow"},{"floor":48,"key":"Regal Pillow"}],"event_choices":[{"damage_healed":0.0,"max_hp_gain":0.0,"max_hp_loss":0.0,"gold_gain":0.0,"event_name":"WeMeetAgain","player_choice":"Gave Potion","floor":3.0,"gold_loss":0.0,"damage_taken":0.0,"relics_obtained":["Happy Flower"]},{"damage_healed":0.0,"max_hp_gain":0.0,"max_hp_loss":0.0,"gold_gain":0.0,"event_name":"Match and Keep!","player_choice":"1 cards matched","floor":11.0,"gold_loss":0.0,"damage_taken":0.0,"cards_obtained":["Wallop"]},{"damage_healed":0.0,"max_hp_gain":0.0,"max_hp_loss":0.0,"gold_gain":0.0,"cards_transformed":["Strike_P","Defend_P"],"event_name":"Drug Dealer","player_choice":"Became Test Subject","floor":19.0,"gold_loss":0.0,"damage_taken":0.0,"cards_obtained":["AT_ChampionKick","PathToVictory"]},{"damage_healed":0,"gold_gain":0,"player_choice":"Fight","damage_taken":0,"max_hp_gain":0,"max_hp_loss":0,"event_name":"Colosseum","floor":31,"gold_loss":0},{"damage_healed":0,"gold_gain":0,"player_choice":"Fought Nobs","damage_taken":0,"max_hp_gain":0,"max_hp_loss":0,"event_name":"Colosseum","floor":31,"gold_loss":0},{"damage_healed":0,"gold_gain":0,"player_choice":"Memory 3","damage_taken":10,"max_hp_gain":0,"max_hp_loss":0,"event_name":"SensoryStone","floor":36,"gold_loss":0},{"cards_removed":["Wallop"],"damage_healed":0,"gold_gain":0,"player_choice":"Removed Attack","damage_taken":0,"max_hp_gain":0,"max_hp_loss":0,"event_name":"Falling","floor":37,"gold_loss":0},{"damage_healed":0,"gold_gain":0,"player_choice":"Embrace Madness","damage_taken":12,"max_hp_gain":0,"max_hp_loss":0,"event_name":"Winding Halls","floor":39,"gold_loss":0,"cards_obtained":["Madness","Madness"]},{"damage_healed":0,"gold_gain":0,"player_choice":"Fight","damage_taken":0,"max_hp_gain":0,"max_hp_loss":0,"event_name":"Mysterious Sphere","floor":46,"gold_loss":0}],"is_beta":true,"boss_relics":[{"not_picked":["Coffee Dripper","Astrolabe"],"picked":"Sozu"},{"not_picked":["Velvet Choker","Runic Dome"],"picked":"Black Star"}],"items_purged_floors":[20,38],"is_endless":false,"potions_floor_spawned":[1,4,7,12,21,22,27,29,30,33,41,42],"ascension_level":15}}