{"host":"kmbz9ox1244sqnmw","time":1611590011,"event":{"mods":["BaseMod","Downfall","Minty Spire (QoL Compilation)","StSLib"],"gold_per_floor":[99,115,132,36,48,48,48,63,163,181,214,214,227,244,256,256,256,256],"floor_reached":16,"language":"ENG","playtime":603,"items_purged":[],"score":131,"play_id":"6ac9b197-fb14-4599-afeb-cebbca2c57dc","local_time":"20210125075331","is_ascension_mode":false,"campfire_choices":[{"data":"bronze:Replicate","floor":1,"key":"SMITH"},{"data":"bronze:BugBarrage","floor":6,"key":"SMITH"},{"data":"bronze:Verify","floor":12,"key":"SMITH"}],"circlet_count":0,"master_deck":["bronze:Strike","bronze:Strike","bronze:Strike","bronze:Strike","bronze:Defend","bronze:Defend","bronze:Defend","bronze:Defend","bronze:Replicate+1","bronze:Goto","bronze:Invalidate","bronze:BugBarrage+1","bronze:BuggyMess","bronze:DigitalCarnage","bronze:Flail","bronze:Overload","bronze:BugBarrage","bronze:Verify+1","bronze:NullPointer","bronze:ShipIt"],"relics":["bronze:BronzeCore","Mummified Hand","Kunai"],"acts_visited":["Exordium"],"potions_floor_usage":[15,16,16,16],"damage_taken":[{"damage":0,"enemies":"2 Louse","floor":2,"turns":3},{"damage":6,"enemies":"Jaw Worm","floor":3,"turns":3},{"damage":10,"enemies":"downfall:FleeingMerchant","floor":4,"turns":4},{"damage":3,"enemies":"Small Slimes","floor":5,"turns":3},{"damage":6,"enemies":"3 Louse","floor":8,"turns":2},{"damage":0,"enemies":"Gremlin Gang","floor":10,"turns":1},{"damage":0,"enemies":"Lagavulin","floor":11,"turns":2},{"damage":3,"enemies":"Lots of Slimes","floor":13,"turns":2},{"damage":8,"enemies":"Blue Slaver","floor":14,"turns":3},{"damage":10,"enemies":"Exordium Wildlife","floor":15,"turns":3},{"damage":31,"enemies":"SI_SHIV_ARCHETYPE","floor":16,"turns":5}],"seed_played":"-3186333705053376284","potions_obtained":[{"floor":5,"key":"LiquidBronze"},{"floor":8,"key":"PowerPotion"},{"floor":10,"key":"FearPotion"},{"floor":15,"key":"AttackPotion"}],"is_trial":false,"path_per_floor":["R","M","M","$","M","R","T","M","?","M","E","R","M","M","M","B"],"character_chosen":"THE_AUTOMATON","items_purchased":["bronze:DigitalCarnage"],"campfire_rested":0,"item_purchase_floors":[4],"current_hp_per_floor":[77,77,71,61,58,58,58,52,52,52,52,52,49,41,31,0,0,0],"gold":256,"neow_bonus":"TEN_PERCENT_HP_BONUS","is_daily":false,"chose_seed":false,"campfire_upgraded":3,"win_rate":0.0,"timestamp":1611590011,"path_taken":["R","M","M","$","M","R","T","M","?","M","E","R","M","M","M","BOSS"],"items_purchased_type":["Card"],"build_version":"2020-12-22","purchased_purges":0,"victory":false,"max_hp_per_floor":[77,77,77,77,77,77,77,77,77,77,77,77,77,77,77,77,77,77],"card_choices":[{"not_picked":["bronze:Repulsor","bronze:BugBarrage"],"picked":"bronze:Invalidate","floor":2},{"not_picked":["bronze:BuggyMess","bronze:WhirlingStrike"],"picked":"bronze:BugBarrage","floor":3},{"not_picked":["bronze:Terminator","bronze:Shield"],"picked":"bronze:BuggyMess","floor":4},{"not_picked":["bronze:Separator","bronze:Allocate"],"picked":"bronze:Flail","floor":5},{"not_picked":["bronze:SpaghettiCode","bronze:FineTuning"],"picked":"bronze:Overload","floor":8},{"not_picked":["bronze:Allocate","bronze:Turbo"],"picked":"bronze:BugBarrage","floor":10},{"not_picked":["bronze:Allocate","bronze:BitShift"],"picked":"bronze:Verify","floor":11},{"not_picked":["bronze:FollowUp","bronze:Constructor"],"picked":"bronze:NullPointer","floor":13},{"not_picked":["bronze:WildBeam","bronze:Boost","bronze:Constructor"],"picked":"SKIP","floor":14},{"not_picked":["bronze:Allocate","bronze:Branch"],"picked":"bronze:ShipIt","floor":15}],"player_experience":608428,"relics_obtained":[{"floor":7,"key":"Mummified Hand"},{"floor":11,"key":"Kunai"}],"event_choices":[],"is_beta":false,"boss_relics":[],"items_purged_floors":[],"is_endless":false,"potions_floor_spawned":[5,8,10,15],"killed_by":"SI_SHIV_ARCHETYPE","ascension_level":0}}