{"host":"bq4pt811tk9yrmjl","time":1611601750,"event":{"mods":["AchievementEnabler","BaseMod","Colored Map","Colored Powertips","Defuse TimeMaze Blight","Hermit","Minty Spire (QoL Compilation)","StSLib","SuperFastMode"],"gold_per_floor":[112,112,123,123,140,166,166,166,166,197,197,216,232,251,251,352,352,363,75,98,98,71,71,0,19,100,100,100,115,315,315,315],"floor_reached":31,"language":"ENG","playtime":492,"items_purged":[],"score":278,"play_id":"1f39929c-2dbb-4871-81a0-c42854226ba8","local_time":"20210125170910","is_ascension_mode":true,"campfire_choices":[{"data":"Metallicize","floor":8,"key":"SMITH"},{"floor":11,"key":"REST"},{"floor":15,"key":"RECALL"},{"data":"Bash","floor":23,"key":"SMITH"},{"floor":28,"key":"REST"}],"circlet_count":0,"master_deck":["Strike_R","Strike_R","Defend_R","Defend_R","Defend_R","Defend_R","Bash+1","Cleave","Demon Form+1","Metallicize+1","Clash","Entrench+1","Body Slam+1","Combust+1"],"relics":["Burning Blood","NeowsBlessing","Bird Faced Urn","InkBottle","Smiling Mask","Astrolabe","PreservedInsect","PrismaticShard","MealTicket","Darkstone Periapt"],"acts_visited":["Exordium","TheCity"],"potions_floor_usage":[6,12,27,27,27],"damage_taken":[{"damage":0.0,"enemies":"Jaw Worm","floor":1.0,"turns":1.0},{"damage":0,"enemies":"Cultist","floor":3,"turns":1},{"damage":0,"enemies":"2 Louse","floor":5,"turns":1},{"damage":29,"enemies":"3 Sentries","floor":6,"turns":8},{"damage":22,"enemies":"Gremlin Nob","floor":10,"turns":5},{"damage":28,"enemies":"Gremlin Gang","floor":12,"turns":5},{"damage":9,"enemies":"Lots of Slimes","floor":13,"turns":3},{"damage":10,"enemies":"Blue Slaver","floor":14,"turns":5},{"damage":37,"enemies":"The Guardian","floor":16,"turns":11},{"damage":36,"enemies":"Spheric Guardian","floor":18,"turns":6},{"damage":32,"enemies":"2 Thieves","floor":22,"turns":5},{"damage":32,"enemies":"Chosen and Byrds","floor":25,"turns":7},{"damage":22,"enemies":"Slavers","floor":27,"turns":2},{"damage":3,"enemies":"Snecko","floor":29,"turns":6},{"damage":35,"enemies":"3 Cultists","floor":31,"turns":4}],"seed_played":"-5583364739499502123","potions_obtained":[{"floor":3,"key":"AttackPotion"},{"floor":10,"key":"AttackPotion"},{"floor":12,"key":"Dexterity Potion"},{"floor":18,"key":"SteroidPotion"},{"floor":25,"key":"SmokeBomb"}],"is_trial":false,"path_per_floor":["M","?","M","?","M","E","?","R","T","E","R","M","M","M","R","B",null,"M","$","T","$","M","R","?","M","T","E","R","M","?","M"],"character_chosen":"IRONCLAD","items_purchased":["PreservedInsect","PrismaticShard"],"campfire_rested":2,"item_purchase_floors":[19,19],"current_hp_per_floor":[80,73,79,79,80,59,59,59,59,47,71,53,52,52,52,25,80,52,52,52,67,45,45,45,25,25,9,33,42,42,11,11],"gold":315,"neow_bonus":"THREE_ENEMY_KILL","is_daily":false,"chose_seed":false,"campfire_upgraded":2,"win_rate":0.0,"timestamp":1611601750,"path_taken":["M","?","M","?","?","E","?","R","T","E","R","M","M","?","R","BOSS","M","$","?","$","M","R","?","M","T","E","R","M","?","?"],"items_purchased_type":["Relic","Relic"],"build_version":"2020-12-22","purchased_purges":0,"victory":false,"max_hp_per_floor":[80,80,80,80,80,80,80,80,80,80,80,80,80,80,80,80,80,80,80,80,80,80,80,80,80,80,80,80,80,80,80,80],"card_choices":[{"not_picked":["Warcry","Perfected Strike"],"picked":"Cleave","floor":1.0},{"not_picked":["Body Slam","Bloodletting"],"picked":"Demon Form","floor":3},{"not_picked":["Armaments","Dual Wield"],"picked":"Metallicize","floor":5},{"not_picked":["Headbutt","Pommel Strike","Dropkick"],"picked":"SKIP","floor":6},{"not_picked":["Battle Trance","Offering","Shrug It Off"],"picked":"SKIP","floor":10},{"not_picked":["Entrench","Hemokinesis","Pommel Strike"],"picked":"SKIP","floor":12},{"not_picked":["Warcry","Headbutt"],"picked":"Clash","floor":13},{"not_picked":["Havoc","Wild Strike","Dual Wield"],"picked":"SKIP","floor":14},{"not_picked":["Clash","Sword Boomerang","Flex"],"picked":"SKIP","floor":18},{"not_picked":["hermit:FullyLoaded","Body Slam","BattleHymn"],"picked":"SKIP","floor":22},{"not_picked":["Entrench","Trip+1","Sucker Punch"],"picked":"SKIP","floor":25},{"not_picked":["SashWhip","Acrobatics","Footwork"],"picked":"SKIP","floor":29}],"player_experience":248239,"relics_obtained":[{"floor":6,"key":"InkBottle"},{"floor":10,"key":"Smiling Mask"},{"floor":20,"key":"MealTicket"},{"floor":26,"key":"Darkstone Periapt"}],"event_choices":[{"damage_healed":0,"gold_gain":0,"player_choice":"Success","damage_taken":7,"relics_obtained":["Bird Faced Urn"],"max_hp_gain":0,"max_hp_loss":0,"event_name":"Scrap Ooze","floor":2,"gold_loss":0},{"damage_healed":0,"gold_gain":0,"player_choice":"Forge","damage_taken":0,"max_hp_gain":0,"max_hp_loss":0,"event_name":"Accursed Blacksmith","floor":4,"gold_loss":0,"cards_upgraded":["Demon Form"]},{"damage_healed":0,"gold_gain":0,"player_choice":"Ignored","damage_taken":0,"max_hp_gain":0,"max_hp_loss":0,"event_name":"Transmorgrifier","floor":7,"gold_loss":0},{"damage_healed":0,"gold_gain":0,"player_choice":"Paid Fearfully","damage_taken":0,"max_hp_gain":0,"max_hp_loss":0,"event_name":"Masked Bandits","floor":24,"gold_loss":71},{"damage_healed":0,"gold_gain":250,"player_choice":"Bet on Owner","damage_taken":0,"max_hp_gain":0,"max_hp_loss":0,"event_name":"The Joust","floor":30,"gold_loss":50}],"is_beta":false,"boss_relics":[{"not_picked":["Black Blood","SlaversCollar"],"picked":"Astrolabe"}],"items_purged_floors":[],"is_endless":false,"potions_floor_spawned":[3,10,12,18,25],"killed_by":"3 Cultists","ascension_level":1}}