{"host":"egwexuw5uvnxf11j","time":1611550562,"event":{"mods":["2.2 Compatiblity","Aspiration","BaseMod","Better Altar","Better Note","Better Sensory Stone","Better Third Choice","Displayed Cursed Tome","Downfall","Hermit","Key Reminder","Koishi","Marisa????????","Minty Spire (QoL Compilation)","Quick Restart","Shade Mod","Spicy Shops","StSLib","The Construct","The Cursed","The Hierophant","The Runesmith","The Senshi","The Servant 0.9.4","Transform Curses"],"gold_per_floor":[112,112,123,48,51,48,13,33,57,76,113,113,113,147,147,254,254,262,262,262,283,299,299,312,350,398,427,148,148,51,51,51,149,199,197,210,210,6,55,88,88,109,133,137,160,175,175,190,190,190],"floor_reached":51,"language":"ENG","playtime":2638,"items_purged":["hierophant:Defend_Hierophant","hierophant:Strike_Hierophant","hierophant:Strike_Hierophant"],"score":1129,"play_id":"c09db205-3bcf-4fe0-a6e9-86f59d00ed97","local_time":"20210124235602","is_ascension_mode":true,"campfire_choices":[{"floor":15,"key":"REST"},{"floor":23,"key":"REST"},{"data":"hierophant:Martyrdom","floor":29,"key":"SMITH"},{"data":"hierophant:Community","floor":32,"key":"SMITH"},{"floor":41,"key":"REST"},{"data":"hierophant:Upheaval","floor":49,"key":"SMITH"}],"circlet_count":0,"master_deck":["hierophant:Strike_Hierophant","hierophant:Strike_Hierophant","hierophant:Punish","hierophant:Defend_Hierophant","hierophant:ChurchCoffers","hierophant:Upheaval+1","Discovery","hierophant:OrnateBuckler","hierophant:HammerAndAnvil","hierophant:DivineIntervention","hierophant:Endure","hierophant:Sermon","hierophant:Anathema","hierophant:Martyrdom","hierophant:Batter","hierophant:Rebuild","hierophant:Smite","hierophant:Martyrdom+1","hierophant:Sermon","hierophant:PristineSoul","hierophant:Patience","hierophant:ThreeLashes","hierophant:Community+1","hierophant:Kindle","hierophant:Shelter","hierophant:PassingBell","hierophant:HammerAndAnvil+1","hierophant:Chorus","hierophant:Zeal+1","hierophant:Encroach+1","hierophant:MirrorShield+1","hierophant:Smite","hierophant:FieryStrike","Writhe","hierophant:FlamingChariot"],"relics":["hierophant:PropheticMaskRelic","Unceasing Top","PreservedInsect","Dream Catcher","Strawberry","keyreminder:keyreminder","FaceOfCleric","Shuriken","bronze:MakeshiftBattery","Eternal Feather","Oddly Smooth Stone","theSenshi:SailorFukuRelic","aspiration:FrozenJewel","Membership Card","Lee\u0027s Waffle","ClockworkSouvenir","Tiny House","Bronze Scales","Cauldron","Gambling Chip","aspiration:SeaSaltIceCream","WarpedTongs","Boot"],"acts_visited":["Exordium","TheCity","TheBeyond"],"potions_floor_usage":[10,14,14,16,16,21,24,27,33,38,39,40,48,50],"damage_taken":[{"damage":0,"enemies":"Small Slimes","floor":1,"turns":3},{"damage":7,"enemies":"Jaw Worm","floor":3,"turns":3},{"damage":0,"enemies":"Cultist","floor":5,"turns":3},{"damage":16,"enemies":"Gremlin Nob","floor":6,"turns":3},{"damage":11,"enemies":"Looter","floor":8,"turns":3},{"damage":33,"enemies":"Exordium Wildlife","floor":10,"turns":4},{"damage":0,"enemies":"3 Sentries","floor":11,"turns":2},{"damage":6,"enemies":"Gremlin Nob","floor":14,"turns":3},{"damage":0,"enemies":"Slime Boss","floor":16,"turns":2},{"damage":34,"enemies":"Shell Parasite","floor":18,"turns":2},{"damage":19,"enemies":"3 Byrds","floor":21,"turns":3},{"damage":1,"enemies":"Centurion and Healer","floor":22,"turns":3},{"damage":19,"enemies":"Snake Plant","floor":24,"turns":4},{"damage":22,"enemies":"Slavers","floor":25,"turns":3},{"damage":0,"enemies":"Gremlin Leader","floor":27,"turns":1},{"damage":40,"enemies":"Champ","floor":33,"turns":12},{"damage":1,"enemies":"3 Darklings","floor":35,"turns":5},{"damage":7,"enemies":"3 Shapes","floor":36,"turns":2},{"damage":20,"enemies":"2 Orb Walkers","floor":39,"turns":5},{"damage":0,"enemies":"Nemesis","floor":40,"turns":4},{"damage":7,"enemies":"Jaw Worm Horde","floor":42,"turns":2},{"damage":7,"enemies":"Writhing Mass","floor":44,"turns":4},{"damage":0,"enemies":"Sphere and 2 Shapes","floor":45,"turns":1},{"damage":20,"enemies":"Transient","floor":46,"turns":5},{"damage":7,"enemies":"Spire Growth","floor":48,"turns":3},{"damage":22,"enemies":"Awakened One","floor":50,"turns":5}],"seed_played":"2073239157338152952","potions_obtained":[{"floor":3,"key":"GamblersBrew"},{"floor":8,"key":"champ:CounterPotion"},{"floor":11,"key":"Block Potion"},{"floor":14,"key":"EntropicBrew"},{"floor":16,"key":"hexamod:SoulburnPotion"},{"floor":21,"key":"EssenceOfSteel"},{"floor":22,"key":"DuplicationPotion"},{"floor":27,"key":"Regen Potion"},{"floor":33,"key":"AttackPotion"},{"floor":34,"key":"construct:ShiftPotion"},{"floor":35,"key":"DuplicationPotion"},{"floor":38,"key":"Fruit Juice"},{"floor":38,"key":"Slimebound:ThreeZeroPotion"},{"floor":45,"key":"EssenceOfSteel"},{"floor":46,"key":"ColorlessPotion"},{"floor":48,"key":"AttackPotion"}],"is_trial":false,"path_per_floor":["M","?","M","$","M","E","?","M","T","M","E","?","?","E","R","B",null,"M","?","?","M","M","R","M","E","T","E","$","R","$","?","R","B",null,"M","M","?","$","?","E","R","M","T","M","M","M","?","M","R","B",null],"character_chosen":"HIEROPHANT","items_purchased":["Membership Card","Lee\u0027s Waffle","hierophant:ThreeLashes","hierophant:Community","ClockworkSouvenir","Bronze Scales","Cauldron","hierophant:Chorus"],"campfire_rested":3,"item_purchase_floors":[28,28,28,30,30,38,38,38],"current_hp_per_floor":[68,68,61,61,61,45,62,51,51,18,25,25,25,20,42,43,77,44,44,44,26,26,62,44,23,23,24,90,90,90,90,90,56,96,96,90,90,95,76,77,105,99,99,93,94,75,102,96,110,89],"gold":190,"neow_bonus":"ONE_RARE_RELIC","is_daily":false,"chose_seed":false,"campfire_upgraded":3,"win_rate":0.0,"timestamp":1611550562,"path_taken":["M","?","M","$","M","E","?","M","T","M","E","?","?","E","R","BOSS","M","?","?","M","M","R","M","E","T","E","$","R","?","?","R","BOSS","M","M","?","$","?","E","R","M","T","M","M","M","?","M","R","BOSS"],"items_purchased_type":["Relic","Relic","Card","Card","Relic","Relic","Relic","Card"],"build_version":"2020-12-22","purchased_purges":3,"victory":true,"max_hp_per_floor":[68,68,68,68,68,68,68,68,68,68,75,75,75,76,76,77,77,78,78,78,79,80,80,81,82,82,83,90,90,90,90,90,91,96,97,98,98,103,104,105,105,106,106,107,108,109,109,110,110,111],"card_choices":[{"not_picked":["hierophant:Encroach","hierophant:RustyCrate"],"picked":"hierophant:Upheaval","floor":1},{"not_picked":["Dark Shackles","Metamorphosis"],"picked":"Discovery","floor":2},{"not_picked":["hierophant:RustyCrate","hierophant:Mercenaries"],"picked":"hierophant:OrnateBuckler","floor":3},{"not_picked":["hierophant:Zeal","hierophant:RustyCrate"],"picked":"hierophant:HammerAndAnvil","floor":5},{"not_picked":["hierophant:Zeal","hierophant:HolyVerse"],"picked":"hierophant:DivineIntervention","floor":6},{"not_picked":["hierophant:Refuge","hierophant:SealAway"],"picked":"hierophant:Endure","floor":8},{"not_picked":["hierophant:PristineSoul","hierophant:SealAway"],"picked":"hierophant:Sermon","floor":10},{"not_picked":["hierophant:Encroach","hierophant:RepressedViolence"],"picked":"hierophant:Anathema","floor":11},{"not_picked":["hierophant:Prophecy","hierophant:AuricBeam","hierophant:Cornucopia"],"picked":"SKIP","floor":14},{"not_picked":["hierophant:Mercenaries","hierophant:DisplayOfPower"],"picked":"hierophant:Martyrdom","floor":15},{"not_picked":["hierophant:DivineIntervention","hierophant:AuricForm"],"picked":"hierophant:Batter","floor":16},{"not_picked":["hierophant:Doubloon","hierophant:MorningPrayer"],"picked":"hierophant:Rebuild","floor":18},{"not_picked":["hierophant:DisplayOfPower","hierophant:Sermon+1"],"picked":"hierophant:Smite","floor":21},{"not_picked":["hierophant:AuricBeam","hierophant:Bribe"],"picked":"hierophant:Martyrdom","floor":22},{"not_picked":["hierophant:HammerAndAnvil","hierophant:OrnateBuckler"],"picked":"hierophant:Sermon","floor":23},{"not_picked":["hierophant:Empathy+1","hierophant:AuricBeam+1","hierophant:DisplayOfPower"],"picked":"SKIP","floor":24},{"not_picked":["hierophant:Empathy","hierophant:OrnateJavelin"],"picked":"hierophant:PristineSoul","floor":25},{"not_picked":["hierophant:RepressedViolence","hierophant:Mercenaries"],"picked":"hierophant:Patience","floor":27},{"not_picked":["hierophant:WrathOfGod","hierophant:Levitation"],"picked":"hierophant:Kindle","floor":33},{"not_picked":["hierophant:MirrorShield","hierophant:Sermon"],"picked":"hierophant:Shelter","floor":34},{"not_picked":["hierophant:SecretStash","hierophant:SealAway+1"],"picked":"hierophant:PassingBell","floor":35},{"not_picked":["hierophant:Dazzle+1","hierophant:Shelter+1"],"picked":"hierophant:HammerAndAnvil+1","floor":36},{"not_picked":["hierophant:MorningPrayer+1","hierophant:Smite+1"],"picked":"hierophant:Zeal+1","floor":40},{"not_picked":["hierophant:Shelter","hierophant:RustyCrate+1"],"picked":"hierophant:Encroach+1","floor":42},{"not_picked":["hierophant:TollTheBells","hierophant:Upheaval+1"],"picked":"hierophant:MirrorShield+1","floor":44},{"not_picked":["hierophant:SecretStash","hierophant:Encroach"],"picked":"hierophant:Smite","floor":45},{"not_picked":["hierophant:Zeal+1","hierophant:CursedGold+1"],"picked":"hierophant:FieryStrike","floor":46},{"not_picked":["hierophant:AuricBeam","hierophant:OrnateBuckler"],"picked":"hierophant:FlamingChariot","floor":48}],"player_experience":2315183,"relics_obtained":[{"floor":6,"key":"PreservedInsect"},{"floor":9,"key":"Dream Catcher"},{"floor":11,"key":"Strawberry"},{"floor":14,"key":"Shuriken"},{"floor":25,"key":"Oddly Smooth Stone"},{"floor":26,"key":"theSenshi:SailorFukuRelic"},{"floor":27,"key":"aspiration:FrozenJewel"},{"floor":39,"key":"Gambling Chip"},{"floor":40,"key":"aspiration:SeaSaltIceCream"},{"floor":43,"key":"Boot"}],"event_choices":[{"damage_healed":0,"gold_gain":1,"player_choice":"1","damage_taken":0,"max_hp_gain":0,"max_hp_loss":0,"event_name":"betterStone:BetterStone","floor":2,"gold_loss":0},{"damage_healed":17,"gold_gain":0,"player_choice":"Healed","damage_taken":0,"max_hp_gain":0,"max_hp_loss":0,"event_name":"The Cleric","floor":7,"gold_loss":35},{"damage_healed":0,"gold_gain":0,"player_choice":"Ignored","damage_taken":0,"max_hp_gain":0,"max_hp_loss":0,"event_name":"Golden Wing","floor":12,"gold_loss":0},{"damage_healed":0,"gold_gain":0,"player_choice":"Trade","damage_taken":0,"relics_obtained":["FaceOfCleric"],"max_hp_gain":0,"max_hp_loss":0,"event_name":"FaceTrader","floor":13,"gold_loss":0},{"cards_removed":["hierophant:Defend_Hierophant"],"damage_healed":0,"gold_gain":0,"player_choice":"Elegance","damage_taken":0,"max_hp_gain":0,"max_hp_loss":0,"event_name":"betterThird:BetterWriting","floor":19,"gold_loss":0},{"damage_healed":0,"gold_gain":0,"player_choice":"Opened","damage_taken":0,"relics_obtained":["Eternal Feather"],"max_hp_gain":0,"max_hp_loss":0,"event_name":"The Mausoleum","floor":20,"gold_loss":0},{"damage_healed":0,"gold_gain":0,"player_choice":"Ignored","damage_taken":0,"max_hp_gain":0,"max_hp_loss":0,"event_name":"Vampires","floor":31,"gold_loss":0},{"cards_removed":["hierophant:Defend_Hierophant"],"damage_healed":0,"gold_gain":0,"player_choice":"Removed Skill","damage_taken":0,"max_hp_gain":0,"max_hp_loss":0,"event_name":"Falling","floor":37,"gold_loss":0},{"damage_healed":0,"gold_gain":0,"player_choice":"Fight","damage_taken":0,"max_hp_gain":0,"max_hp_loss":0,"event_name":"Mysterious Sphere","floor":39,"gold_loss":0},{"damage_healed":27,"gold_gain":0,"player_choice":"Writhe","damage_taken":0,"max_hp_gain":0,"max_hp_loss":0,"event_name":"Winding Halls","floor":47,"gold_loss":0,"cards_obtained":["Writhe"]}],"is_beta":false,"boss_relics":[{"not_picked":["aspiration:ServantSkillbook","aspiration:DefectSkillbook"],"picked":"bronze:MakeshiftBattery"},{"not_picked":["aspiration:SecretTechniqueScroll","Runic Pyramid"],"picked":"Tiny House"}],"items_purged_floors":[4,28,38],"is_endless":false,"potions_floor_spawned":[3,8,11,14,16,21,22,27,33,35,40,45,46,48],"ascension_level":4}}