{"host":"edndssuekvzbh3is","time":1611534175,"event":{"mods":["BaseMod","Colored Map","Colored Powertips","Minty Spire (QoL Compilation)","SuperFastMode"],"gold_per_floor":[216,234,252,264,79,110,110,110,110,145,159,159,171,171,171],"floor_reached":14,"language":"ENG","playtime":284,"items_purged":["Strike_R"],"score":148,"play_id":"8d6bd19e-1987-49f5-aef4-4028730f1458","local_time":"20210124192255","is_ascension_mode":true,"campfire_choices":[{"data":"Flame Barrier","floor":8,"key":"SMITH"},{"data":"True Grit","floor":12,"key":"SMITH"}],"circlet_count":0,"master_deck":["Strike_R","Strike_R","Strike_R","Strike_R","Defend_R","Defend_R","Defend_R","Defend_R","Bash","Cleave","Wild Strike","Barricade","Thunderclap","Flame Barrier+1","Bloodletting","Battle Trance","True Grit+1","Limit Break"],"relics":["Burning Blood","Akabeko","Pen Nib","Gremlin Horn"],"acts_visited":["Exordium"],"potions_floor_usage":[6,10,14],"damage_taken":[{"damage":7,"enemies":"Small Slimes","floor":1,"turns":3},{"damage":6,"enemies":"Cultist","floor":2,"turns":3},{"damage":1,"enemies":"2 Louse","floor":3,"turns":2},{"damage":7,"enemies":"Looter","floor":4,"turns":4},{"damage":16,"enemies":"Gremlin Nob","floor":6,"turns":3},{"damage":15,"enemies":"3 Sentries","floor":10,"turns":5},{"damage":11,"enemies":"Exordium Thugs","floor":11,"turns":4},{"damage":17,"enemies":"Large Slime","floor":13,"turns":5},{"damage":43,"enemies":"Lagavulin","floor":14,"turns":4}],"seed_played":"-7853189502020484172","potions_obtained":[{"floor":2,"key":"DuplicationPotion"},{"floor":4,"key":"ColorlessPotion"},{"floor":11,"key":"Ancient Potion"}],"is_trial":false,"path_per_floor":["M","M","M","M","$","E","?","R","T","E","M","R","M","E"],"character_chosen":"IRONCLAD","items_purchased":["Flame Barrier","DuplicationPotion"],"campfire_rested":0,"item_purchase_floors":[5,5],"current_hp_per_floor":[71,71,76,75,75,65,65,65,65,56,51,51,40,0,0],"gold":171,"neow_bonus":"HUNDRED_GOLD","is_daily":false,"chose_seed":false,"campfire_upgraded":2,"win_rate":0.0,"timestamp":1611534175,"path_taken":["M","M","M","M","$","E","?","R","T","E","?","R","M","E"],"items_purchased_type":["Card","Potion"],"build_version":"2020-12-22","purchased_purges":1,"victory":false,"max_hp_per_floor":[80,80,80,80,80,80,80,80,80,80,80,80,80,80,80],"card_choices":[{"not_picked":["Iron Wave","Sword Boomerang"],"picked":"Cleave","floor":1},{"not_picked":["Cleave","True Grit"],"picked":"Wild Strike","floor":2},{"not_picked":["Warcry","Cleave"],"picked":"Barricade","floor":3},{"not_picked":["Iron Wave","Perfected Strike"],"picked":"Thunderclap","floor":4},{"not_picked":["Whirlwind","Pummel"],"picked":"Bloodletting","floor":6},{"not_picked":["Wild Strike","Perfected Strike"],"picked":"Battle Trance","floor":10},{"not_picked":["Sword Boomerang","Anger"],"picked":"True Grit","floor":11},{"not_picked":["Iron Wave","Perfected Strike"],"picked":"Limit Break","floor":13}],"player_experience":329612,"relics_obtained":[{"floor":6,"key":"Akabeko"},{"floor":9,"key":"Pen Nib"},{"floor":10,"key":"Gremlin Horn"}],"event_choices":[{"damage_healed":0,"gold_gain":0,"player_choice":"Bought 0 Potions","damage_taken":0,"max_hp_gain":0,"max_hp_loss":0,"event_name":"The Woman in Blue","floor":7,"gold_loss":0}],"is_beta":false,"boss_relics":[],"items_purged_floors":[5],"is_endless":false,"potions_floor_spawned":[2,4,11],"killed_by":"Lagavulin","ascension_level":9}}