{"host":"p8f0otjoacyb9giz","time":1611603074,"event":{"mods":["AchievementEnabler","BaseMod","Downfall","Minty Spire (QoL Compilation)","StSLib"],"gold_per_floor":[99,112,130,145,130,147,147,247,272,272,272,172,190,221,231,326,326,326,341,357,100,113,123,123,453,466,466,492,292,292,305,316,420,420,420,420,420,420,268,282,282,308,308,308,318,350,350,362,374,374,374,402,250,250,250,250],"floor_reached":57,"language":"ENG","playtime":2466,"items_purged":[],"score":1727,"play_id":"39fca4c7-c541-41d8-a16a-9ab523b52b30","local_time":"20210125223114","is_ascension_mode":true,"campfire_choices":[{"data":"Slimebound:TagTeam","floor":1,"key":"SMITH"},{"floor":12,"key":"REST"},{"floor":18,"key":"RECALL"},{"data":"Slimebound:TagTeam","floor":29,"key":"SMITH"},{"data":"1","floor":35,"key":"LIFT"},{"data":"2","floor":43,"key":"LIFT"},{"data":"3","floor":47,"key":"LIFT"},{"floor":54,"key":"REST"}],"circlet_count":0,"master_deck":["Slimebound:Strike_Slimebound+1","Slimebound:Strike_Slimebound+1","Slimebound:Strike_Slimebound+1","Slimebound:Tackle+1","Slimebound:Defend_Slimebound+1","Slimebound:Defend_Slimebound+1","Slimebound:Defend_Slimebound+1","Slimebound:Defend_Slimebound+1","Slimebound:Split+1","Slimebound:CorrosiveSpit+1","Slimebound:TagTeam+1","Slimebound:SlimeTap+1","Slimebound:Repurpose+1","Slimebound:TagTeam+1","Slimebound:SplitSpecialist+1","Slimebound:LevelUp+1","Slimebound:ForwardTackle+1","Slimebound:LevelUp+1","Slimebound:SlimeBarrage+1","Slimebound:Teamwork+1","Slimebound:SlimeTap","Slimebound:SelfFormingGoo+1"],"relics":["Slimebound:AbsorbEndCombat","Gremlin Horn","Bottled Flame","Guardian:PocketSentry","Girya","Slimebound:TarBlob","Membership Card","downfall:RedIOU","Oddly Smooth Stone","Fusion Hammer","Blue Candle","champ:DuelingGlove","Frozen Egg 2","Darkstone Periapt","Vajra","Slimebound:AggressiveSlimeRelic","Bronze Scales","Bag of Marbles"],"acts_visited":["Exordium","TheCity","TheBeyond","TheEnding"],"potions_floor_usage":[16,50,56,56,56,56,56],"damage_taken":[{"damage":0,"enemies":"Cultist","floor":2,"turns":3},{"damage":0,"enemies":"Small Slimes","floor":3,"turns":2},{"damage":0,"enemies":"2 Louse","floor":4,"turns":2},{"damage":0,"enemies":"downfall:FleeingMerchant","floor":5,"turns":4},{"damage":6,"enemies":"Lots of Slimes","floor":6,"turns":2},{"damage":36,"enemies":"Gremlin Nob","floor":9,"turns":4},{"damage":0,"enemies":"Blue Slaver","floor":13,"turns":2},{"damage":3,"enemies":"3 Sentries","floor":14,"turns":4},{"damage":0,"enemies":"Red Slaver","floor":15,"turns":2},{"damage":27,"enemies":"WA_ARCHETYPE_RETAIN","floor":16,"turns":7},{"damage":0,"enemies":"Spheric Guardian","floor":19,"turns":3},{"damage":14,"enemies":"Centurion and Healer","floor":20,"turns":4},{"damage":12,"enemies":"downfall:FleeingMerchant","floor":21,"turns":4},{"damage":4,"enemies":"Shelled Parasite and Fungi","floor":22,"turns":3},{"damage":10,"enemies":"Snecko","floor":23,"turns":3},{"damage":11,"enemies":"downfall:FleeingMerchant","floor":25,"turns":4},{"damage":18,"enemies":"Snake Plant","floor":26,"turns":3},{"damage":16,"enemies":"Slavers","floor":28,"turns":4},{"damage":0,"enemies":"Cultist and Chosen","floor":31,"turns":4},{"damage":15,"enemies":"Chosen and Byrds","floor":32,"turns":3},{"damage":16,"enemies":"SI_MIRROR_ARCHETYPE","floor":33,"turns":8},{"damage":9,"enemies":"3 Shapes","floor":40,"turns":2},{"damage":0,"enemies":"Reptomancer","floor":42,"turns":3},{"damage":0,"enemies":"3 Darklings","floor":45,"turns":3},{"damage":0,"enemies":"Giant Head","floor":46,"turns":5},{"damage":2,"enemies":"Sphere and 2 Shapes","floor":48,"turns":2},{"damage":4,"enemies":"4 Shapes","floor":49,"turns":2},{"damage":5,"enemies":"IC_BLOCK_ARCHETYPE","floor":50,"turns":6},{"damage":49,"enemies":"downfall:CharBossMerchant","floor":52,"turns":6},{"damage":10,"enemies":"downfall:NeowBoss","floor":55,"turns":12},{"damage":52,"enemies":"downfall:NeowBossFinal","floor":56,"turns":9}],"seed_played":"-8151845742395242341","potions_obtained":[{"floor":4,"key":"ColorlessPotion"},{"floor":6,"key":"DistilledChaos"},{"floor":14,"key":"GamblersBrew"},{"floor":16,"key":"EntropicBrew"}],"is_trial":false,"path_per_floor":["R","M","M","M","$","M","T","?","E","?","?","R","M","E","M","B",null,"R","M","M","$","M","M","T","$","M","?","E","R","?","M","M","B",null,"R","?","$","?","$","M","T","E","R","?","M","E","R","M","M","B",null,"E","$","R","B","B",null],"character_chosen":"SLIMEBOUND","items_purchased":["Membership Card","Blood Vial","Slimebound:ForwardTackle","champ:DuelingGlove","Bronze Scales","Bag of Marbles"],"campfire_rested":2,"item_purchase_floors":[21,21,21,39,53,53],"current_hp_per_floor":[65,65,65,65,65,61,61,61,29,11,11,30,32,33,33,10,65,65,65,59,51,51,47,47,40,24,24,10,20,85,85,72,58,85,85,80,80,75,75,68,68,70,70,70,72,75,75,75,75,72,75,28,28,50,48,4],"gold":250,"neow_bonus":"ONE_RANDOM_RARE_CARD","is_daily":false,"chose_seed":false,"campfire_upgraded":2,"win_rate":0.0,"timestamp":1611603074,"path_taken":["R","M","M","M","$","M","T","?","E","?","?","R","M","E","M","BOSS","R","M","M","$","M","M","T","$","?","?","E","R","?","?","M","BOSS","R","?","$","?","$","M","T","E","R","?","M","E","R","M","M","BOSS","E","$","R","BOSS","BOSS"],"items_purchased_type":["Relic","Relic","Card","Relic","Relic","Relic"],"build_version":"2020-12-22","purchased_purges":0,"victory":true,"max_hp_per_floor":[65,65,65,65,65,65,65,65,65,65,65,65,65,65,65,65,65,65,65,65,65,65,65,65,65,65,65,65,75,85,85,85,85,85,85,85,85,75,75,75,75,75,75,75,75,75,75,75,75,75,75,75,75,75,75,75],"card_choices":[{"not_picked":["Slimebound:GrowthPunch","Slimebound:Schlurp"],"picked":"Slimebound:SlimeTap","floor":2},{"not_picked":["Slimebound:HungryTackle","Slimebound:Nibble","Slimebound:GoopTackle"],"picked":"SKIP","floor":3},{"not_picked":["Slimebound:HauntingLick","Slimebound:DivideAndConquer","Slimebound:ItLooksTasty"],"picked":"SKIP","floor":4},{"not_picked":["Slimebound:Equalize","Slimebound:Dissolve","Slimebound:SplitLeeching"],"picked":"SKIP","floor":5},{"not_picked":["Slimebound:ComboTackle","Slimebound:SlimeBrawl","Slimebound:HauntingLick"],"picked":"SKIP","floor":6},{"not_picked":["Slimebound:ComboTackle","Slimebound:SlimeBrawl","Slimebound:AcidTongue"],"picked":"SKIP","floor":9},{"not_picked":["Slimebound:Prepare","Slimebound:ItLooksTasty"],"picked":"Slimebound:Repurpose","floor":13},{"not_picked":["Slimebound:Prepare","Slimebound:RollThrough","Slimebound:Schlurp"],"picked":"SKIP","floor":14},{"not_picked":["Slimebound:SamplingLick","Slimebound:RainOfGoop","Slimebound:Nibble"],"picked":"SKIP","floor":15},{"not_picked":["Slimebound:DuplicatedForm","Slimebound:SlimeSlap"],"picked":"Slimebound:TagTeam","floor":16},{"not_picked":["Slimebound:LeechingTouch","Slimebound:Schlurp"],"picked":"Slimebound:SplitSpecialist","floor":19},{"not_picked":["Slimebound:GoopTackle","Slimebound:RollThrough"],"picked":"Slimebound:LevelUp","floor":20},{"not_picked":["Slimebound:Grow+1","Slimebound:HauntingLick"],"picked":"Slimebound:TagTeam","floor":21},{"not_picked":["Slimebound:Nibble","Slimebound:MegaLick","Slimebound:Chomp"],"picked":"SKIP","floor":22},{"not_picked":["Slimebound:Schlurp","Slimebound:ComboTackle"],"picked":"Slimebound:LevelUp","floor":23},{"not_picked":["Slimebound:RollThrough","Slimebound:ItLooksTasty+1","Slimebound:SplitAcid"],"picked":"SKIP","floor":25},{"not_picked":["Slimebound:RejuvenatingLick+1","Slimebound:GoopTackle","Slimebound:RollThrough"],"picked":"SKIP","floor":26},{"not_picked":["Slimebound:LeadByExample","Slimebound:Replication+1"],"picked":"Slimebound:SlimeBarrage","floor":28},{"not_picked":["Slimebound:Equalize","Slimebound:SlimeSlap","Slimebound:Prepare+1"],"picked":"SKIP","floor":31},{"not_picked":["Slimebound:ItLooksTasty","Slimebound:SplitLeeching","Slimebound:LeechEnergy"],"picked":"SKIP","floor":32},{"not_picked":["Slimebound:SelfFormingGoo","Slimebound:DuplicatedForm"],"picked":"Slimebound:Teamwork","floor":33},{"not_picked":["Slimebound:SlimeTap","Slimebound:LivingWall+1","Slimebound:FinishingTackle"],"picked":"SKIP","floor":40},{"not_picked":["Slimebound:LivingWall+1","Slimebound:FinishingTackle"],"picked":"Slimebound:SlimeTap","floor":40},{"not_picked":["Slimebound:Gluttony+1","Slimebound:SplitMire+1","Slimebound:PressTheAttack"],"picked":"SKIP","floor":42},{"not_picked":["Slimebound:SplitLeeching+1","Slimebound:Prepare+1","Slimebound:GoopTackle+1"],"picked":"SKIP","floor":45},{"not_picked":["Slimebound:ViciousTackle","Slimebound:SplitBruiser","Slimebound:Gluttony+1"],"picked":"SKIP","floor":46},{"not_picked":["Slimebound:LeechEnergy","Slimebound:Repurpose","Slimebound:GoopSpray"],"picked":"SKIP","floor":48},{"not_picked":["Slimebound:LevelUp+1","Slimebound:PressTheAttack+1","Slimebound:LivingWall"],"picked":"SKIP","floor":49},{"not_picked":["Slimebound:FinishingTackle+1","Slimebound:LeechEnergy+1"],"picked":"Slimebound:SelfFormingGoo+1","floor":52}],"player_experience":402187,"relics_obtained":[{"floor":7,"key":"Gremlin Horn"},{"floor":9,"key":"Bottled Flame"},{"floor":14,"key":"Girya"},{"floor":28,"key":"Oddly Smooth Stone"},{"floor":41,"key":"Frozen Egg 2"},{"floor":42,"key":"Darkstone Periapt"},{"floor":46,"key":"Vajra"},{"floor":52,"key":"Slimebound:AggressiveSlimeRelic"}],"event_choices":[{"damage_healed":0,"gold_gain":0,"player_choice":"Success","damage_taken":18,"relics_obtained":["Guardian:PocketSentry"],"max_hp_gain":0,"max_hp_loss":0,"event_name":"Scrap Ooze","floor":10,"gold_loss":0},{"cards_removed":["Slimebound:TagTeam"],"damage_healed":55,"gold_gain":0,"player_choice":"Offered Rare","damage_taken":0,"max_hp_gain":10,"max_hp_loss":0,"event_name":"Bonfire Elementals","floor":30,"gold_loss":0}],"is_beta":false,"boss_relics":[{"not_picked":["SlaversCollar","Runic Dome"],"picked":"Slimebound:TarBlob"},{"not_picked":["Slimebound:AbsorbEndCombatUpgraded","Runic Pyramid"],"picked":"Fusion Hammer"}],"items_purged_floors":[],"is_endless":false,"potions_floor_spawned":[4,6,14,16,19,20,23,26,32,46],"ascension_level":3}}