{"host":"j4g6ia6asvpyu2b0","time":1611579931,"event":{"mods":["BaseMod","Colored Map","Minty Spire (QoL Compilation)","Permanent Neow","Quick Restart","Relic Stats","StSLib","Unceasing Turn Reminder"],"gold_per_floor":[115,131,53,68,68,100,100,133,197,244,256,268,309,471,483,569,581,610,537,308,358,171,171,171,188,188,221,221,256,256,276,276,354,354,373,373,722,734,581,581,613,631,631,631,453,479,479,490,490,490,490,490,17,50,50],"floor_reached":56,"language":"ENG","playtime":2306,"items_purged":["Doubt","Strike_B","Strike_B","Strike_B"],"score":2353,"play_id":"a3468f16-1fda-4138-9b08-387d5ca725ed","local_time":"20210125060531","is_ascension_mode":true,"campfire_choices":[{"data":"Zap","floor":7.0,"key":"SMITH"},{"floor":11.0,"key":"REST"},{"data":"Capacitor","floor":15.0,"key":"SMITH"},{"data":"Electrodynamics","floor":23.0,"key":"SMITH"},{"floor":28.0,"key":"REST"},{"floor":30.0,"key":"REST"},{"floor":32.0,"key":"REST"},{"data":"Seek","floor":40.0,"key":"SMITH"},{"floor":47,"key":"RECALL"},{"data":"Loop","floor":49,"key":"SMITH"},{"data":"Darkness","floor":52,"key":"SMITH"}],"circlet_count":0,"master_deck":["AscendersBane","Defend_B","Defend_B","Defend_B","Defend_B+1","Zap+1","Dualcast","Conserve Battery+1","Genetic Algorithm","Capacitor+1","Consume+1","Echo Form","Seek+1","Darkness+1","Echo Form","Compile Driver+1","Electrodynamics+1","Sunder+1","Coolheaded","Glacier+1","Thunder Strike+1","Reinforced Body","Electrodynamics","Apotheosis","Undo","Loop+1","Loop+1","Heatsinks","Machine Learning"],"relics":["Cracked Core","Bird Faced Urn","Molten Egg 2","MawBank","Potion Belt","Pen Nib","Strawberry","Snecko Eye","Darkstone Periapt","Runic Capacitor","Pantograph","Singing Bowl","InkBottle","Coffee Dripper","Old Coin","Toy Ornithopter","Prayer Wheel","PreservedInsect","Mummified Hand","War Paint"],"acts_visited":["Exordium","TheCity","TheBeyond","TheEnding"],"potions_floor_usage":[55,55,55,55],"damage_taken":[{"damage":0.0,"enemies":"Small Slimes","floor":1.0,"turns":4.0},{"damage":4.0,"enemies":"2 Louse","floor":2.0,"turns":3.0},{"damage":0.0,"enemies":"Jaw Worm","floor":4.0,"turns":5.0},{"damage":25.0,"enemies":"Lagavulin","floor":6.0,"turns":7.0},{"damage":32.0,"enemies":"Gremlin Nob","floor":8.0,"turns":4.0},{"damage":15.0,"enemies":"Lagavulin","floor":10.0,"turns":6.0},{"damage":15.0,"enemies":"3 Sentries","floor":13.0,"turns":7.0},{"damage":23.0,"enemies":"Hexaghost","floor":16.0,"turns":9.0},{"damage":13.0,"enemies":"Spheric Guardian","floor":18.0,"turns":4.0},{"damage":12.0,"enemies":"3 Byrds","floor":25.0,"turns":2.0},{"damage":28.0,"enemies":"Gremlin Leader","floor":27.0,"turns":4.0},{"damage":42.0,"enemies":"Book of Stabbing","floor":29.0,"turns":4.0},{"damage":11.0,"enemies":"Shelled Parasite and Fungi","floor":31.0,"turns":4.0},{"damage":0.0,"enemies":"Champ","floor":33.0,"turns":10.0},{"damage":4.0,"enemies":"Orb Walker","floor":35.0,"turns":2.0},{"damage":32.0,"enemies":"2 Orb Walkers","floor":37.0,"turns":4.0},{"damage":0.0,"enemies":"3 Shapes","floor":38.0,"turns":4.0},{"damage":19.0,"enemies":"Nemesis","floor":41.0,"turns":9.0},{"damage":10.0,"enemies":"3 Darklings","floor":42.0,"turns":4.0},{"damage":0,"enemies":"Reptomancer","floor":46,"turns":6},{"damage":0,"enemies":"Maw","floor":48,"turns":4},{"damage":9,"enemies":"Donu and Deca","floor":50,"turns":7},{"damage":37,"enemies":"Shield and Spear","floor":54,"turns":6},{"damage":78,"enemies":"The Heart","floor":55,"turns":9}],"seed_played":"-9119756105439785660","potions_obtained":[{"floor":1.0,"key":"Strength Potion"},{"floor":4.0,"key":"Regen Potion"},{"floor":10.0,"key":"LiquidBronze"},{"floor":16.0,"key":"SpeedPotion"},{"floor":27.0,"key":"SteroidPotion"},{"floor":29.0,"key":"Explosive Potion"},{"floor":35.0,"key":"Dexterity Potion"},{"floor":38.0,"key":"Ancient Potion"}],"is_trial":false,"path_per_floor":["M","M","$","M","?","E","R","E","T","E","R","?","E","?","R","B",null,"M","?","$","?","$","R","T","M","T","E","R","E","R","M","R","B",null,"M","?","?","M","$","R","E","M","T","?","$","E","R","M","R","B",null,"R","$","E","B",null],"character_chosen":"DEFECT","items_purchased":["Capacitor","Electrodynamics","Sunder+1","Runic Capacitor","Coolheaded","FocusPotion","PowerPotion","Mummified Hand","Heatsinks"],"campfire_rested":4,"item_purchase_floors":[3,20,20,22,22,39,45,53,53],"current_hp_per_floor":[64,60,60,62,62,39,39,11,11,17,36,29,25,25,25,8,55,48,48,48,48,48,48,48,38,38,18,39,11,32,27,48,73,73,75,75,45,61,61,61,58,60,60,60,60,74,74,81,81,81,81,81,81,62,16],"gold":50,"neow_bonus":"ONE_RARE_RELIC","is_daily":false,"chose_seed":false,"campfire_upgraded":6,"win_rate":0.0,"timestamp":1611579931,"path_taken":["M","M","$","M","?","E","R","E","T","E","R","?","E","?","R","BOSS","M","?","$","?","$","R","?","M","T","E","R","E","R","M","R","BOSS","M","?","?","M","$","R","E","M","T","?","$","E","R","?","R","BOSS","R","$","E","BOSS"],"items_purchased_type":["Card","Card","Card","Relic","Card","Potion","Potion","Relic","Card"],"build_version":"2020-12-22","purchased_purges":4,"victory":true,"max_hp_per_floor":[64,64,64,64,64,64,64,64,64,64,64,64,71,71,71,71,71,71,71,71,71,71,71,71,71,71,73,73,73,73,73,73,73,73,75,75,75,75,75,75,75,77,77,77,77,79,79,81,81,81,81,81,81,81,81],"relic_stats":{"Darkstone Periapt":0,"Singing Bowl":10,"counters":[24,128],"Pen Nib":[8],"PreservedInsect":77,"War Paint":["Defend_B","Conserve Battery"],"MawBank":144,"Mummified Hand":[46],"Bird Faced Urn":[163],"Pantograph":44,"Snecko Eye":[150,157,138,146],"Prayer Wheel":1,"obtain_stats":[{"Potion Belt":9,"Darkstone Periapt":19,"Singing Bowl":27,"Pen Nib":10,"PreservedInsect":46,"Runic Capacitor":22,"War Paint":54,"MawBank":8,"Old Coin":37,"Mummified Hand":53,"Bird Faced Urn":0,"Strawberry":13,"Pantograph":24,"Snecko Eye":17,"Molten Egg 2":6,"Prayer Wheel":43,"Coffee Dripper":34,"Cracked Core":0,"InkBottle":29,"Toy Ornithopter":41},{"Potion Belt":5,"Darkstone Periapt":9,"Singing Bowl":11,"Pen Nib":6,"PreservedInsect":20,"Runic Capacitor":9,"War Paint":23,"MawBank":5,"Old Coin":16,"Mummified Hand":22,"Bird Faced Urn":0,"Strawberry":7,"Pantograph":9,"Snecko Eye":8,"Molten Egg 2":4,"Prayer Wheel":19,"Coffee Dripper":14,"Cracked Core":0,"InkBottle":12,"Toy Ornithopter":18},{"Potion Belt":23,"Darkstone Periapt":49,"Singing Bowl":55,"Pen Nib":29,"PreservedInsect":102,"Runic Capacitor":49,"War Paint":119,"MawBank":23,"Old Coin":79,"Mummified Hand":113,"Bird Faced Urn":0,"Strawberry":36,"Pantograph":49,"Snecko Eye":45,"Molten Egg 2":19,"Prayer Wheel":96,"Coffee Dripper":73,"Cracked Core":0,"InkBottle":59,"Toy Ornithopter":92}],"InkBottle":[32],"Toy Ornithopter":0},"card_choices":[{"not_picked":["Steam","Beam Cell"],"picked":"Conserve Battery","floor":1.0},{"not_picked":["Compile Driver","Stack"],"picked":"Genetic Algorithm","floor":2.0},{"not_picked":["Rebound","Barrage"],"picked":"Consume","floor":4.0},{"not_picked":["Ball Lightning+1","Seek"],"picked":"Echo Form","floor":6.0},{"not_picked":["Rebound+1","Stack","Genetic Algorithm"],"picked":"SKIP","floor":8.0},{"not_picked":["Fusion","Coolheaded"],"picked":"Seek","floor":10.0},{"not_picked":["Rip and Tear+1","Reprogram"],"picked":"Darkness","floor":13.0},{"not_picked":["Multi-Cast","Seek"],"picked":"Echo Form","floor":16.0},{"not_picked":["Gash+1","Hello World+1"],"picked":"Compile Driver+1","floor":18.0},{"not_picked":["Hello World","Conserve Battery"],"picked":"Glacier+1","floor":25.0},{"not_picked":["Reboot","Compile Driver+1","Redo"],"picked":"Singing Bowl","floor":27.0},{"not_picked":["Hologram","Streamline+1"],"picked":"Thunder Strike+1","floor":29.0},{"not_picked":["Hologram","Coolheaded"],"picked":"Reinforced Body","floor":31.0},{"not_picked":["Thunder Strike+1","Seek"],"picked":"Electrodynamics","floor":33.0},{"not_picked":["Redo+1","Steam","Static Discharge"],"picked":"Singing Bowl","floor":35.0},{"not_picked":["Impatience","Enlightenment"],"picked":"Apotheosis","floor":36.0},{"not_picked":["Rebound+1","Hologram"],"picked":"Reinforced Body","floor":37.0},{"not_picked":["Cold Snap+1","Hologram+1"],"picked":"Undo","floor":38.0},{"not_picked":["Cold Snap+1","Go for the Eyes+1"],"picked":"Loop+1","floor":41.0},{"not_picked":["Gash+1","Aggregate","Coolheaded"],"picked":"Singing Bowl","floor":42.0},{"not_picked":["Genetic Algorithm","Steam","Sweeping Beam+1"],"picked":"Singing Bowl","floor":46},{"not_picked":["Stack","Turbo","Conserve Battery"],"picked":"Singing Bowl","floor":48},{"not_picked":["Genetic Algorithm","Rebound+1"],"picked":"Loop","floor":48},{"not_picked":["Ball Lightning+1","Heatsinks"],"picked":"Machine Learning","floor":54}],"player_experience":1001156,"relics_obtained":[{"floor":6.0,"key":"Molten Egg 2"},{"floor":8.0,"key":"MawBank"},{"floor":9.0,"key":"Potion Belt"},{"floor":10.0,"key":"Pen Nib"},{"floor":13.0,"key":"Strawberry"},{"floor":24.0,"key":"Pantograph"},{"floor":27.0,"key":"Singing Bowl"},{"floor":29.0,"key":"InkBottle"},{"floor":37.0,"key":"Old Coin"},{"floor":41.0,"key":"Toy Ornithopter"},{"floor":43.0,"key":"Prayer Wheel"},{"floor":46,"key":"PreservedInsect"},{"floor":54,"key":"War Paint"}],"event_choices":[{"damage_healed":0.0,"max_hp_gain":0.0,"max_hp_loss":0.0,"gold_gain":0.0,"event_name":"Living Wall","player_choice":"Grow","floor":5.0,"gold_loss":0.0,"damage_taken":0.0,"cards_upgraded":["Consume"]},{"cards_removed":["Strike_B"],"damage_healed":0.0,"max_hp_gain":0.0,"max_hp_loss":0.0,"gold_gain":0.0,"event_name":"Golden Wing","player_choice":"Card Removal","floor":12.0,"gold_loss":0.0,"damage_taken":7.0},{"damage_healed":0.0,"max_hp_gain":0.0,"max_hp_loss":0.0,"gold_gain":150.0,"event_name":"Liars Game","player_choice":"AGREE","floor":14.0,"gold_loss":0.0,"damage_taken":0.0,"cards_obtained":["Doubt"]},{"damage_healed":0.0,"max_hp_gain":0.0,"max_hp_loss":0.0,"gold_gain":0.0,"event_name":"Addict","player_choice":"Obtained Relic","floor":19.0,"gold_loss":85.0,"damage_taken":0.0,"relics_obtained":["Darkstone Periapt"]},{"damage_healed":0.0,"max_hp_gain":0.0,"max_hp_loss":0.0,"gold_gain":50.0,"event_name":"Nest","player_choice":"Stole From Cult","floor":21.0,"gold_loss":0.0,"damage_taken":0.0},{"damage_healed":0.0,"max_hp_gain":0.0,"max_hp_loss":0.0,"gold_gain":0.0,"event_name":"SensoryStone","player_choice":"Memory 1","floor":36.0,"gold_loss":0.0,"damage_taken":0.0},{"damage_healed":0.0,"max_hp_gain":0.0,"max_hp_loss":0.0,"gold_gain":0.0,"event_name":"Mysterious Sphere","player_choice":"Fight","floor":37.0,"gold_loss":0.0,"damage_taken":0.0},{"cards_removed":["Reinforced Body"],"damage_healed":0.0,"max_hp_gain":0.0,"max_hp_loss":0.0,"gold_gain":0.0,"event_name":"Falling","player_choice":"Removed Skill","floor":44.0,"gold_loss":0.0,"damage_taken":0.0}],"is_beta":false,"boss_relics":[{"not_picked":["Cursed Key","Sozu"],"picked":"Snecko Eye"},{"not_picked":["Tiny House","Calling Bell"],"picked":"Coffee Dripper"}],"items_purged_floors":[20,39,45,53],"is_endless":false,"potions_floor_spawned":[1,4,10,16,27,29,35,38,48,54],"ascension_level":19}}