{"host":"rm0ctv8qd8mnbkg1","time":1611585462,"event":{"mods":["Arknights The Spire","BaseMod","BetterRewards","Colored Map","DNKmod","Dark Map","Defuse TimeMaze Blight","Friendly Minions","HololiveMod","Infinite Spire","Minty Spire (QoL Compilation)","Permanent Neow","Rare Cards Sparkle","Reliquary","Replay The Spire","Shop Mod","Spicy Shops","Spire Arcade","StS++","StSLib","The Servant 0.9.4","Wandering Minibosses","[IsaacMod]????","??????REMEMod"],"gold_per_floor":[10012,10022,10022,9352,9352,9352,8689,8715,8797,8797,8797,8797,8797,8830,8830,8850,8850,8953,8953,8970,8985,8995,8299,8315,8344,8360,8360,8433,8453,8487,8487,8487,8503,8503,8601,8601,8618,8618,8628,8576,8576,8576,8601,8601,8669,8685,8698,8715,8745,8308,8308,8308],"floor_reached":53,"language":"ENG","playtime":2246,"items_purged":["Decay","Regret"],"score":1190,"play_id":"f667a74b-888b-4bfb-975d-7fb88b08d1b3","local_time":"20210125143742","is_ascension_mode":false,"campfire_choices":[{"data":"ReplayUltimateDefense","floor":6,"key":"SMITH"},{"data":"MoonPhase","floor":6,"key":"SMITH"},{"data":"Exchange","floor":15,"key":"SMITH"},{"data":"Rearm","floor":15,"key":"SMITH"},{"data":"WasteNot","floor":17,"key":"SMITH"},{"data":"REME_Flogging","floor":17,"key":"SMITH"},{"data":"MurderousAura","floor":27,"key":"SMITH"},{"data":"MurderousAura","floor":27,"key":"SMITH"},{"data":"Luminosity","floor":34,"key":"SMITH"},{"data":"SilverBlades","floor":34,"key":"SMITH"},{"data":"LightFlow","floor":42,"key":"SMITH"},{"data":"Luminosity","floor":42,"key":"SMITH"},{"data":"Luminosity","floor":44,"key":"SMITH"},{"data":"Sunlight","floor":44,"key":"SMITH"},{"data":"Replay:Bootleg Shield Generator","floor":51,"key":"SMITH"},{"data":"Luminosity","floor":51,"key":"SMITH"}],"circlet_count":0,"master_deck":["Strike_S","Strike_S","Strike_S","Strike_S","Defend_S","Defend_S","Defend_S","Defend_S","Exchange+1","ReplayUltimateDefense+1","Starlight+1","FanOfKnives+1","Rearm+1","MoonPhase+1","DoubleEdge","REME_Flogging+1","ForgedInTime","Ricochet","WasteNot+1","Spin","MurderousAura+1","SilverBlades+1","wanderingMiniBosses:FinaleOfPromise","SpecialFormula+1","BottledTime+1","MurderousAura+1","SilverBlades+1","Luminosity+1","Sunlight+1","LightFlow+1","Specialist","Luminosity+1","Luminosity+1","SpecialFormula","Sabotage+1","Desolation+1","Luminosity","Luminosity+1","Replay:Bootleg Shield Generator+1"],"relics":["Uniform","REME_ComplimentaryCards","HushsDoor","GuppysTail","BookOfRevelations","Replay:Arrowhead","reliquary:TuningFork","Juzu Bracelet","Bag of Marbles","reliquary:FeatherDuster","ReplayTheSpireMod:Ninjato","Happy Flower","wanderingMiniBosses:Blackblade","TheBattery","Membership Card","StSpp:WoodenPendulum","StoneCalendar","Replay:Bottled Snecko","Blue Doll","StSpp:SailingBoat","reliquary:Aerogel","Ring of Panic","ReplayTheSpireMod:Ring of Collecting","SacredBark","Pan","Oddly Smooth Stone","ReplayTheSpireMod:CursedCoin","SatanicBible","DeadEye","Ring of Misfortune","PunchingBag","HandDrill","Incense Burner","ReplayTheSpireMod:Shallot"],"acts_visited":["Exordium","TheCity","TheBeyond"],"potions_floor_usage":[14,18,35,35],"damage_taken":[{"damage":0,"enemies":"Jaw Worm","floor":1,"turns":4},{"damage":0,"enemies":"Small Slimes","floor":2,"turns":3},{"damage":0,"enemies":"Lagavulin","floor":8,"turns":4},{"damage":0,"enemies":"3 Sentries","floor":14,"turns":2},{"damage":0,"enemies":"Cultist","floor":16,"turns":1},{"damage":0,"enemies":"Slime Boss","floor":18,"turns":4},{"damage":0,"enemies":"Spheric Guardian","floor":20,"turns":3},{"damage":0,"enemies":"2 Thieves","floor":21,"turns":4},{"damage":0,"enemies":"Snecko","floor":22,"turns":6},{"damage":0,"enemies":"Sentry and Sphere","floor":24,"turns":2},{"damage":0,"enemies":"Slavers","floor":25,"turns":1},{"damage":0,"enemies":"3 Cultists","floor":26,"turns":2},{"damage":0,"enemies":"Centurion and Healer","floor":29,"turns":3},{"damage":0,"enemies":"Book of Stabbing","floor":30,"turns":3},{"damage":0,"enemies":"Snake Plant","floor":33,"turns":2},{"damage":0,"enemies":"Collector","floor":35,"turns":4},{"damage":0,"enemies":"3 Darklings","floor":37,"turns":4},{"damage":0,"enemies":"3 Shapes","floor":39,"turns":3},{"damage":0,"enemies":"R_Hoarder","floor":43,"turns":5},{"damage":0,"enemies":"Transient","floor":46,"turns":5},{"damage":0,"enemies":"4 Shapes","floor":47,"turns":1},{"damage":0,"enemies":"Jaw Worm Horde","floor":48,"turns":3},{"damage":0,"enemies":"Reptomancer","floor":49,"turns":5},{"damage":60,"enemies":"infinitespire:MassOfShapes","floor":52,"turns":6}],"seed_played":"-8548324464087080998","potions_obtained":[{"floor":0,"key":"Fire Potion"},{"floor":0,"key":"Toxic Potion"},{"floor":0,"key":"Venom Potion"},{"floor":1,"key":"StSpp:SecondWindPotion"},{"floor":2,"key":"DuplicationPotion"},{"floor":14,"key":"ColorlessPotion"},{"floor":20,"key":"Swift Potion"},{"floor":24,"key":"FairyPotion"},{"floor":35,"key":"Weak Potion"},{"floor":37,"key":"Regen Potion"}],"is_trial":false,"path_per_floor":["M","M","?","$","T","R","$","E","T","?","?","PTL","PTL","E","R","M","R","B",null,"M","M","M","$","M","E","M","R","T","M","E","?","AVR","M","R","B",null,"M","?","M","$","?","R","E","R","T","M","M","M","E","$","R","B",null],"character_chosen":"THE_SERVANT","items_purchased":["BookOfRevelations","MoonPhase","DoubleEdge","REME_Flogging","reliquary:TuningFork","Juzu Bracelet","ForgedInTime","Bag of Marbles","Ricochet","TheBattery","Membership Card","StSpp:WoodenPendulum","StoneCalendar","Replay:Bottled Snecko","LightFlow","Specialist","Pan","Oddly Smooth Stone","ReplayTheSpireMod:CursedCoin","HandDrill","Luminosity","Incense Burner","Replay:Bootleg Shield Generator","ReplayTheSpireMod:Shallot"],"campfire_rested":0,"item_purchase_floors":[4,4,4,4,7,7,7,7,7,23,23,23,23,23,36,36,40,40,40,50,50,50,50,50],"current_hp_per_floor":[1000,1000,1000,1000,1000,1000,1000,1000,1000,1000,1000,1000,1000,1000,1000,1000,1000,1000,1000,1000,1000,1000,1000,1000,1000,1000,1000,1000,1000,1000,1000,1000,1000,1000,1000,994,994,979,987,987,987,987,994,994,994,994,994,994,994,994,994,947],"gold":8308,"neow_bonus":"THREE_SMALL_POTIONS","is_daily":false,"chose_seed":false,"campfire_upgraded":16,"win_rate":0.0,"timestamp":1611585462,"path_taken":["M","M","?","$","?","R","$","E","T","?","?","PTL","PTL","E","R","M","R","BOSS","M","M","M","$","M","E","M","R","T","M","E","?","AVR","M","R","BOSS","M","?","M","$","?","R","E","R","T","M","M","M","E","$","R","BOSS"],"items_purchased_type":["Relic","Card","Card","Card","Relic","Relic","Card","Relic","Card","Relic","Relic","Relic","Relic","Relic","Card","Card","Relic","Relic","Relic","Relic","Card","Relic","Card","Relic"],"build_version":"2020-12-22","purchased_purges":2,"victory":true,"max_hp_per_floor":[1000,1000,1000,1000,1000,1000,1000,1000,1000,1000,1000,1000,1000,1000,1000,1000,1000,1000,1000,1000,1000,1000,1000,1000,1000,1000,1000,1000,1000,1000,1000,1000,1000,1000,1000,994,994,994,994,994,994,994,994,994,994,994,994,994,994,994,994,994],"card_choices":[{"not_picked":[],"picked":"DoctorFetus","floor":0},{"not_picked":["Bomb","FastForward"],"picked":"Starlight","floor":0},{"not_picked":["ShatteredReality","KillingDoll"],"picked":"FanOfKnives","floor":1},{"not_picked":["MoonPhase","Gouge"],"picked":"Rearm","floor":2},{"not_picked":["Rearm","Foresight"],"picked":"WasteNot","floor":8},{"not_picked":["Defy","Ricochet"],"picked":"Spin","floor":14},{"not_picked":["ShatteredReality","Rearm","Unruled"],"picked":"SKIP","floor":16},{"not_picked":["Initiator","Embodiment"],"picked":"MurderousAura","floor":18},{"not_picked":["Spin","Ricochet"],"picked":"SilverBlades","floor":20},{"not_picked":["Spin","Starlight+1","Comet"],"picked":"SKIP","floor":21},{"not_picked":[],"picked":"wanderingMiniBosses:FinaleOfPromise","floor":22},{"not_picked":["DoubleEdge","Comet"],"picked":"SpecialFormula+1","floor":22},{"not_picked":["TimeWarp","StarChef","Starlight","Defy"],"picked":"BottledTime+1","floor":24},{"not_picked":["Gouge","Read+1","Moondial","Starlight"],"picked":"MurderousAura","floor":25},{"not_picked":["Spin","Manipulate","Rearm","DualDimension"],"picked":"SilverBlades+1","floor":26},{"not_picked":["Ricochet","Sabotage+1","Revamp","Reset","FastForward"],"picked":"SKIP","floor":29},{"not_picked":["TimeWarp","Ricochet+1","Moondial","PendulumOfEternity","BottledTime"],"picked":"SKIP","floor":30},{"not_picked":["BottledTime+1","ShatteredReality","Revamp","Contraction"],"picked":"Luminosity","floor":33},{"not_picked":["Initiator","ForgedInTime","FloweringNight","Dilation"],"picked":"Sunlight","floor":35},{"not_picked":["MoonPhase","Potential+1","Replace","Alleviate+1"],"picked":"Luminosity","floor":37},{"not_picked":["FastForward","FanOfKnives+1","RealityMarble","Ricochet","Alleviate"],"picked":"SKIP","floor":39},{"not_picked":["Foresight+1","Revamp+1","PendulumOfEternity","BottledTime"],"picked":"Luminosity","floor":43},{"not_picked":["Replace+1","Alleviate","Starlight","Unruled+1","TimeWarp"],"picked":"SKIP","floor":46},{"not_picked":["Contraction","Rearm+1","DoubleEdge+1","Revamp"],"picked":"SpecialFormula","floor":47},{"not_picked":["Comet","BottledTime+1","ReturningBlade","Spin"],"picked":"Sabotage+1","floor":48},{"not_picked":["SpecialFormula","ShatteredReality","Rewind","Defy+1"],"picked":"Desolation+1","floor":49}],"player_experience":176663,"relics_obtained":[{"floor":5,"key":"Replay:Arrowhead"},{"floor":8,"key":"reliquary:FeatherDuster"},{"floor":9,"key":"ReplayTheSpireMod:Ninjato"},{"floor":14,"key":"Happy Flower"},{"floor":22,"key":"wanderingMiniBosses:Blackblade"},{"floor":25,"key":"Blue Doll"},{"floor":28,"key":"StSpp:SailingBoat"},{"floor":30,"key":"reliquary:Aerogel"},{"floor":31,"key":"Ring of Panic"},{"floor":31,"key":"ReplayTheSpireMod:Ring of Collecting"},{"floor":43,"key":"SatanicBible"},{"floor":45,"key":"DeadEye"},{"floor":45,"key":"Ring of Misfortune"},{"floor":49,"key":"PunchingBag"}],"event_choices":[{"damage_healed":0,"gold_gain":0,"player_choice":"Grow","damage_taken":0,"max_hp_gain":0,"max_hp_loss":0,"event_name":"Living Wall","floor":11,"gold_loss":0,"cards_upgraded":["Starlight"]},{"cards_removed":["KidneyShot"],"damage_healed":0,"gold_gain":0,"player_choice":"Removed Attack","damage_taken":0,"max_hp_gain":0,"max_hp_loss":0,"event_name":"Falling","floor":41,"gold_loss":0}],"is_beta":false,"boss_relics":[{"not_picked":["Snecko Heart","infinitespire:Cupcake","Hololive_Finger"]},{"not_picked":["ReplayTheSpireMod:SealedPack","REME_ChargedStone"],"picked":"SacredBark"},{"not_picked":[]}],"items_purged_floors":[7,40],"is_endless":false,"potions_floor_spawned":[1,2,14,20,24,25,26,30,35,37,48],"ascension_level":0}}