{"host":"pletss163z7s8pvv","time":1611613217,"event":{"mods":["AchievementEnabler","BaseMod","Better Altar","Better Match","Better Note","Better Sensory Stone","Better Skull","Better Third Choice","BetterRewards","CapriCore","ChefMod","Colored Map","Colored Powertips","Conspire","Energized Spire","Evolution","GifTheSpireLib","Hermit","Ironclad Rager","Marked Mod","Minty Spire (QoL Compilation)","Retaliation","Spicy Shops","StS++","StSLib","The Blue Laboratory","The Cursed","The Disciple","The Forsaken"],"gold_per_floor":[14,14,14,14,28,28,53,53,98,98,98,125,146,166,166,286,286,307,307,326,340,42,42,57,57,110,110,8,8,46,46,46,176,176,192,212,18,33,47,47,47,47],"floor_reached":41,"language":"ENG","playtime":1352,"items_purged":[],"score":426,"play_id":"432fc4b4-147e-4bdf-8f35-1867ffb918d4","local_time":"20210125162017","is_ascension_mode":false,"campfire_choices":[{"floor":6,"key":"REST"},{"data":"MarkedMod:GentlePulse","floor":8,"key":"SMITH"},{"floor":11,"key":"RECALL"},{"floor":15,"key":"REST"},{"floor":23,"key":"REST"},{"floor":25,"key":"REST"},{"floor":32,"key":"REST"},{"floor":40,"key":"REST"}],"circlet_count":0,"master_deck":["StSpp:LatentStrike","StSpp:LatentStrike","StSpp:LatentStrike","StSpp:LatentStrike","Evaluate","Defend_P","Defend_P","Defend_P","Eruption","Vigilance","MarkedMod:GentlePulse+1","MarkedMod:FirstStrike","SashWhip","Sunder","Evaluate","EmptyFist","CutThroughFate","MarkedMod:SlowDance+1","WheelKick","JustLucky","MarkedMod:GracefulMovements","Prostrate","InnerPeace+1","MarkedMod:ChiBlock","StSpp:LatentStrike","MarkedMod:PinPointDefense+1","MarkedMod:Acupuncture","SandsOfTime","JustLucky"],"relics":["PureWater","EVO:Axolotl","Unceasing Top","Golden Idol","Omamori","MarkedMod:AcupunctureKit","energizedSpire:CrystalSphere","Nloth\u0027s Gift","Strawberry","Boot","Bag of Preparation","Damaru","Blue Candle","Fusion Hammer","Lee\u0027s Waffle"],"acts_visited":["Exordium","TheCity","TheBeyond"],"potions_floor_usage":[21,33,41,41,41],"damage_taken":[{"damage":0,"enemies":"2 Louse","floor":1,"turns":3},{"damage":0,"enemies":"Jaw Worm","floor":5,"turns":2},{"damage":12,"enemies":"Small Slimes","floor":7,"turns":2},{"damage":1,"enemies":"Blue Slaver","floor":13,"turns":3},{"damage":7,"enemies":"Looter","floor":14,"turns":3},{"damage":62,"enemies":"Hexaghost","floor":16,"turns":10},{"damage":9,"enemies":"2 Thieves","floor":18,"turns":2},{"damage":20,"enemies":"3 Byrds","floor":20,"turns":4},{"damage":46,"enemies":"Shelled Parasite and Fungi","floor":21,"turns":6},{"damage":31,"enemies":"Centurion and Healer","floor":24,"turns":5},{"damage":27,"enemies":"Book of Stabbing","floor":30,"turns":4},{"damage":63,"enemies":"conspire:MysteriousRune","floor":33,"turns":10},{"damage":29,"enemies":"3 Darklings","floor":35,"turns":4},{"damage":13,"enemies":"Orb Walker","floor":36,"turns":3},{"damage":26,"enemies":"4 Shapes","floor":38,"turns":8},{"damage":29,"enemies":"3 Darklings","floor":39,"turns":6},{"damage":63,"enemies":"Giant Head","floor":41,"turns":10}],"seed_played":"-3427320417725626366","potions_obtained":[{"floor":1,"key":"Ancient Potion"},{"floor":5,"key":"blueLaboratory:ForbiddenFruitJuice"},{"floor":14,"key":"FairyPotion"},{"floor":33,"key":"blueLaboratory:BubblePotion"},{"floor":35,"key":"Weak Potion"},{"floor":38,"key":"blueLaboratory:LouseDecoction"}],"is_trial":false,"path_per_floor":["M","?","?","T","M","R","M","R","T","?","R","T","M","M","R","B",null,"M","?","M","M","$","R","M","R","T","?","$","?","E","$","R","B",null,"M","M","$","M","M","R","E"],"character_chosen":"WATCHER","items_purchased":["Strawberry","Boot","Prostrate","Lee\u0027s Waffle","MarkedMod:Acupuncture"],"campfire_rested":6,"item_purchase_floors":[22,22,28,37,37],"current_hp_per_floor":[72,54,54,54,54,72,60,60,60,51,51,51,50,43,64,2,72,63,63,43,55,62,69,38,58,58,58,58,58,31,31,51,9,69,40,27,76,50,21,43,0,0],"gold":47,"neow_bonus":"ONE_RARE_RELIC","is_daily":false,"chose_seed":false,"campfire_upgraded":1,"win_rate":0.0,"timestamp":1611613217,"path_taken":["M","?","?","?","M","R","M","R","T","?","R","?","M","M","R","BOSS","M","?","M","?","$","R","M","R","T","?","$","?","E","$","R","BOSS","M","M","$","M","M","R","E"],"items_purchased_type":["Relic","Relic","Card","Relic","Card"],"build_version":"2020-12-22","purchased_purges":0,"victory":false,"max_hp_per_floor":[72,72,72,72,72,72,72,72,72,72,72,72,72,72,72,72,72,72,72,72,62,69,69,69,69,69,69,69,69,69,69,69,69,69,69,69,76,76,76,76,76,76],"card_choices":[{"not_picked":["ReachHeaven","StSpp:Renounce"],"picked":"MarkedMod:GentlePulse","floor":1},{"not_picked":["Evaluate","CutThroughFate"],"picked":"MarkedMod:FirstStrike","floor":5},{"not_picked":["WreathOfFlame","StSpp:Chanting"],"picked":"SashWhip","floor":7},{"not_picked":["ThirdEye","Wallop"],"picked":"Evaluate","floor":13},{"not_picked":["Collect","Nirvana"],"picked":"EmptyFist","floor":14},{"not_picked":["LikeWater","ClearTheMind"],"picked":"CutThroughFate","floor":15},{"not_picked":["DeusExMachina","Vault"],"picked":"MarkedMod:SlowDance","floor":16},{"not_picked":["InnerPeace","EmptyBody"],"picked":"FlyingSleeves","floor":18},{"not_picked":["Scrawl","Study"],"picked":"WheelKick","floor":20},{"not_picked":["Weave","EmptyFist"],"picked":"JustLucky","floor":21},{"not_picked":["Prostrate","LikeWater"],"picked":"MarkedMod:GracefulMovements","floor":24},{"not_picked":["BowlingBash","StSpp:Renounce+1"],"picked":"InnerPeace+1","floor":30},{"not_picked":["Wish","MarkedMod:NorthStar"],"picked":"MarkedMod:ChiBlock","floor":33},{"not_picked":["EmptyBody","TalkToTheHand"],"picked":"StSpp:LatentStrike","floor":35},{"not_picked":["MarkedMod:SlowDance","SandsOfTime+1"],"picked":"MarkedMod:PinPointDefense+1","floor":36},{"not_picked":["Halt+1","ClearTheMind"],"picked":"SandsOfTime","floor":38},{"not_picked":["ThirdEye","CrushJoints"],"picked":"JustLucky","floor":39}],"player_experience":450124,"relics_obtained":[{"floor":9,"key":"Omamori"},{"floor":12,"key":"Dream Catcher"},{"floor":26,"key":"Bag of Preparation"},{"floor":30,"key":"Blue Candle"}],"event_choices":[{"damage_healed":0,"gold_gain":0,"player_choice":"Take Damage","damage_taken":18,"relics_obtained":["Golden Idol"],"max_hp_gain":0,"max_hp_loss":0,"event_name":"Golden Idol","floor":2,"gold_loss":0},{"damage_healed":0,"gold_gain":0,"player_choice":"Ignored","damage_taken":0,"max_hp_gain":0,"max_hp_loss":0,"event_name":"Golden Wing","floor":3,"gold_loss":0},{"damage_healed":0,"gold_gain":0,"player_choice":"Traded Relic","damage_taken":0,"relics_obtained":["Nloth\u0027s Gift"],"max_hp_gain":0,"max_hp_loss":0,"event_name":"N\u0027loth","floor":19,"relics_lost":["Dream Catcher"],"gold_loss":0},{"damage_healed":0,"gold_gain":0,"player_choice":"Upgraded","damage_taken":0,"max_hp_gain":0,"max_hp_loss":0,"event_name":"Upgrade Shrine","floor":27,"gold_loss":0,"cards_upgraded":["MarkedMod:SlowDance"]},{"cards_removed":["FlyingSleeves"],"damage_healed":0,"gold_gain":0,"player_choice":"Gave Card","damage_taken":0,"relics_obtained":["Damaru"],"max_hp_gain":0,"max_hp_loss":0,"event_name":"WeMeetAgain","floor":29,"gold_loss":0}],"is_beta":false,"boss_relics":[{"not_picked":["StSpp:PileOfSugar","Ectoplasm"],"picked":"energizedSpire:CrystalSphere"},{"not_picked":["Busted Crown","StSpp:FireArrow"],"picked":"Fusion Hammer"}],"items_purged_floors":[],"is_endless":false,"potions_floor_spawned":[1,5,14,16,20,33,35,38],"killed_by":"Giant Head","ascension_level":0}}