{"host":"nb3r5a3er9rrnn3n","time":1611549284,"event":{"mods":["BaseMod","Colored Map","Downfall","Minty Spire (QoL Compilation)","Spire Arcade","StSLib"],"gold_per_floor":[99,99,99,99,99,127,209,9,26,126,157,174,200,219,236,339,339,339,352,352,452,470,470,470,496,496,496,581,610,525,541,551,651,651,551,566,566,619,669,698,747,764,774,806,471,571,571,599,609,609,609,636,53,53,53,53],"floor_reached":57,"language":"ENG","playtime":3176,"items_purged":["bronze:Replicate","bronze:WhirlingStrike+1","bronze:Strike"],"score":1868,"play_id":"8e310617-cd14-441c-b204-45078280709f","local_time":"20210125153444","is_ascension_mode":true,"campfire_choices":[{"floor":1,"key":"RECALL"},{"data":"bronze:Philosophize","floor":8,"key":"SMITH"},{"data":"bronze:Shield","floor":18,"key":"SMITH"},{"data":"1","floor":23,"key":"LIFT"},{"data":"2","floor":27,"key":"LIFT"},{"data":"3","floor":35,"key":"LIFT"},{"data":"bronze:FineTuning","floor":47,"key":"SMITH"},{"data":"bronze:FineTuning","floor":54,"key":"SMITH"}],"circlet_count":0,"master_deck":["bronze:Strike","bronze:Strike","bronze:Defend","bronze:Defend","bronze:Defend","bronze:Defend","bronze:Goto+1","bronze:Philosophize+1","bronze:Iterate+1","bronze:Virus+1","bronze:Shield+1","bronze:TinkerersToolbox","bronze:BronzeOrb+1","bronze:Flail+1","bronze:Terminator","bronze:FineTuning+1","bronze:Safeguard+1","bronze:MaxOutput+1","bronze:FunctionCard","bronze:Flail+1","bronze:BronzeOrb+1","bronze:FineTuning+1","bronze:FineTuning+1","bronze:BronzeOrb+1"],"relics":["bronze:BronzeCore","downfall:HeartsMalice","Molten Egg 2","StrikeDummy","downfall:HeartBlessingRed","downfall:HeartBlessingGreen","Akabeko","bronze:CableSpool","SlaversCollar","Girya","White Beast Statue","Eternal Feather","Lantern","Singing Bowl","Frozen Egg 2","FossilizedHelix","Busted Crown","downfall:HeartBlessingBlue","bronze:BottledCode","Lizard Tail","champ:DuelingGlove","Bag of Preparation","Nunchaku","Prayer Wheel","Lee\u0027s Waffle","Question Card","Anchor","Guardian:PocketSentry","champ:DeflectingBracers"],"acts_visited":["Exordium","TheCity","TheBeyond","TheEnding"],"potions_floor_usage":[10,16,30,56,56,56],"damage_taken":[{"damage":0,"enemies":"Jaw Worm","floor":2,"turns":1},{"damage":0,"enemies":"2 Louse","floor":3,"turns":1},{"damage":0,"enemies":"3 Sentries","floor":6,"turns":1},{"damage":0,"enemies":"Cultist","floor":9,"turns":2},{"damage":11,"enemies":"downfall:Heads","floor":10,"turns":3},{"damage":0,"enemies":"Gremlin Nob","floor":11,"turns":2},{"damage":0,"enemies":"2 Fungi Beasts","floor":12,"turns":1},{"damage":0,"enemies":"Lagavulin","floor":13,"turns":3},{"damage":0,"enemies":"Blue Slaver","floor":14,"turns":1},{"damage":0,"enemies":"3 Louse","floor":15,"turns":1},{"damage":45,"enemies":"DF_ARCHETYPE_STREAMLINE","floor":16,"turns":6},{"damage":0,"enemies":"Spheric Guardian","floor":19,"turns":2},{"damage":0,"enemies":"Colosseum Nobs","floor":21,"turns":2},{"damage":4,"enemies":"Centurion and Healer","floor":22,"turns":4},{"damage":0,"enemies":"Slavers","floor":25,"turns":1},{"damage":3,"enemies":"Book of Stabbing","floor":29,"turns":3},{"damage":9,"enemies":"downfall:FleeingMerchant","floor":30,"turns":4},{"damage":0,"enemies":"Shelled Parasite and Fungi","floor":31,"turns":1},{"damage":0,"enemies":"Chosen and Byrds","floor":32,"turns":3},{"damage":11,"enemies":"WA_ARCHETYPE_CALM","floor":33,"turns":3},{"damage":0,"enemies":"3 Darklings","floor":36,"turns":1},{"damage":58,"enemies":"2 Orb Walkers","floor":38,"turns":7},{"damage":0,"enemies":"2 Orb Walkers","floor":39,"turns":2},{"damage":0,"enemies":"Nemesis","floor":40,"turns":3},{"damage":0,"enemies":"3 Shapes","floor":42,"turns":1},{"damage":0,"enemies":"Transient","floor":43,"turns":4},{"damage":0,"enemies":"Giant Head","floor":44,"turns":1},{"damage":0,"enemies":"Nemesis","floor":48,"turns":1},{"damage":0,"enemies":"Spire Growth","floor":49,"turns":1},{"damage":0,"enemies":"IC_BLOCK_ARCHETYPE","floor":50,"turns":1},{"damage":0,"enemies":"downfall:CharBossMerchant","floor":52,"turns":2},{"damage":0,"enemies":"downfall:NeowBoss","floor":55,"turns":6},{"damage":26,"enemies":"downfall:NeowBossFinal","floor":56,"turns":4}],"seed_played":"7850699946796718181","potions_obtained":[{"floor":6,"key":"AttackPotion"},{"floor":10,"key":"Energy Potion"},{"floor":11,"key":"EntropicBrew"},{"floor":13,"key":"LiquidBronze"},{"floor":21,"key":"LiquidMemories"},{"floor":22,"key":"Fire Potion"},{"floor":29,"key":"DuplicationPotion"},{"floor":30,"key":"SpeedPotion"},{"floor":40,"key":"bronze:BuildAFunctionPotion"},{"floor":49,"key":"LiquidMemories"}],"is_trial":false,"path_per_floor":["R","M","M","?","?","E","T","R","M","?","E","M","E","M","M","B",null,"R","M","?","?","M","R","T","E","T","R","?","E","$","M","M","B",null,"R","M","?","?","?","E","T","M","M","E","$","?","R","E","M","B",null,"E","$","R","B","B",null],"character_chosen":"THE_AUTOMATON","items_purchased":["FossilizedHelix","Lee\u0027s Waffle","bronze:BronzeOrb+1","Guardian:PocketSentry","champ:DeflectingBracers"],"campfire_rested":0,"item_purchase_floors":[30,45,45,53,53],"current_hp_per_floor":[70,70,70,70,70,70,70,70,70,59,59,59,59,59,59,14,70,70,70,70,70,66,66,66,66,66,70,56,55,46,48,48,37,74,84,84,74,16,18,18,18,18,18,20,85,85,85,87,91,91,91,93,93,93,93,67],"gold":53,"neow_bonus":"THREE_ENEMY_KILL","is_daily":false,"chose_seed":false,"campfire_upgraded":4,"win_rate":0.0,"timestamp":1611549284,"path_taken":["R","M","M","?","?","E","T","R","?","?","E","M","E","M","M","BOSS","R","M","?","?","M","R","T","E","?","R","?","E","$","M","M","BOSS","R","M","?","?","?","E","T","M","M","E","$","?","R","E","M","BOSS","E","$","R","BOSS","BOSS"],"items_purchased_type":["Relic","Relic","Card","Relic","Relic"],"build_version":"2020-12-22","purchased_purges":3,"victory":true,"max_hp_per_floor":[70,70,70,70,70,70,70,70,70,70,70,70,70,70,70,70,70,70,70,70,70,70,70,70,70,70,70,70,72,72,74,74,74,74,84,84,74,74,76,76,76,76,76,78,85,85,85,87,91,91,91,93,93,93,93,93],"card_choices":[{"not_picked":["bronze:Iterate","bronze:FollowUp"],"picked":"bronze:Fortify","floor":2},{"not_picked":["bronze:DigitalCarnage","bronze:Turbo"],"picked":"bronze:Philosophize","floor":3},{"not_picked":["bronze:BuggyMess","bronze:Separator+1"],"picked":"bronze:Iterate+1","floor":6},{"not_picked":["bronze:Overload","bronze:ClassDefault"],"picked":"bronze:WhirlingStrike+1","floor":9},{"not_picked":["bronze:Overheat+1","bronze:CutThrough+1","bronze:SpaghettiCode"],"picked":"SKIP","floor":11},{"not_picked":["bronze:Refactor","bronze:DelayedSlice+1","bronze:GetLatest"],"picked":"SKIP","floor":12},{"not_picked":["bronze:BitShift","bronze:Turbo","bronze:Overheat+1"],"picked":"SKIP","floor":13},{"not_picked":["bronze:Repulsor","bronze:DelayedSlice+1","bronze:Philosophize"],"picked":"SKIP","floor":14},{"not_picked":["bronze:NullPointer+1","bronze:ClassDefault"],"picked":"bronze:Shield","floor":15},{"not_picked":["bronze:Break+1","bronze:ThunderWave+1"],"picked":"bronze:TinkerersToolbox","floor":16},{"not_picked":["bronze:CutThrough+1","bronze:Frontload+1","bronze:Philosophize"],"picked":"SKIP","floor":19},{"not_picked":["bronze:ClassDefault+1","bronze:ItsAFeature"],"picked":"bronze:Flail+1","floor":21},{"not_picked":["bronze:Frontload","bronze:BugBarrage+1","bronze:Invalidate+1"],"picked":"SKIP","floor":22},{"not_picked":["bronze:WildBeam+1","bronze:Virus+1"],"picked":"bronze:Terminator","floor":25},{"not_picked":["bronze:Frontload+1","bronze:Refactor","bronze:Optimize+1"],"picked":"Singing Bowl","floor":29},{"not_picked":["bronze:ClassDefault+1","bronze:ChosenStrike+1"],"picked":"bronze:FineTuning+1","floor":30},{"not_picked":["bronze:BugBarrage+1","bronze:NullPointer+1","bronze:BitShift"],"picked":"Singing Bowl","floor":31},{"not_picked":["bronze:Return+1","bronze:Deprecate"],"picked":"bronze:Safeguard+1","floor":32},{"not_picked":["bronze:RecursiveStrike+1","bronze:Mutator+1"],"picked":"bronze:Hardcode+1","floor":33},{"not_picked":[],"picked":"bronze:MaxOutput+1","floor":36},{"not_picked":[],"picked":"bronze:Flail+1","floor":38},{"not_picked":["bronze:Backtrace+1"],"picked":"Singing Bowl","floor":39},{"not_picked":[],"picked":"bronze:BronzeOrb+1","floor":40},{"not_picked":[],"picked":"bronze:FineTuning","floor":42},{"not_picked":[],"picked":"bronze:FineTuning","floor":43},{"not_picked":["bronze:Return"],"picked":"Singing Bowl","floor":44},{"not_picked":["bronze:GetLatest"],"picked":"Singing Bowl","floor":48},{"not_picked":["bronze:Overload","bronze:Deprecate+1"],"picked":"Singing Bowl","floor":49},{"not_picked":["bronze:WildBeam+1","bronze:Turbo+1"],"picked":"Singing Bowl","floor":49},{"not_picked":["bronze:Constructor","bronze:DelayedGuard"],"picked":"Singing Bowl","floor":52}],"player_experience":1934269,"relics_obtained":[{"floor":6,"key":"StrikeDummy"},{"floor":11,"key":"Akabeko"},{"floor":13,"key":"bronze:CableSpool"},{"floor":21,"key":"Girya"},{"floor":21,"key":"White Beast Statue"},{"floor":24,"key":"Eternal Feather"},{"floor":25,"key":"Lantern"},{"floor":26,"key":"Singing Bowl"},{"floor":29,"key":"Frozen Egg 2"},{"floor":38,"key":"Lizard Tail"},{"floor":39,"key":"champ:DuelingGlove"},{"floor":40,"key":"Bag of Preparation"},{"floor":41,"key":"Nunchaku"},{"floor":44,"key":"Prayer Wheel"},{"floor":48,"key":"Question Card"},{"floor":52,"key":"Anchor"}],"event_choices":[{"damage_healed":0,"gold_gain":0,"player_choice":"Box","damage_taken":0,"relics_obtained":["Molten Egg 2"],"max_hp_gain":0,"max_hp_loss":0,"event_name":"Big Fish","floor":4,"gold_loss":0,"cards_obtained":["Regret"]},{"damage_healed":0,"gold_gain":0,"player_choice":"Read","damage_taken":0,"max_hp_gain":0,"max_hp_loss":0,"event_name":"The Library","floor":20,"gold_loss":0,"cards_obtained":["bronze:BronzeOrb"]},{"damage_healed":0,"gold_gain":0,"player_choice":"Fight","damage_taken":0,"max_hp_gain":0,"max_hp_loss":0,"event_name":"Mysterious Sphere","floor":38,"gold_loss":0}],"is_beta":false,"boss_relics":[{"not_picked":["Fusion Hammer","Philosopher\u0027s Stone"],"picked":"SlaversCollar"},{"not_picked":["expansioncontent:StudyCardRelic","sneckomod:SneckoTalon"],"picked":"Busted Crown"}],"items_purged_floors":[30,45,53],"is_endless":false,"potions_floor_spawned":[6,10,11,13,21,22,25,29,30,31,32,33,36,38,39,40,42,43,44,48,49,52],"ascension_level":4}}