{"host":"k5yjj86hwv5qv2gx","time":1611607261,"event":{"mods":["BaseMod","BetterRewards","Minty Spire (QoL Compilation)","StSLib"],"gold_per_floor":[117,128,203,203,203,230,242,254,311,323,370,398,443,469,481,493,493],"floor_reached":16,"language":"ENG","playtime":724,"items_purged":[],"score":335,"play_id":"7d20925b-f5ea-4595-b48a-4dfeee8d1d89","local_time":"20210125124101","is_ascension_mode":true,"campfire_choices":[{"data":"Leg Sweep","floor":7,"key":"SMITH"},{"floor":10,"key":"RECALL"},{"data":"Malaise","floor":15,"key":"SMITH"}],"circlet_count":0,"master_deck":["AscendersBane","Strike_G","Strike_G","Strike_G","Strike_G","Strike_G","Defend_G","Defend_G","Defend_G","Defend_G","Defend_G","Survivor","Neutralize","Quick Slash","Leg Sweep+1","Quick Slash","Deadly Poison","Malaise+1","Predator"],"relics":["Ring of the Snake","NeowsBlessing","Thread and Needle","Art of War","MawBank","Spirit Poop","Blood Vial","Blue Candle","Anchor"],"acts_visited":["Exordium"],"potions_floor_usage":[13,13,13,16],"damage_taken":[{"damage":0,"enemies":"Jaw Worm","floor":1,"turns":1},{"damage":0,"enemies":"2 Louse","floor":2,"turns":1},{"damage":0,"enemies":"Lagavulin","floor":6,"turns":1},{"damage":18,"enemies":"3 Sentries","floor":11,"turns":13},{"damage":0,"enemies":"Small Slimes","floor":12,"turns":4},{"damage":0,"enemies":"Lagavulin","floor":13,"turns":7},{"damage":5,"enemies":"Exordium Thugs","floor":14,"turns":7},{"damage":31,"enemies":"Hexaghost","floor":16,"turns":16}],"seed_played":"-4632535634175252374","potions_obtained":[{"floor":1,"key":"SkillPotion"},{"floor":6,"key":"EntropicBrew"}],"is_trial":false,"path_per_floor":["M","M","?","?","?","E","R","?","T","R","E","M","E","M","R","B"],"character_chosen":"THE_SILENT","items_purchased":[],"campfire_rested":0,"item_purchase_floors":[],"current_hp_per_floor":[59,59,48,48,43,43,43,43,43,43,27,29,31,28,28,0,0],"gold":493,"neow_bonus":"THREE_ENEMY_KILL","is_daily":false,"chose_seed":false,"campfire_upgraded":2,"win_rate":0.0,"timestamp":1611607261,"path_taken":["M","M","?","?","?","E","R","?","T","R","E","M","E","M","R","BOSS"],"items_purchased_type":[],"build_version":"2020-12-22","purchased_purges":0,"victory":false,"max_hp_per_floor":[66,66,66,66,66,66,66,66,66,66,66,66,66,66,66,66,66],"card_choices":[{"not_picked":["Backstab","Calculated Gamble"],"picked":"Quick Slash","floor":1},{"not_picked":["Infinite Blades","PiercingWail"],"picked":"Leg Sweep","floor":2},{"not_picked":["Concentrate","Slice"],"picked":"Quick Slash","floor":6},{"not_picked":["Finisher","Blade Dance"],"picked":"Deadly Poison","floor":11},{"not_picked":["Cloak And Dagger","Backflip"],"picked":"Malaise","floor":12},{"not_picked":["Cloak And Dagger","Acrobatics"],"picked":"Predator","floor":13},{"not_picked":["Eviscerate","Slice","Acrobatics"],"picked":"SKIP","floor":14}],"player_experience":1123985,"relics_obtained":[{"floor":6,"key":"MawBank"},{"floor":9,"key":"Blood Vial"},{"floor":11,"key":"Blue Candle"},{"floor":13,"key":"Anchor"}],"event_choices":[{"damage_healed":0,"gold_gain":75,"player_choice":"Gather Gold","damage_taken":11,"max_hp_gain":0,"max_hp_loss":0,"event_name":"World of Goop","floor":3,"gold_loss":0},{"damage_healed":0,"gold_gain":0,"player_choice":"Box","damage_taken":0,"relics_obtained":["Thread and Needle"],"max_hp_gain":0,"max_hp_loss":0,"event_name":"Big Fish","floor":4,"gold_loss":0,"cards_obtained":["Regret"]},{"damage_healed":0,"gold_gain":0,"player_choice":"Success","damage_taken":5,"relics_obtained":["Art of War"],"max_hp_gain":0,"max_hp_loss":0,"event_name":"Scrap Ooze","floor":5,"gold_loss":0},{"cards_removed":["Regret"],"damage_healed":0,"gold_gain":0,"player_choice":"Offered Curse","damage_taken":0,"relics_obtained":["Spirit Poop"],"max_hp_gain":0,"max_hp_loss":0,"event_name":"Bonfire Elementals","floor":8,"gold_loss":0}],"is_beta":false,"boss_relics":[],"items_purged_floors":[],"is_endless":false,"potions_floor_spawned":[1,6,12],"killed_by":"Hexaghost","ascension_level":20}}