{"host":"tq7pufgtqftqw8yr","time":1611576360,"event":{"mods":["BaseMod","Downfall","Minty Spire (QoL Compilation)","StSLib"],"gold_per_floor":[99,116,116,130,130,146,170,70,97,115,115,42,72,91,110,211,211,211,221,234,246,246,246,246,246,261,276,44,58,58,85,101,101,101,101],"floor_reached":33,"language":"ZHS","playtime":3581,"items_purged":["hexamod:Strike"],"score":271,"play_id":"937c57a4-6da7-474a-8f6c-20edbf0922c3","local_time":"20210125200600","is_ascension_mode":false,"campfire_choices":[{"floor":1.0,"key":"RECALL"},{"data":"hexamod:Float","floor":8.0,"key":"SMITH"},{"floor":11.0,"key":"REST"},{"data":"hexamod:FastForward","floor":18.0,"key":"SMITH"},{"data":"hexamod:TimeOfNeed","floor":23.0,"key":"SMITH"},{"floor":25.0,"key":"REST"},{"floor":30,"key":"REST"}],"circlet_count":0,"master_deck":["hexamod:Strike+1","hexamod:Strike+1","hexamod:Strike","hexamod:Defend+1","hexamod:Defend+1","hexamod:Defend+1","hexamod:Defend","hexamod:Sear+1","hexamod:Float+1","hexamod:HexaLevel+1","hexamod:PowerFromBeyond+1","hexamod:HauntingEcho+1","hexamod:Hexaguard+1","hexamod:SixthSeal","hexamod:FastForward+1","hexamod:TimeWarp","hexamod:Firestarter+1","hexamod:TimeOfNeed+1","hexamod:FourthSeal","hexamod:ExtraCrispy+1","hexamod:ForkedFlame+1","hexamod:SoulSteal+1"],"relics":["hexamod:SpiritBrand","Blue Candle","The Courier","MealTicket","Regal Pillow","Strawberry","hexamod:IceCube","Nloth\u0027s Gift","Shuriken","Membership Card","Dream Catcher","Pen Nib"],"acts_visited":["TheCity"],"potions_floor_usage":[26,27,33],"damage_taken":[{"damage":0.0,"enemies":"Small Slimes","floor":2.0,"turns":3.0},{"damage":1.0,"enemies":"Jaw Worm","floor":4.0,"turns":3.0},{"damage":2.0,"enemies":"Cultist","floor":6.0,"turns":5.0},{"damage":20.0,"enemies":"3 Sentries","floor":9.0,"turns":8.0},{"damage":2.0,"enemies":"Blue Slaver","floor":10.0,"turns":3.0},{"damage":0.0,"enemies":"downfall:FleeingMerchant","floor":12.0,"turns":4.0},{"damage":1.0,"enemies":"Exordium Wildlife","floor":14.0,"turns":4.0},{"damage":3.0,"enemies":"2 Fungi Beasts","floor":15.0,"turns":3.0},{"damage":39.0,"enemies":"WA_ARCHETYPE_RETAIN","floor":16.0,"turns":9.0},{"damage":5.0,"enemies":"Chosen","floor":19.0,"turns":4.0},{"damage":5.0,"enemies":"3 Byrds","floor":20.0,"turns":6.0},{"damage":8.0,"enemies":"Centurion and Healer","floor":21.0,"turns":5.0},{"damage":39,"enemies":"Snecko","floor":26,"turns":6},{"damage":23,"enemies":"Chosen and Byrds","floor":27,"turns":6},{"damage":2,"enemies":"downfall:FleeingMerchant","floor":28,"turns":4},{"damage":1,"enemies":"Centurion and Healer","floor":29,"turns":8},{"damage":26,"enemies":"Book of Stabbing","floor":31,"turns":6},{"damage":12,"enemies":"Snecko","floor":32,"turns":5},{"damage":43,"enemies":"DF_ARCHETYPE_CLAW","floor":33,"turns":5}],"seed_played":"-8325731386444735287","potions_obtained":[{"floor":2.0,"key":"champ:CounterPotion"},{"floor":6.0,"key":"Strength Potion"},{"floor":14.0,"key":"Fire Potion"},{"floor":21.0,"key":"DuplicationPotion"},{"floor":27,"key":"Strength Potion"},{"floor":28,"key":"BlessingOfTheForge"}],"is_trial":false,"path_per_floor":["R","M","?","M","T","M","T","R","E","M","R","$","?","M","M","B",null,"R","M","M","M","?","R","T","R","M","M","$","M","R","E","M","B"],"character_chosen":"THE_SPIRIT","items_purchased":["hexamod:TimeWarp","Membership Card","Dream Catcher"],"campfire_rested":3,"item_purchase_floors":[12,28,28],"current_hp_per_floor":[70,70,65,64,64,62,62,62,42,40,70,70,77,76,73,34,77,77,72,67,59,59,59,59,77,38,15,28,27,65,39,27,0,0,0],"gold":101,"neow_bonus":"ONE_RANDOM_RARE_CARD","is_daily":false,"chose_seed":false,"campfire_upgraded":3,"win_rate":0.0,"timestamp":1611576360,"path_taken":["R","M","?","M","?","M","T","R","E","M","R","?","?","M","M","BOSS","R","M","M","M","?","R","T","R","?","M","$","M","R","E","M","BOSS"],"items_purchased_type":["Card","Relic","Relic"],"build_version":"2020-12-22","purchased_purges":1,"victory":false,"max_hp_per_floor":[70,70,70,70,70,70,70,70,70,70,70,70,77,77,77,77,77,77,77,77,77,77,77,77,77,77,77,77,77,77,77,77,77,77,77],"card_choices":[{"not_picked":["hexamod:RainOfEmbers","hexamod:SwordOfDarkness","hexamod:BacktrackSmack"],"picked":"SKIP","floor":2.0},{"not_picked":["hexamod:BacktrackSmack","hexamod:Again"],"picked":"hexamod:PowerFromBeyond","floor":4.0},{"not_picked":["hexamod:RecurringNightmare","hexamod:HeatMetal"],"picked":"hexamod:HauntingEcho","floor":6.0},{"not_picked":["hexamod:NightmareStrike","hexamod:FlamesFromBeyond"],"picked":"hexamod:Hexaguard","floor":9.0},{"not_picked":["hexamod:FlamesFromBeyond","hexamod:Haunt"],"picked":"hexamod:SixthSeal","floor":10.0},{"not_picked":["hexamod:SkipABeat","hexamod:AdvancingGuard"],"picked":"hexamod:FastForward","floor":12.0},{"not_picked":["hexamod:ShieldOfDarkness","hexamod:InspiringFlames"],"picked":"hexamod:Firestarter","floor":14.0},{"not_picked":["hexamod:HeatShield","hexamod:HeatCrush","hexamod:BacktrackSmack"],"picked":"SKIP","floor":15.0},{"not_picked":["hexamod:ParanormalForm","hexamod:GhostOfSpirePresent"],"picked":"hexamod:TimeOfNeed","floor":16.0},{"not_picked":["hexamod:InspiringFlames","hexamod:DynamicBlow"],"picked":"hexamod:FourthSeal","floor":19.0},{"not_picked":["hexamod:FastForward","hexamod:Hexaguard","hexamod:SwordOfDarkness+1"],"picked":"SKIP","floor":20.0},{"not_picked":["hexamod:GhostShield","hexamod:Firestarter+1"],"picked":"hexamod:ExtraCrispy+1","floor":21.0},{"not_picked":["hexamod:RecurringNightmare","hexamod:GhostOfSpireFuture"],"picked":"hexamod:ForkedFlame","floor":26},{"not_picked":["hexamod:ThermalTransfer","hexamod:AdvancingGuard","hexamod:ExtraCrispy"],"picked":"SKIP","floor":27},{"not_picked":["hexamod:BacktrackSmack+1","hexamod:GhostShield","hexamod:NightmareStrike"],"picked":"SKIP","floor":28},{"not_picked":["hexamod:ForkedFlame","hexamod:RainOfEmbers","hexamod:SwordOfDarkness"],"picked":"SKIP","floor":29},{"not_picked":["hexamod:GhostOfSpirePresent","hexamod:InspiringFlames"],"picked":"hexamod:SoulSteal+1","floor":31},{"not_picked":["hexamod:GhostLash","hexamod:SwordOfDarkness","hexamod:SpectersWail"],"picked":"SKIP","floor":32},{"not_picked":["hexamod:GhostLash","hexamod:SwordOfDarkness","hexamod:SpectersWail"],"picked":"SKIP","floor":32},{"not_picked":["hexamod:GhostLash","hexamod:SwordOfDarkness","hexamod:SpectersWail"],"picked":"SKIP","floor":32}],"player_experience":820129,"relics_obtained":[{"floor":5.0,"key":"The Courier"},{"floor":7.0,"key":"MealTicket"},{"floor":9.0,"key":"Regal Pillow"},{"floor":24.0,"key":"Shuriken"},{"floor":31,"key":"Pen Nib"}],"event_choices":[],"is_beta":false,"boss_relics":[{"not_picked":["Velvet Choker","Snecko Eye"],"picked":"hexamod:IceCube"}],"items_purged_floors":[28],"is_endless":false,"potions_floor_spawned":[2,6,14,19,21,31],"killed_by":"DF_ARCHETYPE_CLAW","ascension_level":0}}