{"host":"u2tqs5prbwebzr58","time":1611539798,"event":{"mods":["BaseMod","Better Skull","Hermit","Jorbs\u0027s Wanderer Trilogy","Marisa????????","Minty Spire (QoL Compilation)","Prisma Mod","READ ME - Guardian Mod","Shade Mod","StSLib","The Bug Knight","The Cursed","The Disciple","The Druid","The Hierophant","The Necromancer","The Senshi","The Servant 0.9.4"],"gold_per_floor":[17,17,33,48,63,95,95,105,158,185,185,185,61,86,86,181,181,194,5,16,34,34,68,68,68,93,121,121,132,132,174,174,288,288,314,314,330,205,205,234,254,298,298,298,357,6,6,25,25,25],"floor_reached":51,"language":"ENG","playtime":3381,"items_purged":["Shade:Defend_Shade","Shade:Strike_Shade"],"score":803,"play_id":"b33f3122-decd-4660-aed2-11a83600bdde","local_time":"20210124175638","is_ascension_mode":false,"campfire_choices":[{"data":"Shade:FleshToFlesh","floor":7,"key":"SMITH"},{"data":"Shade:PotionOfRestlessness","floor":11,"key":"SMITH"},{"data":"Shade:FleshToFlesh","floor":15,"key":"SMITH"},{"data":"Shade:FleshToFlesh","floor":24,"key":"SMITH"},{"floor":32,"key":"REST"},{"floor":44,"key":"REST"},{"data":"Shade:UnbarTheGrave","floor":47,"key":"SMITH"},{"floor":49,"key":"REST"}],"circlet_count":0,"master_deck":["Shade:Strike_Shade","Shade:Strike_Shade","Shade:Strike_Shade","Shade:Defend_Shade","Shade:Defend_Shade","Shade:Defend_Shade","Shade:AnimateDead","Shade:Putrefaction+1","Shade:PotionOfRestlessness+1","Shade:FleshToFlesh+1","Shade:FleshToFlesh+1","Shade:PotionOfRestlessness","Shade:FleshToFlesh+1","Shade:GraveStillness","Shade:FuneraryJewels","Shade:LastGasp","Shade:FeralStrike+1","Shade:CallOfTheGrave","Shade:WallOfFlesh","Shade:SkeletonArmy+1","Shame","Shade:LyeBath+1","Shade:Trample+1","Shade:CommandSoldier","Shade:UnbarTheGrave+1","Shade:Trample+1","Shade:AuraOfUnlife","Shade:Brains","Shade:FuneraryArmor+1","Shade:FleshLikeOak+1","Shade:AuraOfUnlife+1"],"relics":["Shade:YorickSkull","Regal Pillow","Pen Nib","Odd Mushroom","Darkstone Periapt","SlaversCollar","Bronze Scales","CeramicFish","Vajra","Bottled Lightning","Black Star","Omamori","Ancient Tea Set","Gambling Chip","Juzu Bracelet","HornCleat","CaptainsWheel","Bottled Flame"],"acts_visited":["Exordium","TheCity","TheBeyond"],"potions_floor_usage":[14,16,23,27,31,35,40,40,42,50,50,50],"damage_taken":[{"damage":7,"enemies":"Jaw Worm","floor":1,"turns":4},{"damage":0,"enemies":"Small Slimes","floor":3,"turns":3},{"damage":0,"enemies":"2 Louse","floor":4,"turns":2},{"damage":0,"enemies":"Large Slime","floor":5,"turns":5},{"damage":1,"enemies":"3 Sentries","floor":6,"turns":5},{"damage":0,"enemies":"3 Louse","floor":8,"turns":3},{"damage":2,"enemies":"The Mushroom Lair","floor":10,"turns":5},{"damage":0,"enemies":"Lagavulin","floor":14,"turns":5},{"damage":3,"enemies":"The Guardian","floor":16,"turns":7},{"damage":18,"enemies":"Chosen","floor":18,"turns":6},{"damage":1,"enemies":"Shell Parasite","floor":20,"turns":6},{"damage":0,"enemies":"Snake Plant","floor":21,"turns":5},{"damage":0,"enemies":"Gremlin Leader","floor":23,"turns":7},{"damage":0,"enemies":"Centurion and Healer","floor":27,"turns":8},{"damage":0,"enemies":"Chosen and Byrds","floor":29,"turns":6},{"damage":4,"enemies":"Book of Stabbing","floor":31,"turns":4},{"damage":27,"enemies":"Collector","floor":33,"turns":7},{"damage":11,"enemies":"Orb Walker","floor":35,"turns":3},{"damage":16,"enemies":"3 Shapes","floor":37,"turns":3},{"damage":29,"enemies":"Nemesis","floor":40,"turns":5},{"damage":0,"enemies":"Sphere and 2 Shapes","floor":41,"turns":4},{"damage":19,"enemies":"Giant Head","floor":42,"turns":8},{"damage":9,"enemies":"Mind Bloom Boss Battle","floor":45,"turns":4},{"damage":0,"enemies":"Spire Growth","floor":48,"turns":5},{"damage":40,"enemies":"Donu and Deca","floor":50,"turns":8}],"seed_played":"3555692375875329978","potions_obtained":[{"floor":3,"key":"LiquidBronze"},{"floor":4,"key":"DistilledChaos"},{"floor":6,"key":"AttackPotion"},{"floor":8,"key":"CultistPotion"},{"floor":16,"key":"GamblersBrew"},{"floor":23,"key":"AttackPotion"},{"floor":31,"key":"LiquidMemories"},{"floor":33,"key":"ColorlessPotion"},{"floor":37,"key":"Fire Potion"},{"floor":40,"key":"Weak Potion"},{"floor":41,"key":"Fire Potion"}],"is_trial":false,"path_per_floor":["M","?","M","M","M","E","R","M","T","?","R","?","$","E","R","B",null,"M","$","M","M","?","E","R","?","T","M","?","M","?","E","R","B",null,"M","?","M","$","?","E","M","E","T","R","?","$","R","M","R","B",null],"character_chosen":"SHADE","items_purchased":["Shade:GraveStillness","Shade:CallOfTheGrave","Shade:WallOfFlesh","Shade:AuraOfUnlife","Shade:Brains","SkillPotion","Bottled Flame","CultistPotion"],"campfire_rested":3,"item_purchase_floors":[13,19,19,38,38,38,46,46],"current_hp_per_floor":[58,58,58,58,58,57,57,57,57,55,55,60,60,60,60,57,70,52,52,51,51,57,57,57,57,57,57,43,43,43,39,78,51,81,70,70,54,54,54,25,25,6,6,45,36,36,36,36,75,35],"gold":25,"neow_bonus":"THREE_RARE_CARDS","is_daily":false,"chose_seed":false,"campfire_upgraded":5,"win_rate":0.0,"timestamp":1611539798,"path_taken":["M","?","M","M","M","E","R","M","T","?","R","?","?","E","R","BOSS","M","$","M","M","?","E","R","?","T","M","?","?","?","E","R","BOSS","M","?","M","$","?","E","M","E","T","R","?","$","R","M","R","BOSS"],"items_purchased_type":["Card","Card","Card","Card","Card","Potion","Relic","Potion"],"build_version":"2020-12-22","purchased_purges":2,"victory":true,"max_hp_per_floor":[65,65,65,65,65,65,65,65,65,65,65,70,70,70,70,70,70,70,70,70,70,76,76,76,76,76,76,81,81,81,81,81,81,81,81,81,81,81,81,81,81,81,81,81,81,81,81,81,81,81],"card_choices":[{"not_picked":["Shade:LoseControl","Shade:SoulPierce"],"picked":"Shade:Putrefaction","floor":0},{"not_picked":["Shade:FeralStrike","Shade:ExtraLimbs"],"picked":"Shade:PotionOfRestlessness","floor":1},{"not_picked":["Shade:DangerousRitual","Shade:SpectralStrikes"],"picked":"Shade:FleshToFlesh","floor":3},{"not_picked":["Shade:SkeletonHug","Shade:Premonition","Shade:PressTheAttack"],"picked":"SKIP","floor":4},{"not_picked":["Shade:SoulToxin","Shade:GreyBargain","Shade:Bite_Shade"],"picked":"SKIP","floor":5},{"not_picked":["Shade:CoffinDance","Shade:Bonestorm"],"picked":"Shade:FleshToFlesh","floor":6},{"not_picked":["Shade:FreshBones","Shade:CallWraith"],"picked":"Shade:PotionOfRestlessness","floor":8},{"not_picked":["Shade:BoneShards","Shade:StitchTogether"],"picked":"Shade:FleshToFlesh","floor":10},{"not_picked":["Shade:OneIsEnough","Shade:SpontaneousRitual"],"picked":"Shade:FuneraryJewels","floor":14},{"not_picked":["Shade:Coordination","Shade:SelfBurial"],"picked":"Shade:LastGasp","floor":16},{"not_picked":["Shade:ExtraLimbs","Shade:AncientSpear"],"picked":"Shade:FeralStrike+1","floor":18},{"not_picked":["Shade:SkeletonHug+1","Shade:FingerOfDeath","Shade:GreyBargain"],"picked":"SKIP","floor":20},{"not_picked":["Shade:Brains","Shade:CloudOfShrapnel"],"picked":"Shade:SkeletonArmy+1","floor":21},{"not_picked":["Shade:CoffinDance","Shade:BoneShards"],"picked":"Shade:LyeBath+1","floor":23},{"not_picked":["Shade:LyeBath+1","Shade:GreyBargain"],"picked":"Shade:Trample","floor":27},{"not_picked":["Shade:CommandSoldier","Shade:CoffinDance","Shade:GraveStillness"],"picked":"SKIP","floor":29},{"not_picked":["Shade:FleshOffering+1","Shade:UnbarTheGrave"],"picked":"Shade:CommandSoldier","floor":31},{"not_picked":["Shade:LastGasp","Shade:Tombstone"],"picked":"Shade:UnbarTheGrave","floor":33},{"not_picked":["Shade:AncientSpear+1","Shade:FleshToFlesh+1"],"picked":"Shade:Trample+1","floor":35},{"not_picked":["Shade:CoffinDance","Shade:ClawBack+1","Shade:ExtraLimbs"],"picked":"SKIP","floor":37},{"not_picked":["Shade:AncientSpear+1","Shade:GreyBargain+1","Shade:StitchTogether"],"picked":"SKIP","floor":40},{"not_picked":["Shade:FleshToFlesh+1","Shade:ExtraLimbs"],"picked":"Shade:FuneraryArmor+1","floor":41},{"not_picked":["Shade:SelfBurial","Shade:BoneShards+1"],"picked":"Shade:FleshLikeOak+1","floor":42},{"not_picked":["Shade:ExtraLimbs+1","Shade:Premonition"],"picked":"Shade:AuraOfUnlife+1","floor":45},{"not_picked":["Shade:CoffinDance","Shade:Premonition","Shade:CloudOfShrapnel+1"],"picked":"SKIP","floor":48}],"player_experience":505016,"relics_obtained":[{"floor":6,"key":"Regal Pillow"},{"floor":9,"key":"Pen Nib"},{"floor":10,"key":"Odd Mushroom"},{"floor":14,"key":"Darkstone Periapt"},{"floor":23,"key":"CeramicFish"},{"floor":26,"key":"Vajra"},{"floor":31,"key":"Bottled Lightning"},{"floor":40,"key":"Omamori"},{"floor":40,"key":"Ancient Tea Set"},{"floor":42,"key":"Gambling Chip"},{"floor":42,"key":"Juzu Bracelet"},{"floor":43,"key":"HornCleat"},{"floor":45,"key":"CaptainsWheel"}],"event_choices":[{"damage_healed":0,"gold_gain":0,"player_choice":"Grow","damage_taken":0,"max_hp_gain":0,"max_hp_loss":0,"event_name":"Living Wall","floor":2,"gold_loss":0,"cards_upgraded":["Shade:Putrefaction"]},{"damage_healed":0,"gold_gain":0,"player_choice":"Fought Mushrooms","damage_taken":0,"max_hp_gain":0,"max_hp_loss":0,"event_name":"Mushrooms","floor":10,"gold_loss":0},{"damage_healed":0,"gold_gain":0,"player_choice":"Donut","damage_taken":0,"max_hp_gain":5,"max_hp_loss":0,"event_name":"Big Fish","floor":12,"gold_loss":0},{"damage_healed":0,"gold_gain":0,"player_choice":"Stole Relic","damage_taken":0,"relics_obtained":["Bronze Scales"],"max_hp_gain":0,"max_hp_loss":0,"event_name":"Addict","floor":22,"gold_loss":0,"cards_obtained":["Shame"]},{"damage_healed":0,"gold_gain":0,"player_choice":"Ignored","damage_taken":0,"max_hp_gain":0,"max_hp_loss":0,"event_name":"Ghosts","floor":25,"gold_loss":0},{"damage_healed":0,"gold_gain":0,"player_choice":"Shed Blood","damage_taken":19,"max_hp_gain":5,"max_hp_loss":0,"event_name":"Forgotten Altar","floor":28,"gold_loss":0},{"damage_healed":0,"gold_gain":0,"player_choice":"Ignored","damage_taken":0,"max_hp_gain":0,"max_hp_loss":0,"event_name":"Vampires","floor":30,"gold_loss":0},{"cards_removed":["Shade:CarefulCut"],"damage_healed":0,"gold_gain":0,"player_choice":"Removed Attack","damage_taken":0,"max_hp_gain":0,"max_hp_loss":0,"event_name":"Falling","floor":36,"gold_loss":0},{"damage_healed":0,"gold_gain":0,"player_choice":"Upgraded","damage_taken":0,"max_hp_gain":0,"max_hp_loss":0,"event_name":"Upgrade Shrine","floor":39,"gold_loss":0,"cards_upgraded":["Shade:Trample"]},{"damage_healed":0,"gold_gain":0,"player_choice":"Fight","damage_taken":0,"max_hp_gain":0,"max_hp_loss":0,"event_name":"MindBloom","floor":45,"gold_loss":0}],"is_beta":false,"boss_relics":[{"not_picked":["Snecko Eye","SacredBark"],"picked":"SlaversCollar"},{"not_picked":["Calling Bell","Coffee Dripper"],"picked":"Black Star"}],"items_purged_floors":[13,19],"is_endless":false,"potions_floor_spawned":[3,4,6,8,16,23,31,33,37,40,41,48],"ascension_level":0}}