{"host":"newqdrzxfhh2im9e","time":1611537637,"event":{"mods":["AchievementEnabler","BaseMod","BetterRewards","Block Reminder","Colored Map","Jorbs\u0027s Wanderer Trilogy","Minty Spire (QoL Compilation)","Rare Cards Sparkle","Shop Mod","StSLib"],"gold_per_floor":[117,21,21,21,32,32,45,45,45,75,89,101,118,133,133,229,229,240,64,64,81,81,81,81,11,11,11,31,64,64,64,64],"floor_reached":31,"language":"ENG","playtime":858,"items_purged":[],"score":332,"play_id":"8ce7f1f8-155c-4a95-8816-11f7dd3a9482","local_time":"20210124172037","is_ascension_mode":false,"campfire_choices":[{"data":"Blind","floor":6,"key":"SMITH"},{"data":"Eruption","floor":8,"key":"SMITH"},{"floor":15,"key":"REST"},{"data":"Wish","floor":23,"key":"SMITH"},{"data":"Judgement","floor":30,"key":"SMITH"}],"circlet_count":0,"master_deck":["Strike_P","Defend_P+1","Defend_P","Defend_P","Eruption+1","Vigilance+1","LikeWater+1","Blind+1","Judgement+1","CarveReality+1","Tantrum","Vengeance","Wish+1","Fasting2+1","ForeignInfluence+1","SignatureMove+1","LessonLearned","TalkToTheHand","Ragnarok"],"relics":["PureWater","Pear","Kunai","Astrolabe","MutagenicStrength","White Beast Statue","Damaru"],"acts_visited":["Exordium","TheCity"],"potions_floor_usage":[10,13,16,21,21,29,31],"damage_taken":[{"damage":0,"enemies":"Cultist","floor":1,"turns":3},{"damage":0,"enemies":"2 Louse","floor":5,"turns":4},{"damage":0,"enemies":"Jaw Worm","floor":7,"turns":4},{"damage":32,"enemies":"3 Sentries","floor":10,"turns":11},{"damage":2,"enemies":"Blue Slaver","floor":11,"turns":4},{"damage":0,"enemies":"3 Louse","floor":12,"turns":3},{"damage":0,"enemies":"Lots of Slimes","floor":13,"turns":3},{"damage":7,"enemies":"Exordium Thugs","floor":14,"turns":3},{"damage":0,"enemies":"Slime Boss","floor":16,"turns":5},{"damage":0,"enemies":"Spheric Guardian","floor":18,"turns":1},{"damage":8,"enemies":"Shell Parasite","floor":21,"turns":3},{"damage":0,"enemies":"Sentry and Sphere","floor":27,"turns":4},{"damage":2,"enemies":"Snake Plant","floor":28,"turns":2},{"damage":47,"enemies":"Book of Stabbing","floor":29,"turns":6},{"damage":47,"enemies":"Slavers","floor":31,"turns":3}],"seed_played":"8953784761958256766","potions_obtained":[{"floor":1,"key":"Fire Potion"},{"floor":11,"key":"PowerPotion"},{"floor":12,"key":"Strength Potion"},{"floor":18,"key":"FearPotion"},{"floor":28,"key":"Regen Potion"},{"floor":29,"key":"BlessingOfTheForge"}],"is_trial":false,"path_per_floor":["M","$","?","?","M","R","M","R","T","E","M","M","M","M","R","B",null,"M","$","?","M","?","R","?","$","T","M","M","E","R","E"],"character_chosen":"WATCHER","items_purchased":["Blind","LessonLearned","Fruit Juice","TalkToTheHand"],"campfire_rested":1,"item_purchase_floors":[2,19,19,25],"current_hp_per_floor":[72,72,72,72,72,72,72,72,82,50,48,48,48,41,65,65,82,82,82,82,79,79,79,79,79,79,79,77,45,45,0,0],"gold":64,"neow_bonus":"UPGRADE_CARD","is_daily":false,"chose_seed":false,"campfire_upgraded":4,"win_rate":0.0,"timestamp":1611537637,"path_taken":["M","$","?","?","?","R","M","R","T","E","M","M","M","M","R","BOSS","M","$","?","M","?","R","?","$","T","M","M","E","R","E"],"items_purchased_type":["Card","Card","Potion","Card"],"build_version":"2020-12-22","purchased_purges":0,"victory":false,"max_hp_per_floor":[72,72,72,72,72,72,72,72,82,82,82,82,82,82,82,82,82,82,82,82,87,87,87,87,87,87,87,87,87,87,87,87],"card_choices":[{"not_picked":["InnerPeace","JustLucky"],"picked":"LikeWater","floor":1},{"not_picked":["ClearTheMind","ThirdEye","CrushJoints"],"picked":"SKIP","floor":5},{"not_picked":["EmptyBody","Evaluate","Meditate"],"picked":"SKIP","floor":7},{"not_picked":["Crescendo","EmptyMind"],"picked":"Judgement","floor":10},{"not_picked":["FollowUp","Halt"],"picked":"CarveReality","floor":11},{"not_picked":["CrushJoints","JustLucky","FlurryOfBlows"],"picked":"SKIP","floor":12},{"not_picked":["Wireheading","JustLucky"],"picked":"Tantrum","floor":13},{"not_picked":["Wireheading","ThirdEye"],"picked":"Vengeance","floor":14},{"not_picked":["MasterReality","DeusExMachina"],"picked":"Wish","floor":16},{"not_picked":["PathToVictory","Evaluate","Crescendo"],"picked":"SKIP","floor":18},{"not_picked":["Halt","Evaluate","ThirdEye"],"picked":"SKIP","floor":21},{"not_picked":["ThirdEye","WaveOfTheHand","EmptyFist"],"picked":"SKIP","floor":27},{"not_picked":["BowlingBash","EmptyBody+1","FlyingSleeves"],"picked":"SKIP","floor":28},{"not_picked":["Wireheading","Conclude+1"],"picked":"Ragnarok","floor":29}],"player_experience":733169,"relics_obtained":[{"floor":9,"key":"Pear"},{"floor":10,"key":"Kunai"},{"floor":26,"key":"White Beast Statue"},{"floor":29,"key":"Damaru"}],"event_choices":[{"damage_healed":0,"gold_gain":0,"player_choice":"Ignored","damage_taken":0,"max_hp_gain":0,"max_hp_loss":0,"event_name":"Golden Wing","floor":3,"gold_loss":0},{"damage_healed":0,"gold_gain":0,"player_choice":"Upgraded","damage_taken":0,"max_hp_gain":0,"max_hp_loss":0,"event_name":"Upgrade Shrine","floor":4,"gold_loss":0,"cards_upgraded":["LikeWater"]},{"damage_healed":0,"gold_gain":0,"player_choice":"Ignored","damage_taken":0,"max_hp_gain":0,"max_hp_loss":0,"event_name":"Ghosts","floor":20,"gold_loss":0},{"damage_healed":0,"gold_gain":0,"player_choice":"Inject Mutagens","damage_taken":0,"relics_obtained":["MutagenicStrength"],"max_hp_gain":0,"max_hp_loss":0,"event_name":"Drug Dealer","floor":22,"gold_loss":0},{"cards_removed":["Strike_P"],"damage_healed":0,"gold_gain":0,"player_choice":"Purged","damage_taken":0,"max_hp_gain":0,"max_hp_loss":0,"event_name":"Purifier","floor":24,"gold_loss":0}],"is_beta":false,"boss_relics":[{"not_picked":["Tiny House","Sozu"],"picked":"Astrolabe"}],"items_purged_floors":[],"is_endless":false,"potions_floor_spawned":[1,11,12,18,27,28,29],"killed_by":"Slavers","ascension_level":0}}