{"host":"ik8ww1p4uabx5gam","time":1611578920,"event":{"mods":["Always Whale","Aspiration","BaseMod","Beaked The Cultist","Better Third Choice","BetterRewards","Colored Map","Colored Powertips","Conspire","Energized Spire","FetchMod","GifTheSpireLib","Hubris","Infinite Spire","Ironclad Rager","Jedi Mod","Minty Spire (QoL Compilation)","Random Character Button","Reliquary","Replay The Spire","Shop Mod","Spicy Shops","Spikes Relics","StSLib","Stuff the Spire","The Blue Laboratory","The Gatherer","Wandering Minibosses","??????REMEMod"],"gold_per_floor":[12,12,12,27,46,79,97,122,147,176,187,187,187,199,199,294,294,314,314,314,352,367,367,62,91,115,165,165,193,239,275,275,429,429,497,572,572,421,486,578,578,657,657,657,736,736,816,929,929,945],"floor_reached":51,"language":"ENG","playtime":1842,"items_purged":["ReplayTheSpireMod:Doomed","Delirium"],"score":1085,"play_id":"a8cc92a4-5bb2-4b93-93e9-85de7b154531","local_time":"20210125064840","is_ascension_mode":true,"campfire_choices":[{"data":"Armaments","floor":13,"key":"SMITH"},{"data":"Invigoration","floor":15,"key":"SMITH"},{"data":"Iron Wave","floor":23,"key":"SMITH"},{"data":"Replay:Dark Deal","floor":28,"key":"SMITH"},{"data":"jedi:harder","floor":41,"key":"SMITH"},{"data":"jedi:harder","floor":44,"key":"SMITH"},{"floor":49,"key":"REST"}],"circlet_count":0,"master_deck":["Bash","Replay:Dark Deal+1","Twin Strike","Twin Strike","Twin Strike","Twin Strike","Twin Strike","Iron Wave","Iron Wave","Iron Wave","Iron Wave+1","Invigoration+1","Armaments+1","infinitespire:Starlight+1","jedi:harder+1","jedi:harder+1","Hallucinations"],"relics":["Burning Blood","REME_ComplimentaryCards","Ring of Hypnosis","Ring of Panic","aspiration:HatOfInfinitePower","reliquary:PartyBalloon","StuffTheSpire:Barrel","Ancient Tea Set","hubris:MysteriousPyramids","energizedSpire:RedRose","CosmicIsotope","ClockworkSouvenir","Anchor","hubris:CrystalStatue","Replay:Bandana","StuffTheSpire:PointBlank","infinitespire:EvilPickle","hubris:HollowSoul","wanderingMiniBosses:AbyssPearl","Frozen Eye","reliquary:TuningFork","RoseTintedShades","Oddly Smooth Stone","hubris:DisguiseKit"],"acts_visited":["Exordium","TheCity","TheBeyond"],"potions_floor_usage":[6,18,18,27,30,33,33,40,48,50,50],"damage_taken":[{"damage":1,"enemies":"conspire:RoseBush","floor":1,"turns":2},{"damage":4,"enemies":"Jaw Worm","floor":4,"turns":2},{"damage":0,"enemies":"Small Slimes","floor":5,"turns":2},{"damage":15,"enemies":"Lagavulin","floor":6,"turns":3},{"damage":10,"enemies":"Red Slaver","floor":7,"turns":2},{"damage":9,"enemies":"Gremlin Nob","floor":10,"turns":3},{"damage":17,"enemies":"Exordium Thugs","floor":11,"turns":5},{"damage":0,"enemies":"Looter","floor":14,"turns":1},{"damage":9,"enemies":"Slime Boss","floor":16,"turns":5},{"damage":42,"enemies":"conspire:FuzzyDice","floor":18,"turns":5},{"damage":5,"enemies":"Spheric Guardian","floor":22,"turns":3},{"damage":22,"enemies":"Replay:Snechameleon","floor":25,"turns":4},{"damage":21,"enemies":"Book of Stabbing","floor":27,"turns":3},{"damage":3,"enemies":"conspire:HollyBat","floor":29,"turns":5},{"damage":12,"enemies":"Chosen and Byrds","floor":30,"turns":3},{"damage":2,"enemies":"Shelled Parasite and Fungi","floor":31,"turns":3},{"damage":46,"enemies":"Pondfish","floor":33,"turns":9},{"damage":31,"enemies":"3 Shapes","floor":35,"turns":6},{"damage":0,"enemies":"Orb Walker","floor":36,"turns":2},{"damage":50,"enemies":"Transient","floor":39,"turns":5},{"damage":14,"enemies":"beaked:SuperParasite","floor":40,"turns":3},{"damage":13,"enemies":"R_Hoarder","floor":42,"turns":4},{"damage":1,"enemies":"Maw","floor":45,"turns":3},{"damage":2,"enemies":"Writhing Mass","floor":47,"turns":3},{"damage":44,"enemies":"Reptomancer","floor":48,"turns":4},{"damage":2,"enemies":"hubris:GrandSnecko","floor":50,"turns":3}],"seed_played":"-206497625641059396","potions_obtained":[{"floor":4,"key":"CultistPotion"},{"floor":6,"key":"Adrenaline Potion"},{"floor":7,"key":"Weak Potion"},{"floor":10,"key":"DuplicationPotion"},{"floor":14,"key":"blueLaboratory:NullPotion"},{"floor":18,"key":"blueLaboratory:AbyssPotion"},{"floor":21,"key":"Death Potion"},{"floor":21,"key":"BloodPotion"},{"floor":29,"key":"Swift Potion"},{"floor":31,"key":"ColorlessPotion"},{"floor":33,"key":"jedi:hoardpotion"},{"floor":40,"key":"blueLaboratory:SmithPotion"},{"floor":45,"key":"blueLaboratory:StoneskinPotion"},{"floor":48,"key":"PowerPotion"}],"is_trial":false,"path_per_floor":["M","?","$","M","M","E","M","T","T","E","M","?","R","M","R","B",null,"M","?","AVR","?","M","R","$","E","T","E","R","M","M","M","R_BF","B",null,"M","M","?","$","M","E","R","E","T","R","M","?","M","E","R","B",null],"character_chosen":"IRONCLAD","items_purchased":["ClockworkSouvenir","Anchor","Frozen Eye"],"campfire_rested":1,"item_purchase_floors":[24,24,38],"current_hp_per_floor":[56,56,56,58,64,55,51,51,51,48,47,47,47,53,53,50,72,36,36,36,36,47,47,47,41,41,56,56,69,63,67,72,46,72,47,68,68,68,39,46,46,54,54,54,72,72,72,49,70,72],"gold":945,"neow_bonus":"IRONCLAD_BERSERKER","is_daily":false,"chose_seed":false,"campfire_upgraded":6,"win_rate":0.0,"timestamp":1611578920,"path_taken":["M","?","?","?","M","E","M","?","T","E","M","?","R","?","R","BOSS","M","?","AVR","?","M","R","$","E","T","E","R","M","M","M","R_BF","BOSS","M","M","?","$","M","E","R","E","T","R","?","?","?","E","R","BOSS"],"items_purchased_type":["Relic","Relic","Relic"],"build_version":"2020-12-22","purchased_purges":2,"victory":true,"max_hp_per_floor":[72,72,72,72,72,72,72,72,72,72,72,72,72,72,72,72,72,72,72,72,72,72,72,72,72,72,72,72,72,72,72,72,72,72,72,72,72,72,72,72,72,72,72,72,72,72,72,72,72,72],"card_choices":[{"not_picked":["Anger","StuffTheSpire:Incineration","StuffTheSpire:RagingBull"],"picked":"SKIP","floor":1},{"not_picked":["ReplayTheSpireMod:Strike From Hell","Whirlwind"],"picked":"Invigoration","floor":4},{"not_picked":["Absolvement","Thunderclap","jedi:hate"],"picked":"SKIP","floor":5},{"not_picked":["REME_FearOfPain","Hemokinesis","Perfected Strike"],"picked":"SKIP","floor":6},{"not_picked":["hubris:SharpeningStone","jedi:controlledanger","Heavy Blade"],"picked":"SKIP","floor":7},{"not_picked":["True Grit","Wild Strike"],"picked":"Armaments","floor":10},{"not_picked":["ReplayReversal","ReplayTheSpireMod:Corrosion Curse","hubris:CleavingFinish"],"picked":"SKIP","floor":11},{"not_picked":["jedi:suffering","Replay:Undeath\u0027s Touch","REME_Scribble"],"picked":"SKIP","floor":14},{"not_picked":["Thunderclap+1","hubris:ReadiedAction","jedi:controlledanger+1"],"picked":"SKIP","floor":18},{"not_picked":["Entrench","Cleave","ReplayTheSpireMod:Muscle Training+1"],"picked":"SKIP","floor":22},{"not_picked":["Searing Blow","Berserk","Replay:Undeath\u0027s Touch"],"picked":"SKIP","floor":25},{"not_picked":["Twin Strike","Replay:Undeath\u0027s Touch","jedi:controlledanger"],"picked":"SKIP","floor":27},{"not_picked":["Intimidate","Anger","Abandon+1"],"picked":"SKIP","floor":29},{"not_picked":["StuffTheSpire:Incineration","Fiend Fire","Sword Boomerang+1"],"picked":"SKIP","floor":30},{"not_picked":["Body Slam","Twin Strike","ReplayTheSpireMod:Strike From Hell"],"picked":"SKIP","floor":31},{"not_picked":["jedi:strikingstrike","Replay:Many Hands"],"picked":"jedi:harder","floor":33},{"not_picked":["Anger","Replay:Undeath\u0027s Touch+1","Burning Pact"],"picked":"SKIP","floor":35},{"not_picked":["Dual Wield","jedi:fear","jedi:hate+1"],"picked":"SKIP","floor":36},{"not_picked":["Bloodletting","REME_FearOfPain+1","Clash+1"],"picked":"SKIP","floor":39},{"not_picked":["Burning Pact","jedi:collectorstrike","Life Link"],"picked":"SKIP","floor":40},{"not_picked":["Inflame","Warcry+1","StuffTheSpire:Slingshot"],"picked":"SKIP","floor":42},{"not_picked":["Invigoration","jedi:fear+1","Twin Strike"],"picked":"SKIP","floor":45},{"not_picked":["Cleave","Ghostly Armor","Evolve+1"],"picked":"SKIP","floor":47},{"not_picked":["Iron Wave","StuffTheSpire:Slingshot","Clothesline"],"picked":"SKIP","floor":48}],"player_experience":1030180,"relics_obtained":[{"floor":2,"key":"Ring of Hypnosis"},{"floor":2,"key":"Ring of Panic"},{"floor":6,"key":"aspiration:HatOfInfinitePower"},{"floor":8,"key":"reliquary:PartyBalloon"},{"floor":9,"key":"StuffTheSpire:Barrel"},{"floor":10,"key":"Ancient Tea Set"},{"floor":25,"key":"hubris:CrystalStatue"},{"floor":26,"key":"Replay:Bandana"},{"floor":27,"key":"StuffTheSpire:PointBlank"},{"floor":35,"key":"wanderingMiniBosses:AbyssPearl"},{"floor":40,"key":"reliquary:TuningFork"},{"floor":42,"key":"RoseTintedShades"},{"floor":43,"key":"Oddly Smooth Stone"},{"floor":48,"key":"hubris:DisguiseKit"}],"event_choices":[{"damage_healed":0,"gold_gain":0,"player_choice":"Gave Potion","damage_taken":0,"relics_obtained":["hubris:MysteriousPyramids"],"max_hp_gain":0,"max_hp_loss":0,"event_name":"WeMeetAgain","floor":12,"gold_loss":0},{"damage_healed":0,"gold_gain":0,"player_choice":"Copied","damage_taken":0,"max_hp_gain":0,"max_hp_loss":0,"event_name":"Duplicator","floor":37,"gold_loss":0,"cards_obtained":["jedi:harder"]},{"damage_healed":0,"gold_gain":0,"player_choice":"1 cards matched","damage_taken":0,"max_hp_gain":0,"max_hp_loss":0,"event_name":"Match and Keep!","floor":46,"gold_loss":0,"cards_obtained":["Hallucinations"]}],"is_beta":false,"boss_relics":[{"not_picked":["energizedSpire:CursedPentagram","aspiration:FutureDiary"],"picked":"energizedSpire:RedRose"},{"not_picked":["Fusion Hammer","Kintsugi"],"picked":"hubris:HollowSoul"}],"items_purged_floors":[20,38],"is_endless":false,"potions_floor_spawned":[4,6,7,10,14,18,29,31,33,40,45,48],"ascension_level":1}}