{"host":"mb7itejek3z0coku","time":1611560181,"event":{"mods":["AchievementEnabler","BaseMod","Hermit","Hubris","Jorbs\u0027s Wanderer Trilogy","Minty Spire (QoL Compilation)","Replay The Spire","StSLib","Td1madao Mod","The Cursed","The Disciple","The Hierophant","The Mystic","slay the spire mod where everything is the same but ironclad has a cowboy hat"],"gold_per_floor":[119,119,177,192,192,206,236,236,313,313,330,330,133,151,151,254,254,270,270,210,210,226,226,241,241,266,43,77,177,177,177,177,277,277,297,310,310,310,330,330,330,330],"floor_reached":41,"language":"ENG","playtime":3741,"items_purged":[],"score":432,"play_id":"45ffce3f-d85d-454c-aca7-4015dfc8894e","local_time":"20210124233621","is_ascension_mode":false,"campfire_choices":[{"floor":8,"key":"RECALL"},{"floor":12,"key":"REST"},{"floor":15,"key":"REST"},{"floor":23,"key":"REST"},{"floor":32,"key":"REST"}],"circlet_count":0,"master_deck":["Strike_Br+1","Strike_Br+1","Strike_Br+1","Strike_Br+1","Defend_Br+1","Defend_Br+1","Defend_Br+1","Defend_Br+1","PatternShift","HandsUpC","LockedThread","LockedMercury","LockedPlans+1","Goo+23","Flay","SlimeSpray","LockedScales","WindUp","RageCommand+1","LockedBlood+1","Necronomicurse","PrimeTime+1","Analog","WatchCommand+1","LockedTornado","LockedCalendar","Keepsakes+1"],"relics":["Chronometer","Nitrogen?","ReplayTheSpireMod:Ninjato","Question Card","Bag of Preparation","Metronome","Necronomicon","Juzu Bracelet","Lee\u0027s Waffle","Strawberry","hubris:GlazedTorus","HornCleat","Bottled Flame","Black Star","Paper Turtyl","hubris:BottledRain"],"acts_visited":["Exordium","TheCity","TheBeyond"],"potions_floor_usage":[7,29,29,33,39],"damage_taken":[{"damage":5,"enemies":"Jaw Worm","floor":1,"turns":7},{"damage":4,"enemies":"2 Louse","floor":4,"turns":5},{"damage":7,"enemies":"Small Slimes","floor":6,"turns":4},{"damage":11,"enemies":"Gremlin Nob","floor":7,"turns":6},{"damage":0,"enemies":"Exordium Wildlife","floor":11,"turns":3},{"damage":0,"enemies":"Looter","floor":14,"turns":4},{"damage":18,"enemies":"Hexaghost","floor":16,"turns":7},{"damage":19,"enemies":"Spheric Guardian","floor":18,"turns":6},{"damage":22,"enemies":"Shell Parasite","floor":22,"turns":4},{"damage":16,"enemies":"Cultist and Chosen","floor":24,"turns":6},{"damage":51,"enemies":"Slavers","floor":28,"turns":4},{"damage":18,"enemies":"Colosseum Slavers","floor":29,"turns":5},{"damage":37,"enemies":"Colosseum Nobs","floor":29,"turns":4},{"damage":7,"enemies":"Champ","floor":33,"turns":9},{"damage":40,"enemies":"3 Darklings","floor":35,"turns":5},{"damage":13,"enemies":"3 Shapes","floor":36,"turns":5},{"damage":39,"enemies":"Jaw Worm Horde","floor":39,"turns":6},{"damage":32,"enemies":"Sphere and 2 Shapes","floor":41,"turns":4}],"seed_played":"-7106603628463629455","potions_obtained":[{"floor":3,"key":"FairyPotion"},{"floor":4,"key":"Elixir"},{"floor":6,"key":"Weak Potion"},{"floor":16,"key":"FearPotion"},{"floor":18,"key":"DuplicationPotion"},{"floor":22,"key":"Flashbang"},{"floor":29,"key":"Regen Potion"},{"floor":33,"key":"Strength Potion"},{"floor":36,"key":"Weak Potion"},{"floor":39,"key":"SteroidPotion"}],"is_trial":false,"path_per_floor":["M","?","?","M","?","M","E","R","T","?","M","R","$","M","R","B",null,"M","?","?","?","M","R","M","?","T","$","E","?","?","T","R","B",null,"M","M","T","T","M","?","M"],"character_chosen":"CHRONO_CLASS","items_purchased":["Bag of Preparation","LockedScales","Lee\u0027s Waffle","Analog"],"campfire_rested":4,"item_purchase_floors":[13,13,27,27],"current_hp_per_floor":[66,66,38,34,34,27,16,16,16,16,16,37,37,37,58,40,71,52,52,52,36,20,41,34,34,34,78,34,28,12,12,39,59,90,59,52,52,52,25,25,0,0],"gold":330,"neow_bonus":"TEN_PERCENT_HP_BONUS","is_daily":false,"chose_seed":false,"campfire_upgraded":0,"win_rate":0.0,"timestamp":1611560181,"path_taken":["M","?","?","M","?","M","E","R","T","?","M","R","$","M","R","BOSS","M","?","?","?","M","R","M","?","T","$","E","?","?","?","R","BOSS","M","M","?","?","M","?","M"],"items_purchased_type":["Relic","Card","Relic","Card"],"build_version":"2020-12-22","purchased_purges":0,"victory":false,"max_hp_per_floor":[71,71,71,71,71,71,71,71,71,71,71,71,71,71,71,71,71,71,71,71,71,71,71,71,71,71,78,85,85,90,90,90,90,90,90,90,90,90,90,90,90,90],"card_choices":[{"not_picked":["BlueShift","HandsUpB"],"picked":"HandsUpC","floor":1},{"not_picked":["Parity","LockedUrn"],"picked":"LockedThread","floor":3},{"not_picked":["Tempo","LockedTurtyl"],"picked":"LockedMercury","floor":4},{"not_picked":["Engulf","HandsUpB"],"picked":"Goo","floor":6},{"not_picked":["Stagnate","HandsUpB"],"picked":"Flay","floor":7},{"not_picked":["LockedAnchor","Tempo","TiringSlam"],"picked":"SlimeSpray","floor":11},{"not_picked":["Goo","LockedPlans","BlueShift"],"picked":"WindUp","floor":14},{"not_picked":["OldTimer","LockedAstrolabe","LockedBell"],"picked":"RageCommand","floor":16},{"not_picked":["LockedMedicine+1","Parity","LockedPlans"],"picked":"LockedBlood+1","floor":18},{"not_picked":["Tempo+1","Echoward+1","BiteCommand"],"picked":"PrimeTime+1","floor":22},{"not_picked":["Parity","Tempo","Engulf+1","HandsUpB"],"picked":"SKIP","floor":24},{"not_picked":["PrimeTime","LockedFlame","OverTime"],"picked":"WatchCommand+1","floor":28},{"not_picked":["LockedOrichalcum","Recurrance","Engulf"],"picked":"LockedTornado","floor":29},{"not_picked":["LockedBell","BackFourSeconds","LockedFlame"],"picked":"LockedCalendar","floor":33},{"not_picked":["PrimeTime","BiteCommand","LockedMedicine","Tempo+1"],"picked":"SKIP","floor":35},{"not_picked":["HandsUpB","ResonantCall+1","LockedAnchor"],"picked":"Keepsakes+1","floor":36},{"not_picked":["LockedOrichalcum","CrunchTime+1","HandsUpB+1","LockedPlans+1"],"picked":"SKIP","floor":39}],"player_experience":138830,"relics_obtained":[{"floor":3,"key":"ReplayTheSpireMod:Ninjato"},{"floor":7,"key":"Question Card"},{"floor":21,"key":"Necronomicon"},{"floor":26,"key":"Juzu Bracelet"},{"floor":28,"key":"Strawberry"},{"floor":29,"key":"hubris:GlazedTorus"},{"floor":29,"key":"HornCleat"},{"floor":31,"key":"Bottled Flame"},{"floor":37,"key":"Paper Turtyl"},{"floor":38,"key":"hubris:BottledRain"}],"event_choices":[{"damage_healed":0,"gold_gain":0,"player_choice":"Simplicity","damage_taken":0,"max_hp_gain":0,"max_hp_loss":0,"event_name":"Back to Basics","floor":19,"gold_loss":0,"cards_upgraded":["Strike_Br","Strike_Br","Strike_Br","Strike_Br","Defend_Br","Defend_Br","Defend_Br","Defend_Br"]},{"damage_healed":0,"gold_gain":0,"player_choice":"Obtained Book","damage_taken":16,"max_hp_gain":0,"max_hp_loss":0,"event_name":"Cursed Tome","floor":21,"gold_loss":0},{"damage_healed":0,"gold_gain":0,"player_choice":"Upgraded","damage_taken":0,"max_hp_gain":0,"max_hp_loss":0,"event_name":"Upgrade Shrine","floor":25,"gold_loss":0,"cards_upgraded":["RageCommand"]},{"damage_healed":0,"gold_gain":0,"player_choice":"Fight","damage_taken":0,"max_hp_gain":0,"max_hp_loss":0,"event_name":"Colosseum","floor":29,"gold_loss":0},{"damage_healed":0,"gold_gain":0,"player_choice":"Fought Nobs","damage_taken":0,"max_hp_gain":0,"max_hp_loss":0,"event_name":"Colosseum","floor":29,"gold_loss":0},{"damage_healed":0,"gold_gain":0,"player_choice":"Shed Blood","damage_taken":21,"max_hp_gain":5,"max_hp_loss":0,"event_name":"Forgotten Altar","floor":30,"gold_loss":0},{"damage_healed":0,"gold_gain":0,"player_choice":"Ignored","damage_taken":0,"max_hp_gain":0,"max_hp_loss":0,"event_name":"SecretPortal","floor":40,"gold_loss":0}],"is_beta":false,"boss_relics":[{"not_picked":["Velvet Choker","hubris:TerracottaHorce"],"picked":"Metronome"},{"not_picked":["hubris:CrackedHourglass","Cursed Key"],"picked":"Black Star"}],"items_purged_floors":[],"is_endless":false,"potions_floor_spawned":[4,6,16,18,22,29,33,36,39],"killed_by":"Sphere and 2 Shapes","ascension_level":0}}