{"host":"ckaco0f0uooj3awm","time":1611588436,"event":{"mods":["AchievementEnabler","BaseMod","Bestiary","Block Reminder","Colored Map","Colored Powertips","Highlight Path","Minty Spire (QoL Compilation)","Permanent Neow","Relic Stats"],"gold_per_floor":[110,122,122,141,141,141,172,191,191,221,221,236,236,10,10,108,108,119,139,157,175,190,217,217,243,243,243,278,12,37,50,50,155,155,165,165,185,235,235,235,266,300,300,300,300,331,385,418,418,418,418,418,7,35,35],"floor_reached":56,"language":"POL","playtime":4797,"items_purged":["Strike_R"],"score":1676,"play_id":"2dc3d7de-05b1-4f6c-91f8-8a615e70529d","local_time":"20210125162716","is_ascension_mode":true,"campfire_choices":[{"data":"Uppercut","floor":6,"key":"SMITH"},{"data":"Rupture","floor":11,"key":"SMITH"},{"floor":13,"key":"REST"},{"data":"Combust","floor":15,"key":"SMITH"},{"floor":24,"key":"REST"},{"floor":32,"key":"REST"},{"data":"Armaments","floor":40,"key":"SMITH"},{"floor":49,"key":"RECALL"},{"data":"Shockwave","floor":52,"key":"SMITH"}],"circlet_count":0,"master_deck":["Strike_R","Strike_R","Defend_R","Defend_R+1","Defend_R","Defend_R+1","Combust+1","Twin Strike","Uppercut+1","Clothesline","Sword Boomerang","Rupture+1","Pommel Strike","Brutality","Sword Boomerang","Headbutt+1","Heavy Blade+1","Clothesline+1","Shrug It Off","True Grit+1","Armaments+1","Barricade+1","True Grit+1","Intimidate+1","Metallicize+1","Cleave+1","Shockwave+1","Shockwave+1","Heavy Blade","Reaper","Dark Embrace+1","Metallicize+1"],"relics":["Burning Blood","Red Skull","Regal Pillow","FossilizedHelix","Mummified Hand","PreservedInsect","Tiny Chest","Empty Cage","Pen Nib","Prayer Wheel","Ancient Tea Set","InkBottle","Membership Card","White Beast Statue","Frozen Egg 2","Snecko Eye","WingedGreaves","Meat on the Bone","Lantern","Shuriken","CaptainsWheel","HornCleat","Turnip","Bag of Marbles","Torii","Bird Faced Urn","War Paint"],"acts_visited":["Exordium","TheCity","TheBeyond","TheEnding"],"potions_floor_usage":[7,10,16,21,21,22,23,28,33,33,35,38,41,42,46,47,48,50,50,54,55,55,55],"damage_taken":[{"damage":1,"enemies":"2 Louse","floor":1,"turns":3},{"damage":10,"enemies":"Jaw Worm","floor":2,"turns":4},{"damage":3,"enemies":"Cultist","floor":4,"turns":4},{"damage":34,"enemies":"Lagavulin","floor":7,"turns":6},{"damage":16,"enemies":"Large Slime","floor":8,"turns":5},{"damage":18,"enemies":"Gremlin Nob","floor":10,"turns":3},{"damage":5,"enemies":"Exordium Thugs","floor":12,"turns":3},{"damage":14,"enemies":"Slime Boss","floor":16,"turns":6},{"damage":30,"enemies":"Shell Parasite","floor":18,"turns":5},{"damage":32,"enemies":"Spheric Guardian","floor":19,"turns":4},{"damage":10,"enemies":"Cultist and Chosen","floor":20,"turns":4},{"damage":14,"enemies":"Snake Plant","floor":21,"turns":2},{"damage":2,"enemies":"Centurion and Healer","floor":22,"turns":4},{"damage":9,"enemies":"Slavers","floor":23,"turns":3},{"damage":27,"enemies":"Gremlin Leader","floor":25,"turns":4},{"damage":34,"enemies":"Slavers","floor":28,"turns":3},{"damage":7,"enemies":"Gremlin Leader","floor":30,"turns":4},{"damage":9,"enemies":"3 Cultists","floor":31,"turns":3},{"damage":66,"enemies":"Collector","floor":33,"turns":7},{"damage":23,"enemies":"3 Darklings","floor":35,"turns":4},{"damage":18,"enemies":"3 Shapes","floor":37,"turns":5},{"damage":9,"enemies":"Mind Bloom Boss Battle","floor":38,"turns":4},{"damage":6,"enemies":"Nemesis","floor":41,"turns":4},{"damage":4,"enemies":"Giant Head","floor":42,"turns":5},{"damage":18,"enemies":"Reptomancer","floor":46,"turns":3},{"damage":18,"enemies":"2 Orb Walkers","floor":47,"turns":4},{"damage":8,"enemies":"Giant Head","floor":48,"turns":6},{"damage":44,"enemies":"Donu and Deca","floor":50,"turns":7},{"damage":23,"enemies":"Shield and Spear","floor":54,"turns":6},{"damage":57,"enemies":"The Heart","floor":55,"turns":8}],"seed_played":"-727058116459613587","potions_obtained":[{"floor":1,"key":"Explosive Potion"},{"floor":4,"key":"CultistPotion"},{"floor":5,"key":"FairyPotion"},{"floor":5,"key":"EntropicBrew"},{"floor":8,"key":"PowerPotion"},{"floor":12,"key":"FearPotion"},{"floor":21,"key":"Fire Potion"},{"floor":22,"key":"SneckoOil"},{"floor":28,"key":"BloodPotion"},{"floor":30,"key":"Weak Potion"},{"floor":31,"key":"ElixirPotion"},{"floor":33,"key":"EssenceOfSteel"},{"floor":35,"key":"Weak Potion"},{"floor":37,"key":"PowerPotion"},{"floor":38,"key":"AttackPotion"},{"floor":41,"key":"ColorlessPotion"},{"floor":42,"key":"FearPotion"},{"floor":46,"key":"AttackPotion"},{"floor":47,"key":"Dexterity Potion"},{"floor":48,"key":"FearPotion"},{"floor":54,"key":"PowerPotion"}],"is_trial":false,"path_per_floor":["M","M","?","M","?","R","E","M","T","E","R","M","R","$","R","B",null,"M","M","M","M","M","E","R","E","T","?","E","$","E","M","R","B",null,"M","T","M","?","?","R","E","E","T","?","T","E","?","E","R","B",null,"R","$","E","B",null],"character_chosen":"IRONCLAD","items_purchased":["Tiny Chest","Membership Card","White Beast Statue","Torii","Bird Faced Urn","Dark Embrace+1","LiquidBronze","BlessingOfTheForge"],"campfire_rested":3,"item_purchase_floors":[14,29,29,53,53,53,53,53],"current_hp_per_floor":[80,76,64,67,67,67,39,29,29,17,17,18,57,57,57,49,72,48,22,18,10,14,11,50,29,29,14,14,14,13,10,50,7,66,49,49,37,34,34,34,34,48,48,48,48,48,48,58,58,57,75,75,75,68,45],"gold":35,"neow_bonus":"RANDOM_COMMON_RELIC","is_daily":false,"chose_seed":false,"campfire_upgraded":5,"win_rate":0.0,"timestamp":1611588436,"path_taken":["M","M","?","M","?","R","E","M","T","E","R","M","R","$","R","BOSS","M","M","M","?","M","E","R","E","T","?","E","?","E","M","R","BOSS","M","?","M","?","?","R","E","E","T","?","?","E","?","E","R","BOSS","R","$","E","BOSS"],"items_purchased_type":["Relic","Relic","Relic","Relic","Relic","Card","Potion","Potion"],"build_version":"2020-12-22","purchased_purges":1,"victory":true,"max_hp_per_floor":[80,80,80,80,80,80,80,80,80,80,80,80,80,80,80,80,80,80,80,80,80,80,80,80,80,80,85,85,85,85,85,85,85,85,85,85,85,85,85,85,85,85,85,81,81,81,81,81,81,81,81,81,81,81,81],"relic_stats":{"Regal Pillow":45,"Torii":2,"counters":[30,133],"PreservedInsect":589,"Pen Nib":[16],"War Paint":["Defend_R","Defend_R"],"Burning Blood":175,"Mummified Hand":[136],"Shuriken":[10],"Bird Faced Urn":[26],"Snecko Eye":[112,137,105,105],"Tiny Chest":2,"Prayer Wheel":3,"Turnip":[2],"obtain_stats":[{"Regal Pillow":3,"Lantern":42,"Torii":53,"Empty Cage":17,"Ancient Tea Set":26,"Burning Blood":0,"HornCleat":46,"Mummified Hand":9,"Tiny Chest":14,"Prayer Wheel":25,"WingedGreaves":38,"Red Skull":0,"InkBottle":28,"PreservedInsect":10,"Pen Nib":23,"Frozen Egg 2":30,"War Paint":54,"White Beast Statue":29,"CaptainsWheel":45,"Shuriken":43,"Bird Faced Urn":53,"Snecko Eye":34,"Turnip":47,"Bag of Marbles":48,"Membership Card":29,"FossilizedHelix":7,"Meat on the Bone":41},{"Regal Pillow":2,"Lantern":24,"Torii":28,"Empty Cage":8,"Ancient Tea Set":15,"Burning Blood":0,"HornCleat":25,"Mummified Hand":5,"Tiny Chest":7,"Prayer Wheel":15,"WingedGreaves":22,"Red Skull":0,"InkBottle":16,"PreservedInsect":6,"Pen Nib":14,"Frozen Egg 2":17,"War Paint":29,"White Beast Statue":16,"CaptainsWheel":24,"Shuriken":24,"Bird Faced Urn":28,"Snecko Eye":19,"Turnip":26,"Bag of Marbles":27,"Membership Card":16,"FossilizedHelix":4,"Meat on the Bone":23},{"Regal Pillow":7,"Lantern":99,"Torii":119,"Empty Cage":34,"Ancient Tea Set":60,"Burning Blood":0,"HornCleat":102,"Mummified Hand":22,"Tiny Chest":28,"Prayer Wheel":60,"WingedGreaves":90,"Red Skull":0,"InkBottle":63,"PreservedInsect":25,"Pen Nib":56,"Frozen Egg 2":67,"War Paint":125,"White Beast Statue":63,"CaptainsWheel":99,"Shuriken":99,"Bird Faced Urn":119,"Snecko Eye":77,"Turnip":106,"Bag of Marbles":112,"Membership Card":63,"FossilizedHelix":17,"Meat on the Bone":94}],"InkBottle":[28],"Meat on the Bone":60},"card_choices":[{"not_picked":["Heavy Blade","Intimidate"],"picked":"Combust","floor":1},{"not_picked":["Cleave","Rampage"],"picked":"Twin Strike","floor":2},{"not_picked":["Clothesline","Reckless Charge"],"picked":"Uppercut","floor":4},{"not_picked":["Thunderclap","Heavy Blade"],"picked":"Clothesline","floor":7},{"not_picked":["Rampage","Havoc"],"picked":"Sword Boomerang","floor":8},{"not_picked":["Limit Break","Clothesline"],"picked":"Rupture","floor":10},{"not_picked":["Headbutt","Evolve"],"picked":"Pommel Strike","floor":12},{"not_picked":["Impervious","Berserk"],"picked":"Brutality","floor":16},{"not_picked":["Perfected Strike","Rampage"],"picked":"Sword Boomerang","floor":18},{"not_picked":["Twin Strike","Wild Strike","Rampage"],"picked":"SKIP","floor":19},{"not_picked":["Anger","Perfected Strike","Headbutt"],"picked":"SKIP","floor":20},{"not_picked":["Twin Strike","Cleave"],"picked":"Headbutt+1","floor":21},{"not_picked":["Uppercut","Clothesline"],"picked":"Heavy Blade+1","floor":22},{"not_picked":["Bludgeon","Rupture"],"picked":"Clothesline+1","floor":23},{"not_picked":["Body Slam","Headbutt","Wild Strike"],"picked":"SKIP","floor":25},{"not_picked":["Armaments","Wild Strike"],"picked":"Shrug It Off","floor":28},{"not_picked":["Heavy Blade","Sentinel","Twin Strike"],"picked":"SKIP","floor":30},{"not_picked":["Entrench+1","Wild Strike"],"picked":"True Grit+1","floor":31},{"not_picked":["Reckless Charge","Warcry"],"picked":"Armaments","floor":31},{"not_picked":["Impervious","Exhume"],"picked":"Barricade+1","floor":33},{"not_picked":["Armaments","Body Slam"],"picked":"True Grit+1","floor":35},{"not_picked":["Iron Wave","Entrench"],"picked":"Intimidate+1","floor":35},{"not_picked":["Havoc","Wild Strike"],"picked":"Metallicize+1","floor":37},{"not_picked":["Anger","Double Tap"],"picked":"Cleave+1","floor":37},{"not_picked":["Metallicize+1","Flex"],"picked":"Shockwave+1","floor":41},{"not_picked":["Rampage+1","Perfected Strike","Iron Wave+1"],"picked":"SKIP","floor":42},{"not_picked":["Thunderclap","Armaments"],"picked":"Shockwave","floor":46},{"not_picked":["Pommel Strike","Perfected Strike"],"picked":"Heavy Blade","floor":47},{"not_picked":["Inflame+1","Rupture+1"],"picked":"Reaper","floor":48},{"not_picked":["Warcry+1","Havoc"],"picked":"Metallicize+1","floor":54}],"player_experience":251327,"relics_obtained":[{"floor":7,"key":"FossilizedHelix"},{"floor":9,"key":"Mummified Hand"},{"floor":10,"key":"PreservedInsect"},{"floor":23,"key":"Pen Nib"},{"floor":25,"key":"Prayer Wheel"},{"floor":26,"key":"Ancient Tea Set"},{"floor":28,"key":"InkBottle"},{"floor":30,"key":"Frozen Egg 2"},{"floor":38,"key":"WingedGreaves"},{"floor":41,"key":"Meat on the Bone"},{"floor":42,"key":"Lantern"},{"floor":43,"key":"Shuriken"},{"floor":45,"key":"CaptainsWheel"},{"floor":46,"key":"HornCleat"},{"floor":47,"key":"Turnip"},{"floor":48,"key":"Bag of Marbles"},{"floor":54,"key":"War Paint"}],"event_choices":[{"damage_healed":0,"gold_gain":0,"player_choice":"Success","damage_taken":12,"relics_obtained":["Regal Pillow"],"max_hp_gain":0,"max_hp_loss":0,"event_name":"Scrap Ooze","floor":3,"gold_loss":0},{"damage_healed":0,"gold_gain":0,"player_choice":"Got Potions","damage_taken":0,"max_hp_gain":0,"max_hp_loss":0,"event_name":"Lab","floor":5,"gold_loss":0},{"damage_healed":0,"gold_gain":0,"player_choice":"Shed Blood","damage_taken":20,"max_hp_gain":5,"max_hp_loss":0,"event_name":"Forgotten Altar","floor":27,"gold_loss":0},{"damage_healed":0,"gold_gain":0,"player_choice":"Fight","damage_taken":0,"max_hp_gain":0,"max_hp_loss":0,"event_name":"MindBloom","floor":38,"gold_loss":0},{"cards_removed":["Bash"],"damage_healed":0,"gold_gain":0,"player_choice":"Removed Attack","damage_taken":0,"max_hp_gain":0,"max_hp_loss":0,"event_name":"Falling","floor":39,"gold_loss":0},{"damage_healed":0,"gold_gain":0,"player_choice":"Max HP","damage_taken":0,"max_hp_gain":0,"max_hp_loss":4,"event_name":"Winding Halls","floor":44,"gold_loss":0},{"damage_healed":0,"gold_gain":0,"player_choice":"Fight","damage_taken":0,"max_hp_gain":0,"max_hp_loss":0,"event_name":"Mysterious Sphere","floor":47,"gold_loss":0}],"is_beta":false,"boss_relics":[{"not_picked":["SacredBark","Ectoplasm"],"picked":"Empty Cage"},{"not_picked":["SlaversCollar","Sozu"],"picked":"Snecko Eye"}],"items_purged_floors":[14],"is_endless":false,"potions_floor_spawned":[1,4,8,12,21,22,28,30,31,33,35,37,38,41,42,46,47,48,54],"ascension_level":5}}