{"host":"p090fjik2phvjstn","time":1611534780,"event":{"mods":["AchievementEnabler","BaseMod","Block Reminder","Colored Powertips","Minty Spire (QoL Compilation)","Quick Restart","Synergy Search"],"gold_per_floor":[161,181,191,203,215,246,246,272,272,287,316,340,340,366,366,471,471,491,505,126,143,143,471,471,167,167,167,198,198,198,211,211,308,308,328,377,377,427,446,476,476,134,134,169,169,187,203,238,238,238],"floor_reached":51,"language":"ENG","playtime":3839,"items_purged":["Strike_G","Strike_G","Strike_G"],"score":1150,"play_id":"02afe9cc-c363-4ad5-bf1e-3c237c2830c1","local_time":"20210125003300","is_ascension_mode":true,"campfire_choices":[{"floor":7.0,"key":"REST"},{"floor":13.0,"key":"REST"},{"floor":15.0,"key":"REST"},{"floor":24.0,"key":"REST"},{"floor":27.0,"key":"REST"},{"floor":29.0,"key":"REST"},{"floor":32.0,"key":"REST"},{"floor":41,"key":"REST"},{"floor":45,"key":"REST"},{"data":"Defend_G","floor":49,"key":"PURGE"}],"circlet_count":0,"master_deck":["Strike_G+1","Defend_G","Defend_G","Defend_G","Defend_G","Survivor","Neutralize","Predator","Dagger Spray","Noxious Fumes","Corpse Explosion","PiercingWail","PiercingWail","Blade Dance","Dash","Riddle With Holes+1","Calculated Gamble","Cloak And Dagger","Blur","Storm of Steel","Blur","Acrobatics","Malaise","Endless Agony+1","PiercingWail+1","Backstab+1","Streamline+1","Dash+1","True Grit+1","Burst+1","Phantasmal Killer+1","WindmillStrike+1","Undo+1","Burning Pact+1","Heatsinks+1","Good Instincts+1","Footwork","Blade Dance+1","Endless Agony+1","Protect+1","Well Laid Plans"],"relics":["Tiny House","Happy Flower","PreservedInsect","Molten Egg 2","Pen Nib","Dream Catcher","Dead Branch","Black Star","CaptainsWheel","Mercury Hourglass","Old Coin","PrismaticShard","Toxic Egg 2","Art of War","Regal Pillow","WristBlade","TungstenRod","Tingsha","Peace Pipe","Bag of Preparation","Pantograph","Bag of Marbles","Centennial Puzzle","StoneCalendar","Smiling Mask"],"acts_visited":["Exordium","TheCity","TheBeyond"],"potions_floor_usage":[40,40,44,44,50,50],"damage_taken":[{"damage":0.0,"enemies":"Cultist","floor":1.0,"turns":3.0},{"damage":7.0,"enemies":"2 Louse","floor":2.0,"turns":3.0},{"damage":0.0,"enemies":"Jaw Worm","floor":3.0,"turns":5.0},{"damage":1.0,"enemies":"2 Fungi Beasts","floor":4.0,"turns":3.0},{"damage":7.0,"enemies":"Red Slaver","floor":5.0,"turns":6.0},{"damage":19.0,"enemies":"Gremlin Nob","floor":6.0,"turns":4.0},{"damage":17.0,"enemies":"3 Sentries","floor":8.0,"turns":3.0},{"damage":1.0,"enemies":"Gremlin Gang","floor":10.0,"turns":3.0},{"damage":26.0,"enemies":"Lagavulin","floor":11.0,"turns":5.0},{"damage":5.0,"enemies":"3 Sentries","floor":14.0,"turns":4.0},{"damage":27.0,"enemies":"Hexaghost","floor":16.0,"turns":9.0},{"damage":9.0,"enemies":"Shell Parasite","floor":18.0,"turns":6.0},{"damage":13.0,"enemies":"Spheric Guardian","floor":19.0,"turns":4.0},{"damage":13.0,"enemies":"Centurion and Healer","floor":21.0,"turns":6.0},{"damage":35.0,"enemies":"Gremlin Leader","floor":23.0,"turns":7.0},{"damage":27.0,"enemies":"Slavers","floor":28.0,"turns":3.0},{"damage":24.0,"enemies":"Snake Plant","floor":31.0,"turns":2.0},{"damage":44,"enemies":"Automaton","floor":33,"turns":10},{"damage":0,"enemies":"Orb Walker","floor":35,"turns":4},{"damage":26,"enemies":"2 Orb Walkers","floor":36,"turns":5},{"damage":0,"enemies":"Mind Bloom Boss Battle","floor":38,"turns":8},{"damage":0,"enemies":"3 Shapes","floor":39,"turns":1},{"damage":8,"enemies":"Reptomancer","floor":40,"turns":3},{"damage":12,"enemies":"Nemesis","floor":44,"turns":3},{"damage":0,"enemies":"Sphere and 2 Shapes","floor":46,"turns":3},{"damage":1,"enemies":"Spire Growth","floor":47,"turns":3},{"damage":0,"enemies":"Reptomancer","floor":48,"turns":5},{"damage":45,"enemies":"Time Eater","floor":50,"turns":7}],"seed_played":"598145673311911171","potions_obtained":[{"floor":0.0,"key":"GamblersBrew"},{"floor":1.0,"key":"GamblersBrew"},{"floor":2.0,"key":"EntropicBrew"},{"floor":5.0,"key":"CunningPotion"},{"floor":8.0,"key":"Poison Potion"},{"floor":11.0,"key":"Poison Potion"},{"floor":16.0,"key":"EntropicBrew"},{"floor":18.0,"key":"LiquidMemories"},{"floor":21.0,"key":"Fire Potion"},{"floor":36,"key":"AttackPotion"},{"floor":38,"key":"LiquidMemories"},{"floor":46,"key":"PowerPotion"},{"floor":48,"key":"Dexterity Potion"}],"is_trial":false,"path_per_floor":["M","M","M","M","M","E","R","E","T","M","E","T","R","E","R","B",null,"M","M","$","M","?","E","R","$","T","R","E","R","?","M","R","B",null,"M","?","?","?","M","E","R","$","T","E","R","M","M","E","R","B",null],"character_chosen":"THE_SILENT","items_purchased":["CaptainsWheel","PrismaticShard","Dexterity Potion","Footwork","Blade Dance+1","Endless Agony+1","Block Potion"],"campfire_rested":9,"item_purchase_floors":[20,25,25,42,42,42,42],"current_hp_per_floor":[68,61,61,60,53,34,56,39,39,38,12,12,34,29,51,24,62,53,40,40,27,27,22,44,44,44,66,39,75,75,51,75,31,64,64,38,38,38,38,30,67,67,67,55,75,75,74,74,74,30],"gold":238,"neow_bonus":"BOSS_RELIC","is_daily":false,"chose_seed":false,"campfire_upgraded":0,"win_rate":0.0,"timestamp":1611534780,"path_taken":["M","?","M","M","M","E","R","E","T","M","E","?","R","E","R","BOSS","M","M","$","M","?","E","R","$","T","R","E","R","?","M","R","BOSS","M","?","?","?","M","E","R","$","T","E","R","M","M","E","R","BOSS"],"items_purchased_type":["Relic","Relic","Potion","Card","Card","Card","Potion"],"build_version":"2020-12-22","purchased_purges":3,"victory":true,"max_hp_per_floor":[75,75,75,75,75,75,75,75,75,75,75,75,75,75,75,75,75,75,75,75,75,75,75,75,75,75,75,75,75,75,75,75,75,75,75,75,75,75,75,75,75,75,75,75,75,75,75,75,75,75],"card_choices":[{"not_picked":["Cloak And Dagger","Blade Dance"],"picked":"Predator","floor":0.0},{"not_picked":["Concentrate","Bane"],"picked":"Dagger Spray","floor":1.0},{"not_picked":["Backflip","PiercingWail"],"picked":"Noxious Fumes","floor":2.0},{"not_picked":["Sucker Punch","Dagger Spray"],"picked":"Corpse Explosion","floor":3.0},{"not_picked":["Outmaneuver","Masterful Stab"],"picked":"PiercingWail","floor":4.0},{"not_picked":["Quick Slash","Poisoned Stab"],"picked":"PiercingWail","floor":5.0},{"not_picked":["Sucker Punch","Reflex"],"picked":"Blade Dance","floor":6.0},{"not_picked":["Corpse Explosion","Poisoned Stab"],"picked":"Dash","floor":8.0},{"not_picked":["Finisher+1","Prepared"],"picked":"Riddle With Holes+1","floor":10.0},{"not_picked":["Quick Slash+1","Slice+1","Deadly Poison"],"picked":"SKIP","floor":11.0},{"not_picked":["Malaise","Slice+1"],"picked":"Calculated Gamble","floor":13.0},{"not_picked":["Bane+1","Caltrops"],"picked":"Cloak And Dagger","floor":14.0},{"not_picked":["Underhanded Strike+1","Deflect"],"picked":"Blur","floor":15.0},{"not_picked":["Grand Finale+1","Malaise"],"picked":"Storm of Steel","floor":16.0},{"not_picked":["Cloak And Dagger","Dagger Throw+1"],"picked":"Blur","floor":18.0},{"not_picked":["Setup","Sucker Punch+1"],"picked":"Acrobatics","floor":19.0},{"not_picked":["Backflip","Quick Slash+1","Dagger Throw+1"],"picked":"SKIP","floor":21.0},{"not_picked":["Outmaneuver","Bouncing Flask"],"picked":"Malaise","floor":23.0},{"not_picked":["Quick Slash+1","Underhanded Strike+1"],"picked":"Endless Agony+1","floor":24.0},{"not_picked":["ClearTheMind+1","Dagger Throw+1"],"picked":"PiercingWail+1","floor":27.0},{"not_picked":["Predator+1","Cloak And Dagger+1"],"picked":"Backstab+1","floor":28.0},{"not_picked":["Clash+1","FTL+1"],"picked":"Streamline+1","floor":29.0},{"not_picked":["Wild Strike+1","Meditate+1"],"picked":"True Grit+1","floor":31.0},{"not_picked":["Wild Strike+1","Dropkick+1"],"picked":"Burst+1","floor":32.0},{"not_picked":["Corpse Explosion+1","Immolate+1"],"picked":"Phantasmal Killer+1","floor":33},{"not_picked":["Perfected Strike+1","Iron Wave+1"],"picked":"WindmillStrike+1","floor":35},{"not_picked":["CutThroughFate+1","Underhanded Strike+1"],"picked":"Undo+1","floor":36},{"not_picked":["FTL+1","Deadly Poison+1"],"picked":"Burning Pact+1","floor":38},{"not_picked":["WindmillStrike+1","Flying Knee+1","Iron Wave+1"],"picked":"SKIP","floor":39},{"not_picked":["Flex+1","Perfected Strike+1"],"picked":"Heatsinks+1","floor":40},{"not_picked":["Deflect+1","Shrug It Off+1"],"picked":"Good Instincts+1","floor":41},{"not_picked":["Combust+1","Thinking Ahead+1","Pommel Strike+1"],"picked":"SKIP","floor":44},{"not_picked":["Acrobatics+1","Evolve"],"picked":"Protect+1","floor":46},{"not_picked":["Sweeping Beam+1","Catalyst+1","Slice+1"],"picked":"SKIP","floor":47},{"not_picked":["JustLucky+1","Compile Driver+1"],"picked":"Well Laid Plans","floor":48}],"player_experience":522030,"relics_obtained":[{"floor":6.0,"key":"Happy Flower"},{"floor":8.0,"key":"PreservedInsect"},{"floor":9.0,"key":"Molten Egg 2"},{"floor":11.0,"key":"Pen Nib"},{"floor":12.0,"key":"Dream Catcher"},{"floor":14.0,"key":"Dead Branch"},{"floor":23.0,"key":"Mercury Hourglass"},{"floor":23.0,"key":"Old Coin"},{"floor":26.0,"key":"Toxic Egg 2"},{"floor":28.0,"key":"Art of War"},{"floor":28.0,"key":"Regal Pillow"},{"floor":36,"key":"TungstenRod"},{"floor":38,"key":"Tingsha"},{"floor":40,"key":"Peace Pipe"},{"floor":40,"key":"Bag of Preparation"},{"floor":43,"key":"Pantograph"},{"floor":44,"key":"Bag of Marbles"},{"floor":44,"key":"Centennial Puzzle"},{"floor":48,"key":"StoneCalendar"},{"floor":48,"key":"Smiling Mask"}],"event_choices":[{"cards_removed":["Strike_G"],"damage_healed":0.0,"max_hp_gain":0.0,"max_hp_loss":0.0,"gold_gain":0.0,"event_name":"Back to Basics","player_choice":"Elegance","floor":22.0,"gold_loss":0.0,"damage_taken":0.0},{"damage_healed":0.0,"max_hp_gain":0.0,"max_hp_loss":0.0,"gold_gain":0.0,"event_name":"Duplicator","player_choice":"Copied","floor":30.0,"gold_loss":0.0,"damage_taken":0.0,"cards_obtained":["Dash"]},{"damage_healed":0,"gold_gain":0,"player_choice":"Fight","damage_taken":0,"max_hp_gain":0,"max_hp_loss":0,"event_name":"Mysterious Sphere","floor":36,"gold_loss":0},{"damage_healed":0,"gold_gain":0,"player_choice":"Ignored","damage_taken":0,"max_hp_gain":0,"max_hp_loss":0,"event_name":"Tomb of Lord Red Mask","floor":37,"gold_loss":0},{"damage_healed":0,"gold_gain":0,"player_choice":"Fight","damage_taken":0,"max_hp_gain":0,"max_hp_loss":0,"event_name":"MindBloom","floor":38,"gold_loss":0}],"is_beta":false,"boss_relics":[{"not_picked":["Velvet Choker","Cursed Key"],"picked":"Black Star"},{"not_picked":["Snecko Eye","SlaversCollar"],"picked":"WristBlade"}],"items_purged_floors":[20,25,42],"is_endless":false,"potions_floor_spawned":[1,2,5,8,11,16,18,21,36,38,46,48],"ascension_level":7}}