{"host":"08z5bj28eube4vug","time":1611551250,"event":{"mods":["2.2 Compatiblity","Abigail Mod","Act Like it!","BaseMod","Beaked The Cultist","Bestiary","Friendly Minions","Gensokyo","GungeonMod","Hallownest","Kiyohime????","Koishi","Lobotomy","Marisa????????","Minty Spire (QoL Compilation)","Prisma Mod","Remilia??????","Replay The Spire","StSLib","Td1madao Mod","The Alterego","The Bug Knight","The Jungle","The Sage","The Senshi","The Servant 0.9.4","Waifu the Spire","WarShipGirlsR/????R mod","Yuri Mod"],"gold_per_floor":[115,115,115,135,148,178,6,6,6,6,36,36,51,62,62,165,165,180,193,210,224,241,241,274,274,299,349,365,365,383,400,400,499,499,516,532,160,180,116,116,133,133,133,133,133,147,162,197,197,197],"floor_reached":51,"language":"ENG","playtime":2899,"items_purged":["yuri:RhapsodyCurse"],"score":1108,"play_id":"7ae8042f-17eb-432f-9f1d-8a40aba49915","local_time":"20210125080730","is_ascension_mode":true,"campfire_choices":[{"data":"PrismaMod:MiyuCommonAOEAttack","floor":8,"key":"SMITH"},{"floor":10,"key":"REST"},{"data":"PrismaMod:MiyuCheapDefend1","floor":12,"key":"SMITH"},{"data":"PrismaMod:MiyuUberAOEAttack","floor":15,"key":"SMITH"},{"data":"alterego_mod:1TonWallop","floor":23,"key":"SMITH"},{"data":"Bullet Time","floor":25,"key":"SMITH"},{"data":"Cloak And Dagger","floor":29,"key":"SMITH"},{"data":"PrismaMod:MiyuCommonDefend","floor":32,"key":"SMITH"},{"data":"PrismaMod:IllyaRubysPotion","floor":40,"key":"SMITH"},{"data":"PrismaMod:MiyuDefendChannelDefend","floor":42,"key":"SMITH"},{"data":"HollowMod:Weaversong","floor":45,"key":"SMITH"},{"data":"PrismaMod:MiyuCommonDefend","floor":49,"key":"SMITH"}],"circlet_count":0,"master_deck":["PrismaMod:MiyuCommonDefend+1","PrismaMod:MiyuCommonDefend","PrismaMod:MiyuCommonDefend","PrismaMod:MiyuCommonDefend","PrismaMod:MiyuCommonDefend+1","PrismaMod:MiyuCommonAttack","PrismaMod:MiyuCommonAttack","PrismaMod:MiyuCommonAttack+1","PrismaMod:MiyuCommonAttack","PrismaMod:MiyuCheapChannelAttack+1","PrismaMod:MiyuCheapChannelDefend+1","PrismaMod:MiyuCommonAOEAttack+1","PrismaMod:MiyuCheapDefend1+1","PrismaMod:MiyuCheapDefend1+1","PrismaMod:MiyuUncommonDexBuff+1","PrismaMod:MiyuUberAOEAttack+1","Bullet Time+1","alterego_mod:1TonWallop+1","Cloak And Dagger+1","DemoMod:MachoBrace+1","AbbyMod:AceInTheHole+1","HollowMod:Weaversong+1","rmod:openingtorpedo+1","PrismaMod:IllyaRubysPotion+1","PrismaMod:MiyuUncommonStrBuff+1","PrismaMod:MiyuDefendChannelDefend+1","sagemod:Grounded_Strike+1","rmod:maintain+1"],"relics":["PrismaMod:PrismaSapphire","PrismaticShard","HollowMod:StagPassRelic","Pantograph","Shuriken","Coffee Dripper","DemoMod:Orange","Art of War","theSenshi:MoonKaleidoScopeRelic","Mango","Question Card","Bottled Lightning","Strawberry"],"acts_visited":["Exordium","TheCity","TheBeyond"],"potions_floor_usage":[6,16,16,18,24,33,33,35,41,50],"damage_taken":[{"damage":8,"enemies":"2 Louse","floor":1,"turns":3},{"damage":0,"enemies":"Jaw Worm","floor":4,"turns":4},{"damage":0,"enemies":"Cultist","floor":5,"turns":3},{"damage":7,"enemies":"Replay:BlueRogue","floor":6,"turns":10},{"damage":0,"enemies":"3 Sentries","floor":11,"turns":7},{"damage":0,"enemies":"Exordium Wildlife","floor":13,"turns":3},{"damage":0,"enemies":"Lots of Slimes","floor":14,"turns":3},{"damage":16,"enemies":"Fading Forest","floor":16,"turns":11},{"damage":15,"enemies":"2 Thieves","floor":18,"turns":4},{"damage":3,"enemies":"Chosen","floor":19,"turns":4},{"damage":19,"enemies":"Snake Plant","floor":20,"turns":4},{"damage":10,"enemies":"Snecko","floor":21,"turns":4},{"damage":7,"enemies":"3 Cultists","floor":22,"turns":4},{"damage":7,"enemies":"Book of Stabbing","floor":24,"turns":5},{"damage":8,"enemies":"Snake Plant","floor":28,"turns":4},{"damage":13,"enemies":"Centurion and Healer","floor":30,"turns":5},{"damage":0,"enemies":"Chosen and Byrds","floor":31,"turns":4},{"damage":24,"enemies":"Collector","floor":33,"turns":10},{"damage":26,"enemies":"3 Darklings","floor":35,"turns":4},{"damage":11,"enemies":"3 Shapes","floor":36,"turns":2},{"damage":9,"enemies":"Transient","floor":38,"turns":5},{"damage":19,"enemies":"3 Darklings","floor":41,"turns":3},{"damage":4,"enemies":"Sphere and 2 Shapes","floor":46,"turns":4},{"damage":14,"enemies":"4 Shapes","floor":47,"turns":2},{"damage":0,"enemies":"Nemesis","floor":48,"turns":7},{"damage":16,"enemies":"Time Eater","floor":50,"turns":11}],"seed_played":"470336603566028311","potions_obtained":[{"floor":4,"key":"DuplicationPotion"},{"floor":5,"key":"Block Potion"},{"floor":6,"key":"SpeedPotion"},{"floor":20,"key":"FearPotion"},{"floor":22,"key":"SpeedPotion"},{"floor":24,"key":"Death Potion"},{"floor":30,"key":"Milkshake"},{"floor":33,"key":"ColorlessPotion"},{"floor":35,"key":"Elixir"},{"floor":36,"key":"SmokeBomb"},{"floor":38,"key":"SkillPotion"},{"floor":48,"key":"Doom Potion"}],"is_trial":false,"path_per_floor":["M","?","?","M","M","E","$","R","T","R","E","R","M","M","R","B",null,"M","M","M","M","M","R","E","R","T","?","M","R","M","M","R","B",null,"M","M","$","M","?","R","M","R","T","?","R","M","M","E","R","B",null],"character_chosen":"MIYU","items_purchased":["PrismaMod:MiyuUncommonDexBuff","DemoMod:LeadSkinPotion","PrismaMod:MiyuUncommonStrBuff","Mango"],"campfire_rested":1,"item_purchase_floors":[7,7,37,37],"current_hp_per_floor":[60,45,45,45,45,38,38,38,38,60,60,60,60,60,60,59,71,56,53,34,24,17,17,22,22,22,22,14,14,1,1,1,2,66,40,29,43,39,39,39,25,25,25,25,25,26,12,24,24,38],"gold":197,"neow_bonus":"UPGRADE_CARD","is_daily":false,"chose_seed":false,"campfire_upgraded":11,"win_rate":0.0,"timestamp":1611551250,"path_taken":["M","?","?","M","M","E","$","R","T","R","E","R","M","M","R","BOSS","M","M","M","M","M","R","E","R","T","?","M","R","?","M","R","BOSS","M","M","$","M","?","R","?","R","T","?","R","M","M","E","R","BOSS"],"items_purchased_type":["Card","Undefined","Card","Relic"],"build_version":"2020-12-22","purchased_purges":1,"victory":true,"max_hp_per_floor":[75,75,75,75,75,75,75,75,75,75,75,75,75,75,75,75,75,75,75,75,75,75,75,87,87,87,87,87,87,87,87,87,87,87,87,87,101,101,101,101,101,101,101,101,101,101,101,108,108,108],"card_choices":[{"not_picked":["PrismaMod:MiyuUberAttack","PrismaMod:MiyuCheapChannelDefend"],"picked":"PrismaMod:MiyuCommonAOEAttack","floor":1},{"not_picked":["sagemod:About_Clark","HollowMod:HowlingWraiths","HollowMod:LifebloodCocoon"],"picked":"SKIP","floor":4},{"not_picked":["DemoMod:MachoBrace","Black Execution","Shockwave"],"picked":"SKIP","floor":5},{"not_picked":["AbbyMod:SilverKey","WitchLeyline","Replay:ManipulateFuture"],"picked":"SKIP","floor":6},{"not_picked":["alterego_mod:Swimsuit","Blood for Blood","Koishi:ParalyzingFear"],"picked":"SKIP","floor":11},{"not_picked":["rmod:luckystar","sagemod:How_To_Charm_A_Sentry","True Grit"],"picked":"SKIP","floor":13},{"not_picked":["ShootingEcho","Adoration"],"picked":"PrismaMod:MiyuUberAOEAttack","floor":14},{"not_picked":["Reaper","Atom Bomb"],"picked":"Bullet Time","floor":16},{"not_picked":["PrismaMod:MiyuCheapEvoke+1","AbbyMod:FarAwayFriend"],"picked":"alterego_mod:1TonWallop","floor":18},{"not_picked":["BowlingBash","ReplayTheSpireMod:GoodbyeWorld+1","rmod:diaomin"],"picked":"SKIP","floor":19},{"not_picked":["yuri:JumpScare","Koishi:ReflexRadar+1","CutThroughFate+1"],"picked":"SKIP","floor":20},{"not_picked":["PrismaMod:IllyaUncommonEvoke","DemoMod:ProbeStrike","Loneliness+1"],"picked":"SKIP","floor":21},{"not_picked":["sagemod:Burning_Flask","beaked:Struggle","White Contract"],"picked":"SKIP","floor":22},{"not_picked":["Heavy Blade","PrismaMod:IllyaFriendMaker","PrismaMod:IllyaGrailKun"],"picked":"SKIP","floor":24},{"not_picked":["Black Contract","rmod:aviationdawn"],"picked":"Cloak And Dagger","floor":28},{"not_picked":["AbbyMod:Meteo","beaked:WarriorSpirit"],"picked":"DemoMod:MachoBrace+1","floor":30},{"not_picked":["AbbyMod:PapaProtection","PrismaMod:MiyuEvokeBuffStr"],"picked":"AbbyMod:AceInTheHole+1","floor":31},{"not_picked":["BatForm","DemoMod:FullFirepower"],"picked":"HollowMod:Weaversong","floor":33},{"not_picked":["AbbyMod:PapaProtection+1","Dual Wield"],"picked":"rmod:openingtorpedo+1","floor":35},{"not_picked":["PrismaMod:IllyaSaphire","Replay:AtTheReady+1"],"picked":"PrismaMod:IllyaRubysPotion","floor":36},{"not_picked":["FlurryOfBlows","PrismaMod:MiyuMaid","Quick Slash+1"],"picked":"SKIP","floor":38},{"not_picked":["TodaysExpression+1","alterego_mod:Clones","BloodAndWine+1"],"picked":"PrismaMod:MiyuDefendChannelDefend","floor":41},{"not_picked":["HollowMod:CrystalDash+1","ReincarnationDial","theSenshi:SailorMarsAssists","Panic Button"],"picked":"SKIP","floor":46},{"not_picked":["Singularity","AbbyMod:RecklessSlam+1","HollowMod:AwokenDreamNail"],"picked":"sagemod:Grounded_Strike+1","floor":47},{"not_picked":["ReplayTheSpireMod:Strike From Hell+1","Twin Strike","PrismaMod:IllyaBlindPoisonToss"],"picked":"rmod:maintain+1","floor":48}],"player_experience":841173,"relics_obtained":[{"floor":6,"key":"HollowMod:StagPassRelic"},{"floor":9,"key":"Pantograph"},{"floor":11,"key":"Shuriken"},{"floor":24,"key":"DemoMod:Orange"},{"floor":26,"key":"Art of War"},{"floor":43,"key":"Bottled Lightning"},{"floor":48,"key":"Strawberry"}],"event_choices":[{"damage_healed":0,"gold_gain":0,"player_choice":"Entered Light","damage_taken":15,"max_hp_gain":0,"max_hp_loss":0,"event_name":"Shining Light","floor":2,"gold_loss":0,"cards_upgraded":["PrismaMod:MiyuCommonAttack","PrismaMod:MiyuCheapChannelAttack"]},{"damage_healed":0,"gold_gain":100,"player_choice":"Bet on Murderer","damage_taken":0,"max_hp_gain":0,"max_hp_loss":0,"event_name":"The Joust","floor":27,"gold_loss":50},{"damage_healed":0,"gold_gain":0,"player_choice":"Paid Gold","damage_taken":0,"relics_obtained":["Question Card"],"max_hp_gain":0,"max_hp_loss":0,"event_name":"WeMeetAgain","floor":39,"gold_loss":64},{"cards_removed":["PrismaMod:MiyuCommonAttack"],"damage_healed":0,"gold_gain":0,"player_choice":"Purged","damage_taken":0,"max_hp_gain":0,"max_hp_loss":0,"event_name":"Purifier","floor":44,"gold_loss":0}],"is_beta":false,"boss_relics":[{"not_picked":["Empty Cage","Replay:Drink Me"],"picked":"Coffee Dripper"},{"not_picked":["Runic Dome","ReplayTheSpireMod:DimensionalGlitch"],"picked":"theSenshi:MoonKaleidoScopeRelic"}],"items_purged_floors":[7],"is_endless":false,"potions_floor_spawned":[4,5,6,13,20,22,24,30,33,35,36,38,48],"ascension_level":8}}