{"host":"9nrmtysnr3vignd7","time":1611575158,"event":{"mods":["2.2 Compatiblity","AchievementEnabler","Act Like it!","BaseMod","Beaked The Cultist","BetterRewards","Block Reminder","Dota2Spire","Downfall","Duelist Mod","Energized Spire","Friendly Minions","Hallownest","Hermit","Highlight Path","Hubris","Infinite Spire","Koishi","Mari Mod (Legacy)","Mari\u0027s V1 Patch","Marisa????????","Minty Spire (QoL Compilation)","Prisma Mod","Quick Restart","Rare Cards Sparkle","Relic Sorter","Relic Stats","Replay The Spire","Retaliation","RumiaBox-????????","SCP261 Mod","SOS???????","Shop Mod","StSLib","Synergy Search","Td1madao Mod","The Alterego","The Bladedancer","The Blue Laboratory","The Bug Knight","The Construct","The Cursed","The Death Knight","The Disciple","The Edgeheg","The Gatherer","The Hierophant","The Marked","The Necromancer","The Runesmith","The Senshi","The Wild Card","TheHeartMod","TheSwordswoman","Waifu the Spire","Yakumo Yukari mod","Yuri Mod","Yuyuko","everything is the same but u backflip on backflip","slay the spire mod where everything is the same but ironclad has a cowboy hat","???Mod??????Boss"],"gold_per_floor":[122,122,148,19,19,63,127,127,173,218,229,229,313,356,356,459,459,488,539,569,569,607,84,84,139,139,36,90,125,153,198,198,258,258,270,270,300,77,2,2,54,90,90,90,90,90,133,133,133,144],"floor_reached":51,"language":"ENG","playtime":9634,"items_purged":["Pandora","VitalstarS"],"score":683,"play_id":"98b1f105-a091-4aa8-84ab-6905765d85f9","local_time":"20210125054558","is_ascension_mode":false,"campfire_choices":[{"data":"theWildCard:Sakuya","floor":12,"key":"SMITH"},{"data":"Unrisingdragon","floor":15,"key":"SMITH"},{"data":"CoyoteA","floor":24,"key":"SMITH"},{"floor":32,"key":"REST"},{"data":"alterego_mod:PainIsPleasure","floor":40,"key":"SMITH"},{"data":"LucifercomboC","floor":46,"key":"SMITH"},{"floor":49,"key":"REST"}],"circlet_count":0,"master_deck":["Attack_a","Attack_a","Attack_b","Shoot","Shoot","Provocation","Defend_Dante","Defend_Dante","Defend_Dante","Defend_Dante","Redorb+1","Whiteorb","CoyoteA+1","Greenorb","Unrisingdragon+1","Greenorb","Honeycombofire","theWildCard:Sakuya+1","Airhike","Straight","Royaldefend","Demonreform","LucifercomboC+1","Gunstinger+1","LucifercomboC+1","SSScard","SSScard","LucifercomboD","Discovery","EbonyIvory","Gunstinger","Gunstinger+1","VitalstarM","alterego_mod:PainIsPleasure+1","Dash2+1","Gunslinger","Gunslinger","hubris:Insight","Swordcombo+1","Straight+1","LucifercomboA+1"],"relics":["SSS","Combocheck","Runesmith:Locket","Odd Mushroom","Nunchaku","Runic Pyramid","Medical Kit","Toolbox","infinitespire:EmpoweringShard","Bird Faced Urn","MerchantsRug","HollowMod:LifeEnderRelic","hubris:Towel"],"acts_visited":["Exordium","TheCity","TheBeyond"],"potions_floor_usage":[16,33,33,33,50,50],"damage_taken":[{"damage":16,"enemies":"Jaw Worm","floor":1,"turns":6},{"damage":0,"enemies":"Small Slimes","floor":3,"turns":2},{"damage":1,"enemies":"2 Louse","floor":6,"turns":2},{"damage":30,"enemies":"The Mushroom Lair","floor":7,"turns":4},{"damage":9,"enemies":"2 Fungi Beasts","floor":10,"turns":4},{"damage":6,"enemies":"3 Louse","floor":11,"turns":3},{"damage":11,"enemies":"Gremlin Gang","floor":13,"turns":5},{"damage":0,"enemies":"Lots of Slimes","floor":14,"turns":4},{"damage":42,"enemies":"The Guardian","floor":16,"turns":13},{"damage":7,"enemies":"Chosen","floor":18,"turns":7},{"damage":24,"enemies":"2 Thieves","floor":19,"turns":4},{"damage":6,"enemies":"Snecko","floor":20,"turns":5},{"damage":27,"enemies":"Snake Plant","floor":22,"turns":6},{"damage":0,"enemies":"Shelled Parasite and Fungi","floor":25,"turns":4},{"damage":0,"enemies":"Snecko","floor":28,"turns":4},{"damage":8,"enemies":"Gremlin Leader","floor":29,"turns":5},{"damage":41,"enemies":"Centurion and Healer","floor":30,"turns":9},{"damage":45,"enemies":"theDuelist:KaibaA2","floor":31,"turns":7},{"damage":60,"enemies":"hubris:MusketHawk","floor":33,"turns":9},{"damage":29,"enemies":"Orb Walker","floor":35,"turns":5},{"damage":26,"enemies":"3 Shapes","floor":37,"turns":6},{"damage":6,"enemies":"3 Darklings","floor":41,"turns":2},{"damage":6,"enemies":"Writhing Mass","floor":42,"turns":6},{"damage":72,"enemies":"Sphere and 2 Shapes","floor":47,"turns":5},{"damage":62,"enemies":"Time Eater","floor":50,"turns":10}],"seed_played":"2930133760773306860","potions_obtained":[{"floor":1,"key":"blueLaboratory:PhilterOfMotion"},{"floor":7,"key":"blueLaboratory:TrueEctoplasm"},{"floor":10,"key":"Toxic Potion"},{"floor":11,"key":"construct:ShiftPotion"},{"floor":13,"key":"blueLaboratory:BottleOfVodka"},{"floor":19,"key":"SCP261:EnergyGasPotion"},{"floor":22,"key":"Energy Potion"},{"floor":41,"key":"CultistPotion"},{"floor":42,"key":"Dota2Spire:Clarity"}],"is_trial":false,"path_per_floor":["M","?","M","$","?","M","?","?","T","M","M","R","M","M","R","B",null,"M","M","M","AVR","M","$","R","M","T","$","M","E","M","E","R","B",null,"M","?","M","$","$","R","M","M","T","?","?","R","M","$","R","B",null],"character_chosen":"DANTE","items_purchased":["Greenorb","Unrisingdragon","SSScard","LucifercomboD","Discovery","Toolbox","Replay:Baseball","VitalstarS","Gunstinger","Gunslinger","MerchantsRug","hubris:Insight","Swordcombo+1"],"campfire_rested":2,"item_purchase_floors":[4,4,23,23,23,23,23,27,27,38,38,38,39],"current_hp_per_floor":[72,60,60,60,60,61,42,42,42,45,47,47,42,53,53,19,88,87,81,88,88,77,77,77,81,81,81,81,88,56,17,43,18,88,72,72,56,56,56,56,59,75,75,75,75,75,33,33,59,50],"gold":144,"neow_bonus":"TEN_PERCENT_HP_BONUS","is_daily":false,"chose_seed":false,"campfire_upgraded":5,"win_rate":0.0,"timestamp":1611575158,"path_taken":["M","?","M","$","?","M","?","?","T","M","M","R","M","M","R","BOSS","M","M","M","AVR","M","$","R","M","T","$","M","E","M","E","R","BOSS","M","?","?","?","$","R","M","M","T","?","?","R","?","$","R","BOSS"],"items_purchased_type":["Card","Card","Card","Card","Card","Relic","Relic","Card","Card","Card","Relic","Card","Card"],"build_version":"2020-12-22","purchased_purges":2,"victory":true,"max_hp_per_floor":[88,88,88,88,88,88,88,88,88,88,88,88,88,88,88,88,88,88,88,88,88,88,88,88,88,88,88,88,88,88,88,88,88,88,88,88,88,88,88,88,88,88,88,88,88,88,88,88,88,88],"relic_stats":{"Nunchaku":[21],"counters":[25,137],"Bird Faced Urn":[36],"Medical Kit":[2],"obtain_stats":[{"MerchantsRug":38,"HollowMod:LifeEnderRelic":43,"Runesmith:Locket":2,"Odd Mushroom":7,"Replay:Mystery Machine":31,"hubris:Towel":45,"Medical Kit":21,"Combocheck":0,"SSS":0,"Nunchaku":9,"Replay:Baseball":23,"Bird Faced Urn":29,"Toolbox":23,"beaked:SacredDeck":34,"infinitespire:EmpoweringShard":26,"Runic Pyramid":17},{"MerchantsRug":21,"HollowMod:LifeEnderRelic":23,"Runesmith:Locket":1,"Odd Mushroom":4,"Replay:Mystery Machine":18,"hubris:Towel":23,"Medical Kit":12,"Combocheck":0,"SSS":0,"Nunchaku":4,"Replay:Baseball":13,"Bird Faced Urn":16,"Toolbox":13,"beaked:SacredDeck":19,"infinitespire:EmpoweringShard":14,"Runic Pyramid":9},{"MerchantsRug":114,"HollowMod:LifeEnderRelic":122,"Runesmith:Locket":6,"Odd Mushroom":14,"Replay:Mystery Machine":94,"hubris:Towel":122,"Medical Kit":59,"Combocheck":0,"SSS":0,"Nunchaku":14,"Replay:Baseball":65,"Bird Faced Urn":78,"Toolbox":65,"beaked:SacredDeck":103,"infinitespire:EmpoweringShard":69,"Runic Pyramid":43}]},"card_choices":[{"not_picked":["Splesh","Ecstasy"],"picked":"Whiteorb","floor":1},{"not_picked":["Ecstasy","VitalstarS"],"picked":"CoyoteA","floor":3},{"not_picked":["DevilstarS","Millionkick"],"picked":"Greenorb","floor":6},{"not_picked":["Greenorb","GilgameshcomboA"],"picked":"Honeycombofire","floor":7},{"not_picked":["Splesh","Unrisingdragon"],"picked":"Airhike","floor":10},{"not_picked":["Gilgamesh","Honeycombofire"],"picked":"Straight","floor":11},{"not_picked":["Swordmaster","Millionkick"],"picked":"Royaldefend","floor":13},{"not_picked":["Dash1","DevilstarL"],"picked":"Pandora","floor":14},{"not_picked":["Purpleorb","VitalstarL"],"picked":"Demonreform","floor":16},{"not_picked":["Royaldefend","VitalstarS"],"picked":"LucifercomboC","floor":18},{"not_picked":["Millionkick+1","Millionstab+1"],"picked":"Gunstinger+1","floor":19},{"not_picked":["Holywater","DT"],"picked":"LucifercomboC+1","floor":20},{"not_picked":["Weaponupgrade","Airtrick"],"picked":"SSScard","floor":22},{"not_picked":["Gilgamesh","Dash1"],"picked":"EbonyIvory","floor":25},{"not_picked":["LucifercomboA","Straight"],"picked":"Gunstinger+1","floor":28},{"not_picked":["Purpleorb","LucifercomboD"],"picked":"VitalstarM","floor":29},{"not_picked":["Fullhouse","Gilgamesh+1","Hightime"],"picked":"SKIP","floor":30},{"not_picked":["LucifercomboC+1","Millionstab","LucifercomboD+1"],"picked":"SKIP","floor":31},{"not_picked":["Goldorb","DevilstarL"],"picked":"Darkslayer","floor":33},{"not_picked":["Airhike","Stinger"],"picked":"Dash2+1","floor":35},{"not_picked":["Whiteorb","Weaponupgrade+1","Stinger"],"picked":"SKIP","floor":37},{"not_picked":["Weaponupgrade+1","Shock+1","Greenorb+1"],"picked":"SKIP","floor":41},{"not_picked":["Weaponupgrade","Greenorb"],"picked":"Straight+1","floor":42},{"not_picked":["Gunslinger","Gilgamesh"],"picked":"LucifercomboA+1","floor":47}],"player_experience":52595,"relics_obtained":[{"floor":7,"key":"Odd Mushroom"},{"floor":9,"key":"Nunchaku"},{"floor":26,"key":"infinitespire:EmpoweringShard"},{"floor":29,"key":"Bird Faced Urn"},{"floor":31,"key":"Replay:Mystery Machine"},{"floor":43,"key":"HollowMod:LifeEnderRelic"}],"event_choices":[{"damage_healed":0,"gold_gain":0,"player_choice":"Success","damage_taken":12,"relics_obtained":["Runesmith:Locket"],"max_hp_gain":0,"max_hp_loss":0,"event_name":"Scrap Ooze","floor":2,"gold_loss":0},{"damage_healed":0,"gold_gain":0,"player_choice":"Fought Mushrooms","damage_taken":0,"max_hp_gain":0,"max_hp_loss":0,"event_name":"Mushrooms","floor":7,"gold_loss":0},{"damage_healed":0,"gold_gain":0,"player_choice":"Ignored","damage_taken":0,"max_hp_gain":0,"max_hp_loss":0,"event_name":"SecretPortal","floor":36,"gold_loss":0}],"is_beta":false,"boss_relics":[{"not_picked":["energizedSpire:MagnifyingGlass","energizedSpire:NeverEndingSparkler"],"picked":"Runic Pyramid"},{"not_picked":["energizedSpire:SpiderWeb","Velvet Choker"],"picked":"beaked:SacredDeck"}],"items_purged_floors":[21,38],"is_endless":false,"potions_floor_spawned":[1,7,10,11,13,19,22,25,29,30,41,42],"ascension_level":0}}