{"host":"bxdue9bkfm2khp2x","time":1611562559,"event":{"mods":["ATMod(阿瑾Mod)","Arknights The Spire","Aspiration","BaseMod","Better Vampires","Challenge The Spire","Colored Map","Colored Powertips","Conspire","Decade(王小明)","Dota2Spire","Highlight Path","Minty Spire (QoL Compilation)","MostiFishMod","Remilia（蕾米莉亚）","Replay The Spire","RumiaBox-露米娅的神秘盒子","Ryuuou龙王","Spicy Shops","StSLib","Td1madao Mod","The Alterego","The Bug Knight","The Cursed","The Servant 0.9.4","WarShipGirlsR/战舰少女R mod","noobMod","【功能Mod】混沌之环修复补丁","【遗物卡牌】REMEMod","篝火指南"],"gold_per_floor":[118,193,243,254,79,79,105,116,116,116,133,133,146,146,146,246,246,263,263,263,273,321,321,334,334,384,384,412,412,412,131,131,228,228,241,91,91,104,131,156,156,156,456,456,556,569,264,282,282,282],"floor_reached":51,"language":"ZHS","playtime":3717,"items_purged":["Strike_R","Strike_R","Strike_R","Strike_R","Bash+1"],"score":1631,"play_id":"1f6ab10c-d331-48a3-aec1-912724f667e8","local_time":"20210125161559","is_ascension_mode":true,"campfire_choices":[{"data":"Iron Wave","floor":6.0,"key":"SMITH"},{"data":"TheCursedMod:OutForBlood","floor":10.0,"key":"SMITH"},{"data":"AT_ManFootWork","floor":12.0,"key":"SMITH"},{"data":"Headbutt","floor":15.0,"key":"SMITH"},{"data":"MostiFishMod:RacingGame","floor":23.0,"key":"SMITH"},{"data":"AT_ShrugMaster","floor":25.0,"key":"SMITH"},{"data":"Cleave","floor":27.0,"key":"SMITH"},{"data":"Bash","floor":30.0,"key":"SMITH"},{"data":"Defend_R","floor":32.0,"key":"SMITH"},{"data":"Limit Break","floor":42,"key":"SMITH"},{"data":"Deep Breath","floor":44,"key":"SMITH"},{"data":"Heavy Blade","floor":49,"key":"SMITH"}],"circlet_count":0,"master_deck":["AscendersBane","Defend_R+1","TheCursedMod:OutForBlood+1","AT_ManFootWork+1","Iron Wave+1","Headbutt+1","Cleave+1","MostiFishMod:RacingGame+1","AT_ShrugMaster+1","Limit Break+1","Deep Breath+1","Metallicize","Heavy Blade+1"],"relics":["Burning Blood","DaveBox","REME_ComplimentaryCards","ice","AT_ATBox","ThornShield","NeowsBlessing","SynthV:TestCard","Orichalcum","Du-Vu Doll","conspire:DeflatedDodgeball","Mirror","RhineSuit","PreservedInsect","Kunai","ReplayTheSpireMod:Ninjato","Medical Kit","Empty Cage","Garlic","Juzu Bracelet","Old Coin"],"acts_visited":["Exordium","TheCity","TheBeyond"],"potions_floor_usage":[40,46],"damage_taken":[{"damage":0.0,"enemies":"Jaw Worm","floor":1.0,"turns":1.0},{"damage":0.0,"enemies":"Small Slimes","floor":4.0,"turns":1.0},{"damage":0.0,"enemies":"3 Sentries","floor":7.0,"turns":2.0},{"damage":0.0,"enemies":"Cultist","floor":8.0,"turns":3.0},{"damage":7.0,"enemies":"Exordium Thugs","floor":11.0,"turns":4.0},{"damage":6.0,"enemies":"Looter","floor":13.0,"turns":3.0},{"damage":17.0,"enemies":"The Guardian","floor":16.0,"turns":11.0},{"damage":9.0,"enemies":"3 Byrds","floor":18.0,"turns":3.0},{"damage":4.0,"enemies":"Chosen","floor":21.0,"turns":3.0},{"damage":6.0,"enemies":"Centurion and Healer","floor":22.0,"turns":5.0},{"damage":0.0,"enemies":"Sentry and Sphere","floor":24.0,"turns":4.0},{"damage":0.0,"enemies":"Gremlin Leader","floor":28.0,"turns":4.0},{"damage":12.0,"enemies":"Pondfish","floor":33.0,"turns":7.0},{"damage":5.0,"enemies":"Orb Walker","floor":35.0,"turns":3.0},{"damage":1.0,"enemies":"3 Darklings","floor":38.0,"turns":3.0},{"damage":0,"enemies":"R_Hoarder","floor":40,"turns":4},{"damage":7,"enemies":"Jaw Worm Horde","floor":46,"turns":2},{"damage":11,"enemies":"4 Shapes","floor":48,"turns":5},{"damage":2,"enemies":"conspire:OrnateMirror","floor":50,"turns":6}],"seed_played":"-2121818442707240843","potions_obtained":[{"floor":1.0,"key":"Venom Potion"},{"floor":4.0,"key":"ElixirPotion"},{"floor":21.0,"key":"REME_GoldPotion"},{"floor":22.0,"key":"GamblersBrew"},{"floor":40,"key":"Block Potion"}],"is_trial":false,"path_per_floor":["M","?","T","M","$","R","E","M","T","R","M","R","M","T","R","B",null,"M","?","?","M","M","R","M","R","T","R","E","T","R","$","R","B",null,"M","$","?","M","T","E","?","R","T","R","?","M","R","M","R","B",null],"character_chosen":"IRONCLAD","items_purchased":["Medical Kit","Metallicize","Heavy Blade"],"campfire_rested":0,"item_purchase_floors":[31,47,47],"current_hp_per_floor":[78,67,67,73,73,73,79,80,80,80,79,79,79,79,79,68,77,74,74,74,76,76,76,80,80,80,80,80,80,80,80,80,74,79,80,80,80,80,80,80,80,80,80,80,80,79,79,74,74,78],"gold":282,"neow_bonus":"THREE_ENEMY_KILL","is_daily":false,"chose_seed":false,"campfire_upgraded":12,"win_rate":0.0,"timestamp":1611562559,"path_taken":["M","?","?","M","?","R","E","M","T","R","M","R","M","?","R","BOSS","M","?","?","M","?","R","?","R","T","R","E","?","R","$","R","BOSS","M","$","?","?","?","E","?","R","T","R","?","M","R","M","R","BOSS"],"items_purchased_type":["Relic","Card","Card"],"build_version":"2020-12-22","purchased_purges":5,"victory":true,"max_hp_per_floor":[80,80,80,80,80,80,80,80,80,80,80,80,80,80,80,80,80,80,80,80,80,80,80,80,80,80,80,80,80,80,80,80,80,80,80,80,80,80,80,80,80,80,80,80,80,80,80,80,80,80],"card_choices":[{"not_picked":["ReplayTheSpireMod:Strike From Hell","Havoc","Blood for Blood"],"picked":"SKIP","floor":1.0},{"not_picked":["Anger","Carnage","Pommel Strike","Seeing Red"],"picked":"Iron Wave","floor":4.0},{"not_picked":["Cleave","Pommel Strike","Reaper","Havoc"],"picked":"Headbutt","floor":7.0},{"not_picked":["Headbutt","REME_SingleHolding","Replay:Undeath\u0027s Touch","Clash"],"picked":"Cleave","floor":8.0},{"not_picked":["ReplayTheSpireMod:Muscle Training","Clash","Havoc","ReplayTheSpireMod:Strike From Hell","Sword Boomerang"],"picked":"SKIP","floor":11.0},{"not_picked":["MostiFishMod:BrandingRite","Clash","Armaments","Heavy Blade","Havoc"],"picked":"SKIP","floor":13.0},{"not_picked":["REME_Fury","MostiFishMod:TemporaryOutbreak","MostiFishMod:404NotFound","Hemogenesis"],"picked":"MostiFishMod:RacingGame","floor":16.0},{"not_picked":["Shrug It Off","Perfected Strike","Dark Embrace","Headbutt","Clash"],"picked":"SKIP","floor":18.0},{"not_picked":["Thunderclap","Disarm","Flex","Wild Strike","MostiFishMod:ChineseTea"],"picked":"SKIP","floor":21.0},{"not_picked":["Flex","Cleave","Perfected Strike","Wild Strike"],"picked":"AT_ShrugMaster","floor":22.0},{"not_picked":["Life Link","Dark Embrace","Ghostly Armor","Second Wind","True Grit+1"],"picked":"SKIP","floor":24.0},{"not_picked":["Replay:Undeath\u0027s Touch","AT_BodySlamDance","Rampage","Flame Barrier+1","AT_CaressingTears"],"picked":"SKIP","floor":28.0},{"not_picked":["Bludgeon","Double Tap","MostiFishMod:404NotFound","MostiFishMod:UltimateDefense"],"picked":"Limit Break","floor":33.0},{"not_picked":["Perfected Strike+1","True Grit","Pommel Strike","Burning Pact","Warcry"],"picked":"SKIP","floor":35.0},{"not_picked":["Wild Strike","Dropkick+1","ReplayTheSpireMod:Corrosion Curse+1","Spot Weakness","Uppercut+1"],"picked":"SKIP","floor":38.0},{"not_picked":["AT_DrawKnifeCut+1","Sword Boomerang","conspire:Charge","Warcry","Replay:Undeath\u0027s Touch"],"picked":"SKIP","floor":40},{"not_picked":["Enlightenment","MostiFishMod:Galeforce","Replay:Parry","AT_PowerWithin"],"picked":"Deep Breath","floor":41},{"not_picked":["AT_IchimonjiDouble","AT_BodySlamDance","Entrench","Armaments","Replay:Undeath\u0027s Touch+1"],"picked":"SKIP","floor":46},{"not_picked":["Body Slam","Rampage","Life Link","Replay:Undeath\u0027s Touch","ReplayTheSpireMod:Strike From Hell"],"picked":"SKIP","floor":48}],"player_experience":1326387,"relics_obtained":[{"floor":1.0,"key":"SynthV:TestCard"},{"floor":3.0,"key":"Orichalcum"},{"floor":7.0,"key":"Du-Vu Doll"},{"floor":9.0,"key":"conspire:DeflatedDodgeball"},{"floor":14.0,"key":"Mirror"},{"floor":26.0,"key":"PreservedInsect"},{"floor":28.0,"key":"Kunai"},{"floor":29.0,"key":"ReplayTheSpireMod:Ninjato"},{"floor":39.0,"key":"Juzu Bracelet"},{"floor":43,"key":"Old Coin"}],"event_choices":[{"damage_healed":0.0,"max_hp_gain":0.0,"max_hp_loss":0.0,"gold_gain":75.0,"event_name":"World of Goop","player_choice":"Gather Gold","floor":2.0,"gold_loss":0.0,"damage_taken":11.0},{"cards_removed":["Defend_R"],"damage_healed":0.0,"max_hp_gain":0.0,"max_hp_loss":0.0,"gold_gain":0.0,"event_name":"Back to Basics","player_choice":"Elegance","floor":19.0,"gold_loss":0.0,"damage_taken":0.0},{"damage_healed":0.0,"max_hp_gain":0.0,"max_hp_loss":0.0,"gold_gain":0.0,"event_name":"WeMeetAgain","player_choice":"Gave Potion","floor":37.0,"gold_loss":0.0,"damage_taken":0.0,"relics_obtained":["Garlic"]},{"damage_healed":0,"gold_gain":0,"player_choice":"Memory 1","damage_taken":0,"max_hp_gain":0,"max_hp_loss":0,"event_name":"SensoryStone","floor":41,"gold_loss":0},{"damage_healed":0,"gold_gain":0,"player_choice":"Ignored","damage_taken":0,"max_hp_gain":0,"max_hp_loss":0,"event_name":"Ryuuou:Expiration_R","floor":45,"gold_loss":0}],"is_beta":false,"boss_relics":[{"not_picked":["conspire:RunicOctahedron","Philosopher\u0027s Stone"],"picked":"RhineSuit"},{"not_picked":["Fusion Hammer","Ring of Chaos"],"picked":"Empty Cage"}],"items_purged_floors":[5,5,31,36,47],"is_endless":false,"potions_floor_spawned":[1,4,8,21,22,28,35,40],"ascension_level":12}}