{"host":"hnfelxnirsihwvcb","time":1611534431,"event":{"mods":["BaseMod","Colored Map","DeckTracker","Highlight Path","Minty Spire (QoL Compilation)","Quick Restart","Relic Sorter","Relic Stats","Shop Mod","StSLib","SuperFastMode"],"gold_per_floor":[115,130,130,8,19,46,46,62,133,33,33,43,87,118,130,245,257,282,294,306,328,340,679,961,993,1005,1030,770,770,788,634,634,738,738,751,751,360,371,421,441,441,139,139,156,173,205,219,245,245,245],"floor_reached":51,"language":"ENG","playtime":1469,"items_purged":["Hologram","Defragment","Go for the Eyes"],"score":1114,"play_id":"c754617f-c999-4cb4-bf87-9490977bf4db","local_time":"20210125012711","daily_mods":["SealedDeck","Vintage","Binary"],"is_ascension_mode":false,"campfire_choices":[{"data":"Reprogram","floor":7,"key":"SMITH"},{"data":"FTL","floor":11,"key":"SMITH"},{"data":"Beam Cell","floor":15,"key":"SMITH"},{"data":"Self Repair","floor":29,"key":"SMITH"},{"floor":32,"key":"REST"},{"data":"Gash","floor":41,"key":"SMITH"},{"floor":49,"key":"REST"}],"circlet_count":0,"master_deck":["Self Repair+1","Reprogram+1","Go for the Eyes+1","Beam Cell+1","Steam","FTL+1","Gash","Gash+1","RitualDagger+1","Parasite"],"relics":["Unceasing Top","Busted Crown","Dead Branch","Akabeko","Bottled Flame","Ancient Tea Set","Regal Pillow","Singing Bowl","MawBank","Art of War","Eternal Feather","Black Star","Bag of Marbles","Bronze Scales","Cables","Old Coin","Whetstone","Du-Vu Doll","DataDisk","Pen Nib","HornCleat","Strawberry","Philosopher\u0027s Stone","Gremlin Horn","Blue Candle","Nunchaku","Bird Faced Urn","Emotion Chip","CaptainsWheel","HandDrill","PreservedInsect","Incense Burner","Girya","Pantograph","Bottled Tornado","Lantern","Toy Ornithopter","Orichalcum","Smiling Mask"],"acts_visited":["Exordium","TheCity","TheBeyond"],"potions_floor_usage":[48],"damage_taken":[{"damage":0,"enemies":"Small Slimes","floor":1,"turns":1},{"damage":0,"enemies":"Cultist","floor":2,"turns":3},{"damage":0,"enemies":"2 Louse","floor":5,"turns":1},{"damage":0,"enemies":"Lagavulin","floor":6,"turns":1},{"damage":0,"enemies":"Exordium Thugs","floor":8,"turns":1},{"damage":0,"enemies":"3 Louse","floor":12,"turns":1},{"damage":0,"enemies":"3 Sentries","floor":13,"turns":1},{"damage":0,"enemies":"Large Slime","floor":14,"turns":1},{"damage":0,"enemies":"Hexaghost","floor":16,"turns":1},{"damage":0,"enemies":"2 Thieves","floor":18,"turns":1},{"damage":0,"enemies":"Shell Parasite","floor":21,"turns":1},{"damage":0,"enemies":"Slavers","floor":23,"turns":2},{"damage":0,"enemies":"3 Cultists","floor":25,"turns":2},{"damage":0,"enemies":"Shelled Parasite and Fungi","floor":27,"turns":1},{"damage":14,"enemies":"Snecko","floor":30,"turns":4},{"damage":0,"enemies":"Automaton","floor":33,"turns":1},{"damage":3,"enemies":"3 Shapes","floor":35,"turns":1},{"damage":0,"enemies":"Orb Walker","floor":38,"turns":1},{"damage":15,"enemies":"Mind Bloom Boss Battle","floor":39,"turns":4},{"damage":0,"enemies":"Jaw Worm Horde","floor":40,"turns":1},{"damage":0,"enemies":"Writhing Mass","floor":44,"turns":3},{"damage":1,"enemies":"3 Darklings","floor":45,"turns":1},{"damage":1,"enemies":"Giant Head","floor":46,"turns":2},{"damage":1,"enemies":"Jaw Worm Horde","floor":47,"turns":1},{"damage":34,"enemies":"Nemesis","floor":48,"turns":5},{"damage":14,"enemies":"Time Eater","floor":50,"turns":3}],"seed_played":"-3199320520324754809","potions_obtained":[{"floor":2,"key":"Energy Potion"},{"floor":6,"key":"Block Potion"},{"floor":8,"key":"Block Potion"},{"floor":35,"key":"LiquidBronze"},{"floor":48,"key":"BlessingOfTheForge"}],"is_trial":true,"path_per_floor":["M","M","?","$","M","E","R","M","T","$","R","M","E","M","R","B",null,"M","?","$","M","?","E","?","M","T","M","$","R","M","$","R","B",null,"M","?","$","M","?","M","R","$","T","M","M","E","M","E","R","B",null],"character_chosen":"DEFECT","items_purchased":["Gash","Pen Nib","Strawberry","Blue Candle","Nunchaku","HandDrill","PreservedInsect"],"campfire_rested":2,"item_purchase_floors":[4,28,31,37,37,42,42],"current_hp_per_floor":[75,75,68,68,75,75,75,75,75,75,75,75,75,75,75,75,75,75,69,69,75,75,75,48,55,55,62,62,65,61,68,82,82,82,82,82,82,82,77,82,82,82,82,82,82,82,82,59,82,79],"gold":245,"neow_bonus":"","is_daily":false,"chose_seed":false,"campfire_upgraded":5,"win_rate":0.0,"timestamp":1611534431,"path_taken":["M","M","?","$","M","E","R","M","T","$","R","M","E","M","R","BOSS","M","?","$","M","?","E","?","M","T","M","$","R","?","$","R","BOSS","M","?","$","M","?","M","R","$","T","M","M","E","?","E","R","BOSS"],"items_purchased_type":["Card","Relic","Relic","Relic","Relic","Relic","Relic"],"build_version":"2020-12-22","purchased_purges":3,"victory":true,"max_hp_per_floor":[75,75,75,75,75,75,75,75,75,75,75,75,75,75,75,75,75,75,75,75,75,75,75,75,75,75,75,75,75,75,82,82,82,82,82,82,82,82,82,82,82,82,82,82,82,82,82,82,82,82],"relic_stats":{"Regal Pillow":0,"Singing Bowl":0,"Gremlin Horn":[6,6],"Whetstone":["Go for the Eyes","RitualDagger"],"Smiling Mask":0,"Nunchaku":[11],"Emotion Chip":[5,4,1,0,0],"Pantograph":0,"HandDrill":[24],"counters":[26,45],"Dead Branch":[19],"Blue Candle":[5],"Eternal Feather":12,"Pen Nib":[14],"PreservedInsect":172,"Orichalcum":[0],"MawBank":192,"Cables":[8,5,3,0,0],"Busted Crown":16,"Bronze Scales":[28],"Bird Faced Urn":[7],"Art of War":[0],"Black Star":3,"obtain_stats":[{"Regal Pillow":8,"Lantern":46,"Singing Bowl":9,"Gremlin Horn":35,"Incense Burner":43,"Whetstone":25,"Bottled Tornado":46,"Ancient Tea Set":6,"Smiling Mask":48,"Old Coin":23,"Nunchaku":37,"Emotion Chip":39,"HornCleat":30,"Strawberry":31,"Pantograph":45,"Philosopher\u0027s Stone":34,"HandDrill":42,"Girya":44,"Dead Branch":1,"Blue Candle":37,"Eternal Feather":14,"Pen Nib":28,"PreservedInsect":42,"Orichalcum":48,"MawBank":12,"Akabeko":2,"Cables":23,"Du-Vu Doll":26,"Bottled Flame":5,"DataDisk":27,"CaptainsWheel":40,"Busted Crown":0,"Bronze Scales":21,"Bird Faced Urn":38,"Art of War":13,"Black Star":17,"Bag of Marbles":18,"Unceasing Top":0,"Toy Ornithopter":47},{"Regal Pillow":5,"Lantern":23,"Singing Bowl":5,"Gremlin Horn":17,"Incense Burner":20,"Whetstone":13,"Bottled Tornado":23,"Ancient Tea Set":4,"Smiling Mask":25,"Old Coin":12,"Nunchaku":17,"Emotion Chip":19,"HornCleat":15,"Strawberry":15,"Pantograph":22,"Philosopher\u0027s Stone":16,"HandDrill":20,"Girya":21,"Dead Branch":1,"Blue Candle":17,"Eternal Feather":8,"Pen Nib":14,"PreservedInsect":20,"Orichalcum":25,"MawBank":6,"Akabeko":2,"Cables":12,"Du-Vu Doll":13,"Bottled Flame":3,"DataDisk":14,"CaptainsWheel":20,"Busted Crown":0,"Bronze Scales":11,"Bird Faced Urn":18,"Art of War":7,"Black Star":9,"Bag of Marbles":10,"Unceasing Top":0,"Toy Ornithopter":24},{"Regal Pillow":7,"Lantern":36,"Singing Bowl":7,"Gremlin Horn":24,"Incense Burner":30,"Whetstone":17,"Bottled Tornado":36,"Ancient Tea Set":6,"Smiling Mask":42,"Old Coin":15,"Nunchaku":24,"Emotion Chip":29,"HornCleat":22,"Strawberry":22,"Pantograph":34,"Philosopher\u0027s Stone":23,"HandDrill":30,"Girya":33,"Dead Branch":1,"Blue Candle":24,"Eternal Feather":10,"Pen Nib":18,"PreservedInsect":30,"Orichalcum":42,"MawBank":8,"Akabeko":4,"Cables":15,"Du-Vu Doll":17,"Bottled Flame":5,"DataDisk":18,"CaptainsWheel":30,"Busted Crown":0,"Bronze Scales":13,"Bird Faced Urn":25,"Art of War":9,"Black Star":11,"Bag of Marbles":12,"Unceasing Top":0,"Toy Ornithopter":37}],"Unceasing Top":[208],"Toy Ornithopter":0},"card_choices":[],"player_experience":836834,"relics_obtained":[{"floor":1,"key":"Dead Branch"},{"floor":2,"key":"Akabeko"},{"floor":5,"key":"Bottled Flame"},{"floor":6,"key":"Ancient Tea Set"},{"floor":8,"key":"Regal Pillow"},{"floor":9,"key":"Singing Bowl"},{"floor":12,"key":"MawBank"},{"floor":13,"key":"Art of War"},{"floor":14,"key":"Eternal Feather"},{"floor":18,"key":"Bag of Marbles"},{"floor":21,"key":"Bronze Scales"},{"floor":23,"key":"Cables"},{"floor":23,"key":"Old Coin"},{"floor":25,"key":"Whetstone"},{"floor":26,"key":"Du-Vu Doll"},{"floor":27,"key":"DataDisk"},{"floor":30,"key":"HornCleat"},{"floor":35,"key":"Gremlin Horn"},{"floor":38,"key":"Bird Faced Urn"},{"floor":39,"key":"Emotion Chip"},{"floor":40,"key":"CaptainsWheel"},{"floor":43,"key":"Incense Burner"},{"floor":44,"key":"Girya"},{"floor":45,"key":"Pantograph"},{"floor":46,"key":"Bottled Tornado"},{"floor":46,"key":"Lantern"},{"floor":47,"key":"Toy Ornithopter"},{"floor":48,"key":"Orichalcum"},{"floor":48,"key":"Smiling Mask"}],"event_choices":[{"damage_healed":0,"gold_gain":0,"player_choice":"Damaged","damage_taken":7,"max_hp_gain":0,"max_hp_loss":0,"event_name":"Wheel of Change","floor":3,"gold_loss":0},{"damage_healed":0,"gold_gain":0,"player_choice":"Joined the Cult","damage_taken":6,"max_hp_gain":0,"max_hp_loss":0,"event_name":"Nest","floor":19,"gold_loss":0,"cards_obtained":["RitualDagger"]},{"damage_healed":0,"gold_gain":0,"player_choice":"Ignored","damage_taken":0,"max_hp_gain":0,"max_hp_loss":0,"event_name":"Ghosts","floor":22,"gold_loss":0},{"damage_healed":0,"gold_gain":270,"player_choice":"GOLD GOLD GOLD ","damage_taken":27,"max_hp_gain":0,"max_hp_loss":0,"event_name":"Knowing Skull","floor":24,"potions_obtained":[],"gold_loss":0,"cards_obtained":[]},{"damage_healed":0,"gold_gain":0,"player_choice":"Ignored","damage_taken":0,"max_hp_gain":0,"max_hp_loss":0,"event_name":"Tomb of Lord Red Mask","floor":36,"gold_loss":0},{"damage_healed":0,"gold_gain":0,"player_choice":"Fight","damage_taken":0,"max_hp_gain":0,"max_hp_loss":0,"event_name":"MindBloom","floor":39,"gold_loss":0}],"is_beta":false,"boss_relics":[{"not_picked":["Calling Bell","Ectoplasm"],"picked":"Black Star"},{"not_picked":["Empty Cage","Astrolabe"],"picked":"Philosopher\u0027s Stone"}],"items_purged_floors":[4,10,28],"is_endless":false,"potions_floor_spawned":[2,6,8,12,23,25,35,38,40,47,48],"ascension_level":0}}