{"host":"tm3ghj8mno6gwywm","time":1611595009,"event":{"mods":["2.2 Compatiblity","AchievementEnabler","Bard","BaseMod","Beaked The Cultist","Better Third Choice","Colored Map","Colored Powertips","Conspire","Downfall","Glutton Mod","GungeonMod","Halation","Hermit","Hubris","Infinite Spire","Jorbs\u0027s Wanderer Trilogy","Mad Scientist","Marisa????????","Marked Mod","Mimic Mod","Minty Spire (QoL Compilation)","Potionbrewer","Quick Restart","Replay The Spire","Shade Mod","Shop Mod","Somnambulant","Spicy Shops","StSLib","SuperFastMode","The Bug Knight","The Construct","The Cursed","The Disciple","The Hierophant","The IronCluck","The Judge","The Jungle","The Necromancer","The Runesmith","The Servant 0.9.4","egg"],"gold_per_floor":[417,417,417,47,63,94,94,124,124,124,143,163,183,34,34,137,137,157,47,57,156,0,27,27,62,114,130,142,154,154,154,154,256,256,274,31,49,49,49,75,95,95,95,95,121,184,184,69,69,69,69,69,11,37,37],"floor_reached":56,"language":"ENG","playtime":1458,"items_purged":[],"score":1451,"play_id":"0aa5217f-95d3-469a-8392-8efe229efe91","local_time":"20210125121649","is_ascension_mode":false,"campfire_choices":[{"floor":7,"key":"RECALL"},{"floor":10,"key":"REST"},{"data":"Bash","floor":15,"key":"SMITH"},{"floor":24,"key":"REST"},{"floor":30,"key":"REST"},{"data":"Defend_R","floor":44,"key":"SMITH"}],"circlet_count":0,"master_deck":["Strike_R+1","Strike_R+1","Strike_R+1","Strike_R+1","Strike_R+1","Defend_R","Defend_R+1","Defend_R+1","Defend_R+1","Bash+1","ReplayTheSpireMod:Stacked+1","Rupture+1","Rupture+1","Fire Breathing+1","Sword Boomerang+1","Havoc+1","ReplayTheSpireMod:Stacked+1","Spot Weakness+1","Armaments+1","Heavy Blade+1","Sword Boomerang+1","Dark Embrace+1","Seeing Red+1","Juggernaut+1","Immolate+1","TheCursedMod:Dregs","Brutality+1","Impatience+1","hubris:Rewind+1","Havoc+1","hubris:SharpeningStone+1","Sentinel+1","Ghostly Armor+1","Cleave+1","Demon Form+1","Life Link+1","Limit Break+1","Havoc+1","Shame","Havoc+1","Intimidate+1","ReplayReversal+1","Combust+1","Intimidate+1","Feel No Pain+1","Flash of Steel+1"],"relics":["Burning Blood","Membership Card","Quantum Egg","Frozen Egg 2","Toxic Egg 2","Molten Egg 2","Black Star","Mummified Hand","Lizard Tail","WingedGreaves","Old Coin","hubris:Icosahedron","King of Hearts","Potion Belt","Letter Opener","DollysMirror","StrikeDummy","DemoMod:MemoryAlloy","Replay:Wax Seal","Blood Vial","bronze:BronzeIdol","potionbrewer:BoosterPack","ReplayTheSpireMod:SealedPack","Guardian:PocketSentry","Bronze Scales","Dead Branch","potionbrewer:Torch","champ:DuelingGlove","Chameleon Ring","infinitespire:Magic Flask","DemoMod:LamentConfigurum","infinitespire:Burning Sword","Bag of Preparation","Frozen Egg 2","hubris:MysteriousPyramids","halation:EternalFortune","infinitespire:WardingShard","ReplayTheSpireMod:Spearhead","Replay:Mystery Machine","Philosopher\u0027s Stone","FossilizedHelix","potionbrewer:WarMedal","halation:KoshaPiece","Garlic","Replay:Bottled Eggs","hubris:TenFootPole","DemoMod:Metronome","Oddly Smooth Stone"],"acts_visited":["Exordium","TheCity","TheBeyond","TheEnding"],"potions_floor_usage":[6,16,25,30,33,49,50,55,55,55,55,55],"damage_taken":[{"damage":2,"enemies":"Small Slimes","floor":1,"turns":4},{"damage":0,"enemies":"conspire:RoseBush","floor":5,"turns":4},{"damage":8,"enemies":"HollowMod:MossKnight","floor":6,"turns":9},{"damage":25,"enemies":"Replay:BlueRogue","floor":8,"turns":6},{"damage":5,"enemies":"Jaw Worm","floor":11,"turns":2},{"damage":10,"enemies":"Large Slime","floor":12,"turns":5},{"damage":8,"enemies":"2 Fungi Beasts","floor":13,"turns":4},{"damage":10,"enemies":"Slime Boss","floor":16,"turns":5},{"damage":5,"enemies":"Spheric Guardian","floor":18,"turns":3},{"damage":11,"enemies":"3 Byrds","floor":20,"turns":2},{"damage":43,"enemies":"Slavers","floor":23,"turns":4},{"damage":13,"enemies":"HollowMod:Nosk","floor":25,"turns":4},{"damage":2,"enemies":"Centurion and Healer","floor":27,"turns":2},{"damage":4,"enemies":"Cultist and Chosen","floor":28,"turns":4},{"damage":9,"enemies":"Sentry and Sphere","floor":29,"turns":3},{"damage":8,"enemies":"Collector","floor":33,"turns":5},{"damage":7,"enemies":"3 Darklings","floor":35,"turns":2},{"damage":2,"enemies":"Orb Walker","floor":37,"turns":3},{"damage":3,"enemies":"R_Hoarder","floor":40,"turns":4},{"damage":1,"enemies":"Jaw Worm Horde","floor":41,"turns":2},{"damage":3,"enemies":"Nemesis","floor":45,"turns":3},{"damage":12,"enemies":"infinitespire:MassOfShapes","floor":50,"turns":4},{"damage":0,"enemies":"Shield and Spear","floor":54,"turns":2},{"damage":32,"enemies":"The Heart","floor":55,"turns":4}],"seed_played":"-6342252326403167628","potions_obtained":[{"floor":0,"key":"Elixir"},{"floor":0,"key":"BloodPotion"},{"floor":0,"key":"infinitespire:BlackPotion"},{"floor":8,"key":"AttackPotion"},{"floor":12,"key":"Regen Potion"},{"floor":20,"key":"potionbrewer:DiscountPotion"},{"floor":25,"key":"EssenceOfSteel"},{"floor":30,"key":"potionbrewer:BlacksmithPotion"},{"floor":30,"key":"SkillPotion"},{"floor":32,"key":"AttackPotion"},{"floor":33,"key":"Languid Potion"},{"floor":47,"key":"SkillPotion"},{"floor":49,"key":"Fruit Juice"},{"floor":49,"key":"Dexterity Potion"},{"floor":52,"key":"Cursed Concoction"}],"is_trial":false,"path_per_floor":["M","?","?","$","M","E","R","E","T","R","M","M","M","$","R","B",null,"M","$","M","?","$","E","R","E","T","M","M","M","R","?","R","B",null,"M","$","M","?","T","E","M","AVR","T","R","E","?","R","$","R","B",null,"R","$","E","B",null],"character_chosen":"IRONCLAD","items_purchased":["Rupture+1","King of Hearts","Potion Belt","Letter Opener","DollysMirror","bronze:BronzeIdol","potionbrewer:BoosterPack","DistilledChaos","Guardian:PocketSentry","Bronze Scales","Dead Branch","Bag of Preparation","Havoc+1","Frozen Egg 2","hubris:MysteriousPyramids","hubris:TenFootPole","DemoMod:Metronome","Flash of Steel+1"],"campfire_rested":3,"item_purchase_floors":[4,4,4,4,4,14,14,14,19,19,22,36,36,36,36,48,48,53],"current_hp_per_floor":[80,80,85,85,85,83,83,64,64,85,85,81,81,81,81,79,85,85,85,80,80,80,45,70,65,65,71,75,74,85,85,85,83,85,84,84,85,88,88,88,91,91,91,91,91,91,91,91,98,92,98,98,98,98,98],"gold":37,"neow_bonus":"THREE_SMALL_POTIONS","is_daily":false,"chose_seed":false,"campfire_upgraded":2,"win_rate":0.0,"timestamp":1611595009,"path_taken":["M","?","?","$","M","E","R","E","T","R","?","M","M","$","R","BOSS","M","$","M","?","$","E","R","E","T","M","M","M","R","?","R","BOSS","M","$","M","?","?","E","M","AVR","T","R","E","?","R","$","R","BOSS","R","$","E","BOSS"],"items_purchased_type":["Card","Relic","Relic","Relic","Relic","Relic","Relic","Potion","Relic","Relic","Relic","Relic","Card","Relic","Relic","Relic","Relic","Card"],"build_version":"2020-12-22","purchased_purges":0,"victory":true,"max_hp_per_floor":[80,80,85,85,85,85,85,85,85,85,85,85,85,85,85,85,85,85,85,85,85,85,85,85,85,85,85,85,85,85,85,85,85,85,85,85,85,88,88,88,91,91,91,91,91,91,91,91,98,98,98,98,98,98,98],"card_choices":[{"not_picked":["Dual Wield+1","Shrug It Off+1"],"picked":"ReplayTheSpireMod:Stacked+1","floor":1},{"not_picked":["Juggernaut+1","Run Through+1","Whirlwind+1"],"picked":"SKIP","floor":5},{"not_picked":["Twin Strike+1","Iron Wave+1"],"picked":"Fire Breathing+1","floor":6},{"not_picked":["Pommel Strike+1","Rupture+1"],"picked":"Sword Boomerang+1","floor":8},{"not_picked":["Sword Boomerang+1","Clash+1"],"picked":"Havoc+1","floor":11},{"not_picked":["conspire:Purge+1","Flex+1"],"picked":"ReplayTheSpireMod:Stacked+1","floor":12},{"not_picked":["ReplayTheSpireMod:Corrosion Curse+1","Twin Strike+1"],"picked":"Spot Weakness+1","floor":13},{"not_picked":["Eclipse+1","Fiend Fire+1"],"picked":"Immolate+1","floor":16},{"not_picked":["Offering","Eclipse"],"picked":"Brutality","floor":17},{"not_picked":["DemoMod:Spice","Specialist"],"picked":"Impatience","floor":17},{"not_picked":["hubris:Fate","infinitespire:TheBestDefense"],"picked":"hubris:Rewind","floor":17},{"not_picked":["Headbutt+1","Iron Wave+1"],"picked":"Havoc+1","floor":18},{"not_picked":["Body Slam+1","conspire:HitWhereItHurts+1"],"picked":"hubris:SharpeningStone+1","floor":20},{"not_picked":["Uppercut+1","Flex+1"],"picked":"Sentinel+1","floor":23},{"not_picked":["Replay:Undeath\u0027s Touch+1","Anger+1","Brutality+1"],"picked":"SKIP","floor":25},{"not_picked":["Clash+1","Fire Breathing+1"],"picked":"Ghostly Armor+1","floor":27},{"not_picked":["Anger+1","DemoMod:WhiteBlade+1"],"picked":"Cleave+1","floor":28},{"not_picked":["Sword Boomerang+1","Thunderclap+1"],"picked":"Demon Form+1","floor":29},{"not_picked":["Juggernaut+1","Replay:Many Hands+1"],"picked":"Limit Break+1","floor":33},{"not_picked":["Warcry+1","Rampage+1"],"picked":"Havoc+1","floor":35},{"not_picked":["Pommel Strike+1","Clothesline+1"],"picked":"Intimidate+1","floor":37},{"not_picked":["Pommel Strike+1","Double Tap+1"],"picked":"ReplayReversal+1","floor":40},{"not_picked":["Wild Strike+1","Clash+1"],"picked":"Combust+1","floor":41},{"not_picked":["Armaments+1","Clothesline+1"],"picked":"Intimidate+1","floor":45},{"not_picked":["Abandon+1","DemoMod:WhiteBlade+1"],"picked":"Feel No Pain+1","floor":46},{"not_picked":["Dual Wield+1","Clothesline+1","Pommel Strike+1"],"picked":"SKIP","floor":54}],"player_experience":838219,"relics_obtained":[{"floor":6,"key":"StrikeDummy"},{"floor":6,"key":"DemoMod:MemoryAlloy"},{"floor":8,"key":"Replay:Wax Seal"},{"floor":8,"key":"Blood Vial"},{"floor":23,"key":"potionbrewer:Torch"},{"floor":23,"key":"champ:DuelingGlove"},{"floor":25,"key":"Chameleon Ring"},{"floor":25,"key":"infinitespire:Magic Flask"},{"floor":26,"key":"DemoMod:LamentConfigurum"},{"floor":39,"key":"infinitespire:WardingShard"},{"floor":40,"key":"ReplayTheSpireMod:Spearhead"},{"floor":40,"key":"Replay:Mystery Machine"},{"floor":41,"key":"halation:EternalFortune"},{"floor":43,"key":"potionbrewer:WarMedal"},{"floor":45,"key":"halation:KoshaPiece"},{"floor":45,"key":"Garlic"},{"floor":46,"key":"Replay:Bottled Eggs"},{"floor":54,"key":"Oddly Smooth Stone"}],"event_choices":[{"damage_healed":0,"gold_gain":0,"player_choice":"Donut","damage_taken":0,"max_hp_gain":5,"max_hp_loss":0,"event_name":"Big Fish","floor":3,"gold_loss":0},{"damage_healed":0,"gold_gain":99,"player_choice":"Steal","damage_taken":0,"max_hp_gain":0,"max_hp_loss":0,"event_name":"betterThird:BetterNest","floor":21,"gold_loss":0}],"is_beta":false,"boss_relics":[{"not_picked":["Astrolabe","hubris:VirtuousBlindfold"],"picked":"ReplayTheSpireMod:SealedPack"},{"not_picked":["Sozu","Snecko Heart"],"picked":"infinitespire:Burning Sword"}],"items_purged_floors":[],"is_endless":false,"potions_floor_spawned":[1,8,12,20,25,33,37,40,41],"ascension_level":0}}