{"host":"r3eb5kff0hcmimdq","time":1611565725,"event":{"mods":["ATMod(°¢èªMod)","AchievementEnabler","Aspiration","BaseMod","Challenge The Spire","Colored Powertips","Conspire","Dota2Spire","Highlight Path","Luminous","Minty Spire (QoL Compilation)","MostiFishMod","Quick Restart","Reimu£¨²©ÀöÁéÃÎ£©","Relic Filter","Relic Filter Mod","Replay The Spire","RumiaBox-Â¶Ã×æ«µÄÉñÃØºÐ×Ó","Shop Mod","Spicy Shops","StSLib","TestMod","The Jungle","The Senshi","¡¾ÒÅÎï¿¨ÅÆ¡¿REMEMod","óô»ðÖ¸ÄÏ"],"gold_per_floor":[105,51,164,278,396,396,58,40,151,267,386,386,3,44,162,278,394,510],"floor_reached":19,"language":"ZHS","playtime":1032,"items_purged":["Defend_Lin:ReiMu","Defend_Lin:ReiMu","Strike_Lin:ReiMu"],"score":5255,"play_id":"699d7212-d370-49b3-a72a-07bede0e712f","local_time":"20210125170845","daily_mods":["challengethespire:Platinum Difficulty","challengethespire:Boss Rush","Uncertain Future"],"is_ascension_mode":true,"campfire_choices":[],"circlet_count":0,"master_deck":["AscendersBane","Strike_Lin:ReiMu","Strike_Lin:ReiMu","Strike_Lin:ReiMu","Defend_Lin:ReiMu+1","Defend_Lin:ReiMu+1","NB:ReiMu","Stagnation:ReiMu","FantasyMoon:ReiMu+1","PrayRite:ReiMu+1","Writhe","Revelation:ReiMu+1","PrepareRite:ReiMu+1","KamiRite:ReiMu+1","Pain","Body Slam+1","ManaGlint:ReiMu+1","LearningPray:ReiMu+1","TakeOff:ReiMu+1","Authority:ReiMu+1","AscendersBane"],"relics":["FlyPower:ReiMu","The Courier","Molten Egg 2","Toxic Egg 2","Frozen Egg 2","DaveBox","REME_ComplimentaryCards","AT_ATBox","testmod-TestBox","PatriotShield","testmod-SaigiyounoYou","Dota2Spire:PowerTreads","MerchantsRug","MagicDraw3","Lantern","Matryoshka","Garlic","Oddly Smooth Stone","Dota2Spire:RefresherOrb","aspiration:Nostalgia","Iron Core","ChiLing","Chi","Ling","Dota2Spire:OrchidMalevolence","Thread and Needle","DianPoetry","conspire:RunicOctahedron","conspire:TreasureMap","MostiFishMod:AdaptiveDefenses","Ancient Tea Set","Dota2Spire:PhaseBoots","ZombieArmy","AT_ArchangelStaff"],"acts_visited":["Exordium"],"potions_floor_usage":[],"damage_taken":[{"damage":0,"enemies":"Hexaghost","floor":3,"turns":3},{"damage":0,"enemies":"Slime Boss","floor":4,"turns":3},{"damage":0,"enemies":"The Guardian","floor":5,"turns":5},{"damage":16,"enemies":"Automaton","floor":9,"turns":5},{"damage":25,"enemies":"Champ","floor":10,"turns":6},{"damage":3,"enemies":"Collector","floor":11,"turns":2},{"damage":26,"enemies":"Awakened One","floor":15,"turns":3},{"damage":8,"enemies":"Time Eater","floor":16,"turns":3},{"damage":12,"enemies":"Donu and Deca","floor":17,"turns":2},{"damage":56,"enemies":"The Heart","floor":18,"turns":5}],"seed_played":"8957857277916080169","potions_obtained":[{"floor":4,"key":"Dota2Spire:Clarity"},{"floor":10,"key":"GrandPatriotsElixir:ReiMu"},{"floor":11,"key":"Fire Potion"},{"floor":15,"key":"testmod-SpacePotion"},{"floor":16,"key":"Languid Potion"}],"is_trial":true,"path_per_floor":["$","$","M","M","M","T","$","$","M","M","M","T","$","$","M","M","M","M",null],"character_chosen":"REIMU","items_purchased":["BargainBundle","Dota2Spire:PowerTreads","MerchantsRug","MagicDraw3","PrayRite:ReiMu+1","Swift Potion","SkillPotion","Lantern","War Paint","Potion Belt","aspiration:Nostalgia","ChiLing","conspire:TreasureMap","MostiFishMod:AdaptiveDefenses"],"campfire_rested":0,"item_purchase_floors":[1,1,1,1,1,1,1,2,7,7,7,8,13,13],"current_hp_per_floor":[54,54,60,60,60,60,60,60,58,55,60,60,60,60,56,60,60,35],"gold":510,"neow_bonus":"","is_daily":false,"chose_seed":false,"campfire_upgraded":0,"win_rate":0.0,"timestamp":1611565725,"path_taken":["$","$","M","M","M","T","$","$","M","M","M","T","$","$","M","M","M","M"],"items_purchased_type":["Relic","Relic","Relic","Relic","Card","Potion","Potion","Relic","Relic","Relic","Relic","Relic","Relic","Relic"],"build_version":"2020-12-22","purchased_purges":3,"victory":true,"max_hp_per_floor":[60,60,60,60,60,60,60,60,60,60,60,60,60,60,60,60,60,60],"card_choices":[],"player_experience":173232,"relics_obtained":[{"floor":3,"key":"Matryoshka"},{"floor":4,"key":"Garlic"},{"floor":5,"key":"Oddly Smooth Stone"},{"floor":9,"key":"Dota2Spire:OrchidMalevolence"},{"floor":10,"key":"Thread and Needle"},{"floor":11,"key":"DianPoetry"},{"floor":15,"key":"Ancient Tea Set"},{"floor":16,"key":"Dota2Spire:PhaseBoots"},{"floor":17,"key":"ZombieArmy"},{"floor":18,"key":"AT_ArchangelStaff"}],"event_choices":[],"is_beta":false,"boss_relics":[{"not_picked":["aspiration:IroncladSkillbook","aspiration:RunicSpoon"],"picked":"Dota2Spire:RefresherOrb"},{"not_picked":["conspire:SlowCooker","SlaversCollar"],"picked":"conspire:RunicOctahedron"}],"items_purged_floors":[1,13,13],"is_endless":false,"potions_floor_spawned":[4,10,11,15,16],"ascension_level":20}}