{"host":"aas8f8jvicx6tcxp","time":1611585293,"event":{"mods":["BaseMod","Better Third Choice","BetterRewards","Clockwork Mod","Downfall","Minty Spire (QoL Compilation)","StSLib","The Cursed"],"gold_per_floor":[112,132,147,44,44,44,73,128,151,151,151,186,38,63,63,167,167,178,162,162,83,95,95,109,109,109,138,92,92,92,92],"floor_reached":30,"language":"ENG","playtime":1739,"items_purged":[],"score":277,"play_id":"85dcd0fa-cf5e-44cf-9640-88a810792e92","local_time":"20210125083453","is_ascension_mode":true,"campfire_choices":[{"data":"Echo Form","floor":6,"key":"SMITH"},{"floor":10,"key":"REST"},{"floor":15,"key":"REST"},{"floor":23,"key":"REST"},{"floor":25,"key":"REST"},{"data":"Armaments","floor":29,"key":"SMITH"}],"circlet_count":0,"master_deck":["Strike_R","Strike_R","Strike_R","Strike_R","Defend_R","Defend_R","Defend_R","Defend_R","Bash","Armaments+1","Uppercut","Rampage","Echo Form+1","Anger","Pummel","Berserk","Reaper","CurseOfTheBell","Pommel Strike+1","Infernal Blade","Iron Wave+1","Twin Strike+1","Flex","Blood for Blood+1","Iron Wave+1","Armaments"],"relics":["Burning Blood","Oddly Smooth Stone","Tiny Chest","Pen Nib","Smiling Mask","Red Skull","Kunai","Calling Bell","Omamori","Molten Egg 2","Dead Branch","TungstenRod","Incense Burner","HornCleat"],"acts_visited":["Exordium","TheCity"],"potions_floor_usage":[12,14,16,19,27],"damage_taken":[{"damage":0,"enemies":"Cultist","floor":1,"turns":4},{"damage":4,"enemies":"Small Slimes","floor":2,"turns":4},{"damage":2,"enemies":"2 Louse","floor":3,"turns":4},{"damage":37,"enemies":"3 Sentries","floor":7,"turns":8},{"damage":27,"enemies":"3 Sentries","floor":8,"turns":8},{"damage":2,"enemies":"Gremlin Nob","floor":12,"turns":3},{"damage":13,"enemies":"Lagavulin","floor":14,"turns":4},{"damage":42,"enemies":"Hexaghost","floor":16,"turns":5},{"damage":23,"enemies":"Spheric Guardian","floor":18,"turns":4},{"damage":16,"enemies":"2 Thieves","floor":19,"turns":4},{"damage":30,"enemies":"Sentry and Sphere","floor":22,"turns":6},{"damage":36,"enemies":"Snake Plant","floor":24,"turns":5},{"damage":21,"enemies":"Book of Stabbing","floor":27,"turns":4},{"damage":0,"enemies":"Gremlin Leader","floor":30,"turns":1}],"seed_played":"7452688009839176983","potions_obtained":[{"floor":7,"key":"champ:CounterPotion"},{"floor":12,"key":"hexamod:SoulburnPotion"},{"floor":14,"key":"CultistPotion"},{"floor":18,"key":"sneckomod:MuddlingPotion"},{"floor":24,"key":"FearPotion"}],"is_trial":false,"path_per_floor":["M","M","M","$","?","R","E","?","T","R","?","E","$","E","R","B",null,"M","M","T","$","M","R","M","R","T","E","$","R","E"],"character_chosen":"IRONCLAD","items_purchased":["Uppercut","Rampage","Red Skull","Iron Wave+1","Twin Strike+1","Armaments"],"campfire_rested":4,"item_purchase_floors":[4,4,13,21,21,28],"current_hp_per_floor":[80,80,80,80,71,71,40,19,19,43,43,47,47,40,64,28,80,63,61,61,61,37,61,31,55,55,50,50,50,50,50],"gold":92,"neow_bonus":"RANDOM_COMMON_RELIC","is_daily":false,"chose_seed":false,"campfire_upgraded":2,"win_rate":0.0,"timestamp":1611585293,"path_taken":["M","M","?","$","?","R","E","?","T","R","?","E","$","E","R","BOSS","M","?","?","$","?","R","?","R","T","E","$","R","E"],"items_purchased_type":["Card","Card","Relic","Card","Card","Card"],"build_version":"2020-12-22","purchased_purges":0,"victory":false,"max_hp_per_floor":[80,80,80,80,80,80,80,80,80,80,80,80,80,80,80,80,80,80,80,80,80,80,80,80,80,80,80,80,80,80,80],"card_choices":[{"not_picked":["Clothesline","Reckless Charge"],"picked":"Armaments","floor":1},{"not_picked":["Cleave","Body Slam","Dark Embrace"],"picked":"SKIP","floor":2},{"not_picked":["Twin Strike","Cleave","True Grit"],"picked":"SKIP","floor":3},{"not_picked":["Body Slam","Dark Embrace","Clothesline"],"picked":"SKIP","floor":7},{"not_picked":["Headbutt","Feed"],"picked":"Anger","floor":8},{"not_picked":["Body Slam","Warcry"],"picked":"Pummel","floor":12},{"not_picked":["Headbutt","Rampage"],"picked":"Berserk","floor":14},{"not_picked":["Corruption","Bludgeon"],"picked":"Reaper","floor":16},{"not_picked":["Second Wind","Warcry"],"picked":"Pommel Strike+1","floor":18},{"not_picked":["Sword Boomerang+1","Power Through+1"],"picked":"Infernal Blade","floor":19},{"not_picked":["Carnage+1","Havoc"],"picked":"Flex","floor":22},{"not_picked":["Headbutt+1","Fire Breathing+1"],"picked":"Blood for Blood+1","floor":24},{"not_picked":["Whirlwind+1","Shrug It Off"],"picked":"Iron Wave+1","floor":27}],"player_experience":311838,"relics_obtained":[{"floor":7,"key":"Tiny Chest"},{"floor":8,"key":"Pen Nib"},{"floor":12,"key":"Smiling Mask"},{"floor":14,"key":"Kunai"},{"floor":17,"key":"Omamori"},{"floor":17,"key":"Molten Egg 2"},{"floor":17,"key":"Dead Branch"},{"floor":20,"key":"TungstenRod"},{"floor":26,"key":"Incense Burner"},{"floor":27,"key":"HornCleat"}],"event_choices":[{"damage_healed":0,"gold_gain":0,"player_choice":"Card ","damage_taken":9,"max_hp_gain":0,"max_hp_loss":0,"event_name":"betterThird:BetterScrap","floor":5,"gold_loss":0,"cards_obtained":["Echo Form"]},{"damage_healed":0,"gold_gain":0,"player_choice":"Searched \u00271\u0027 times","damage_taken":0,"max_hp_gain":0,"max_hp_loss":0,"event_name":"Dead Adventurer","floor":8,"gold_loss":0},{"cards_removed":["Strike_R"],"damage_healed":0,"gold_gain":0,"player_choice":"Offered Basic","damage_taken":0,"max_hp_gain":0,"max_hp_loss":0,"event_name":"Bonfire Elementals","floor":11,"gold_loss":0}],"is_beta":false,"boss_relics":[{"not_picked":["SlaversCollar","Runic Pyramid"],"picked":"Calling Bell"}],"items_purged_floors":[],"is_endless":false,"potions_floor_spawned":[7,12,14,18,24],"killed_by":"Gremlin Leader","ascension_level":1}}