{"host":"8is2j71l4wmybkoi","time":1611591470,"event":{"mods":["AchievementEnabler","BaseMod","Colored Map","Minty Spire (QoL Compilation)","Rare Cards Sparkle","StSLib","SuperFastMode"],"gold_per_floor":[118,118,118,118,43,76,94,94,174,174,217,217,241,262,262,355,355,370,384,20,41,41,41,41,41],"floor_reached":24,"language":"KOR","playtime":562,"items_purged":["Strike_B"],"score":458,"play_id":"738434f6-90df-4825-aa7b-584115ddf120","local_time":"20210126011750","is_ascension_mode":true,"campfire_choices":[{"data":"Chaos","floor":8,"key":"SMITH"},{"data":"Genetic Algorithm","floor":12,"key":"SMITH"},{"data":"Zap","floor":15,"key":"SMITH"},{"floor":23,"key":"REST"}],"circlet_count":0,"master_deck":["AscendersBane","Strike_B","Strike_B","Defend_B+1","Defend_B","Defend_B","Defend_B","Zap+1","Dualcast+1","Melter","Chaos+1","Blizzard","Genetic Algorithm+1","Hyperbeam","Doom and Gloom+1","Redo","Rebound","Cold Snap"],"relics":["Cracked Core","NeowsBlessing","Golden Idol","Letter Opener","Cables","Symbiotic Virus","Art of War","Sozu","Mummified Hand"],"acts_visited":["Exordium","TheCity"],"potions_floor_usage":[11,14,16,16],"damage_taken":[{"damage":0,"enemies":"Small Slimes","floor":1,"turns":1},{"damage":0,"enemies":"Gremlin Nob","floor":6,"turns":1},{"damage":0,"enemies":"Jaw Worm","floor":7,"turns":1},{"damage":9,"enemies":"Lagavulin","floor":11,"turns":6},{"damage":0,"enemies":"Cultist","floor":13,"turns":2},{"damage":0,"enemies":"3 Louse","floor":14,"turns":1},{"damage":3,"enemies":"The Guardian","floor":16,"turns":9},{"damage":11,"enemies":"2 Thieves","floor":18,"turns":3},{"damage":1,"enemies":"Spheric Guardian","floor":19,"turns":3},{"damage":41,"enemies":"Shelled Parasite and Fungi","floor":21,"turns":4},{"damage":23,"enemies":"Centurion and Healer","floor":24,"turns":3}],"seed_played":"-3437193354637737816","potions_obtained":[{"floor":1,"key":"ColorlessPotion"},{"floor":7,"key":"ColorlessPotion"},{"floor":11,"key":"AttackPotion"},{"floor":14,"key":"BlessingOfTheForge"}],"is_trial":false,"path_per_floor":["M","?","?","?","$","E","M","R","T","?","E","R","M","M","R","B",null,"M","M","$","M","?","R","M"],"character_chosen":"DEFECT","items_purchased":["Mummified Hand","Rebound","Cold Snap"],"campfire_rested":1,"item_purchase_floors":[20,20,20],"current_hp_per_floor":[64,64,64,53,53,53,53,53,53,34,25,25,25,25,25,22,54,43,42,42,1,1,20,0,0],"gold":41,"neow_bonus":"THREE_ENEMY_KILL","is_daily":false,"chose_seed":false,"campfire_upgraded":3,"win_rate":0.0,"timestamp":1611591470,"path_taken":["M","?","?","?","$","E","M","R","T","?","E","R","M","M","R","BOSS","M","M","$","M","?","R","M"],"items_purchased_type":["Relic","Card","Card"],"build_version":"2020-12-22","purchased_purges":1,"victory":false,"max_hp_per_floor":[71,64,64,64,64,64,64,64,64,64,64,64,64,64,64,64,64,64,64,64,64,64,64,64,64],"card_choices":[{"not_picked":["Self Repair","Coolheaded"],"picked":"Melter","floor":1},{"not_picked":["Barrage","Redo"],"picked":"Chaos","floor":6},{"not_picked":["Reprogram","Go for the Eyes"],"picked":"Blizzard","floor":7},{"not_picked":["Lockon","Barrage"],"picked":"Genetic Algorithm","floor":11},{"not_picked":["Chaos","Go for the Eyes","Barrage"],"picked":"SKIP","floor":13},{"not_picked":["Turbo","Beam Cell","Reprogram"],"picked":"SKIP","floor":14},{"not_picked":["Biased Cognition","Thunder Strike"],"picked":"Hyperbeam","floor":16},{"not_picked":["Sunder","Sweeping Beam"],"picked":"Doom and Gloom+1","floor":18},{"not_picked":["White Noise","Redo","Tempest+1"],"picked":"SKIP","floor":19},{"not_picked":["White Noise","Tempest+1"],"picked":"Redo","floor":19},{"not_picked":["Cold Snap","Gash","Redo"],"picked":"SKIP","floor":21}],"player_experience":803260,"relics_obtained":[{"floor":6,"key":"Cables"},{"floor":9,"key":"Symbiotic Virus"},{"floor":11,"key":"Art of War"}],"event_choices":[{"damage_healed":0,"gold_gain":0,"player_choice":"Lose Max HP","damage_taken":0,"relics_obtained":["Golden Idol"],"max_hp_gain":0,"max_hp_loss":7,"event_name":"Golden Idol","floor":2,"gold_loss":0},{"cards_removed":["Strike_B"],"damage_healed":0,"gold_gain":0,"player_choice":"Forget","damage_taken":0,"max_hp_gain":0,"max_hp_loss":0,"event_name":"Living Wall","floor":3,"gold_loss":0},{"damage_healed":0,"gold_gain":0,"player_choice":"Success","damage_taken":11,"relics_obtained":["Letter Opener"],"max_hp_gain":0,"max_hp_loss":0,"event_name":"Scrap Ooze","floor":4,"gold_loss":0},{"damage_healed":0,"gold_gain":0,"player_choice":"Entered Light","damage_taken":19,"max_hp_gain":0,"max_hp_loss":0,"event_name":"Shining Light","floor":10,"gold_loss":0,"cards_upgraded":["Dualcast","Defend_B"]},{"damage_healed":0,"gold_gain":0,"player_choice":"Ignored","damage_taken":0,"max_hp_gain":0,"max_hp_loss":0,"event_name":"The Mausoleum","floor":22,"gold_loss":0}],"is_beta":false,"boss_relics":[{"not_picked":["Cursed Key","Runic Dome"],"picked":"Sozu"}],"items_purged_floors":[5],"is_endless":false,"potions_floor_spawned":[1,7,11,14,18,19],"killed_by":"Centurion and Healer","ascension_level":20}}