{"host":"08sn1703g14rasc1","time":1611541615,"event":{"mods":["AchievementEnabler","BaseMod","Colored Map","Colored Powertips","Hermit","Minty Spire (QoL Compilation)","StSLib"],"gold_per_floor":[110,110,10,10,10,10,20,20,20,20,36,36,72,92,92,203,203,215,215,101,125,125,125,159,159,183,192,214,223,248,275,284,392,392,418,328,125,125,142,151,151,151],"floor_reached":41,"language":"ENG","playtime":1396,"items_purged":["Defend_P","Strike_P"],"score":605,"play_id":"c6dead5c-b587-4c99-9815-7e3ae71a85a7","local_time":"20210124182654","is_ascension_mode":true,"campfire_choices":[{"data":"Eruption","floor":6.0,"key":"SMITH"},{"data":"TalkToTheHand","floor":8.0,"key":"SMITH"},{"data":"Vigilance","floor":10.0,"key":"SMITH"},{"data":"ReachHeaven","floor":12.0,"key":"SMITH"},{"data":"Devotion","floor":15.0,"key":"SMITH"},{"data":"DeusExMachina","floor":23.0,"key":"SMITH"},{"data":"Study","floor":25.0,"key":"SMITH"},{"floor":27.0,"key":"REST"},{"floor":29.0,"key":"REST"},{"floor":32.0,"key":"REST"},{"floor":40.0,"key":"REST"}],"circlet_count":0,"master_deck":["Defend_P","Defend_P","Eruption+1","Vigilance+1","Devotion+1","TalkToTheHand+1","FlyingSleeves+1","ReachHeaven+1","DevaForm","Study+1","DeusExMachina+1","BowlingBash","Consecrate+1","Consecrate+1","Adaptation+1","Halt+1","ClearTheMind+1","DeusExMachina+1","Evaluate","Sanctity","Ragnarok","LikeWater","Prostrate+1"],"relics":["PureWater","Bottled Lightning","CeramicFish","Empty Cage","Whetstone","Dream Catcher","Snecko Eye","Regal Pillow"],"acts_visited":["Exordium","TheCity","TheBeyond"],"potions_floor_usage":[],"damage_taken":[{"damage":5.0,"enemies":"2 Louse","floor":1.0,"turns":4.0},{"damage":0.0,"enemies":"Jaw Worm","floor":7.0,"turns":3.0},{"damage":0.0,"enemies":"Small Slimes","floor":11.0,"turns":3.0},{"damage":0.0,"enemies":"Lagavulin","floor":13.0,"turns":5.0},{"damage":4.0,"enemies":"Blue Slaver","floor":14.0,"turns":4.0},{"damage":16.0,"enemies":"Slime Boss","floor":16.0,"turns":7.0},{"damage":0.0,"enemies":"Chosen","floor":18.0,"turns":3.0},{"damage":6.0,"enemies":"3 Byrds","floor":21.0,"turns":4.0},{"damage":6.0,"enemies":"Slavers","floor":24.0,"turns":3.0},{"damage":28.0,"enemies":"3 Cultists","floor":28.0,"turns":5.0},{"damage":29.0,"enemies":"Snecko","floor":30.0,"turns":6.0},{"damage":24.0,"enemies":"Shelled Parasite and Fungi","floor":31.0,"turns":5.0},{"damage":15.0,"enemies":"Collector","floor":33.0,"turns":6.0},{"damage":15.0,"enemies":"Orb Walker","floor":35.0,"turns":5.0},{"damage":41.0,"enemies":"3 Shapes","floor":39.0,"turns":5.0},{"damage":0,"enemies":"Sphere and 2 Shapes","floor":41,"turns":1}],"seed_played":"-5910199718926272934","potions_obtained":[{"floor":1.0,"key":"BottledMiracle"},{"floor":11.0,"key":"Fire Potion"},{"floor":18.0,"key":"DistilledChaos"},{"floor":28.0,"key":"Explosive Potion"},{"floor":30.0,"key":"FearPotion"},{"floor":31.0,"key":"AttackPotion"}],"is_trial":false,"path_per_floor":["M","?","$","$","?","R","M","R","T","R","M","R","E","M","R","B",null,"M","?","$","M","?","R","E","R","T","R","M","R","M","M","R","B",null,"M","?","$","?","M","R","M"],"character_chosen":"WATCHER","items_purchased":["FlyingSleeves","BowlingBash","Regal Pillow","SkillPotion"],"campfire_rested":4,"item_purchase_floors":[3,20,37,37],"current_hp_per_floor":[60,53,53,53,72,72,72,72,72,72,72,72,72,68,68,52,67,67,67,67,61,61,61,55,55,55,72,44,65,36,12,33,18,59,44,44,44,44,3,39,39,39],"gold":151,"neow_bonus":"ONE_RANDOM_RARE_CARD","is_daily":false,"chose_seed":false,"campfire_upgraded":7,"win_rate":0.0,"timestamp":1611541614,"path_taken":["M","?","?","$","?","R","M","R","T","R","?","R","E","M","R","BOSS","M","?","?","?","?","R","E","R","T","R","M","R","M","?","R","BOSS","M","?","$","?","M","R","M"],"items_purchased_type":["Card","Card","Relic","Potion"],"build_version":"2020-12-22","purchased_purges":2,"victory":false,"max_hp_per_floor":[72,72,72,72,72,72,72,72,72,72,72,72,72,72,72,72,72,72,72,72,72,72,72,72,72,72,72,72,72,72,72,72,72,72,72,72,72,72,72,72,72,72],"card_choices":[{"not_picked":["Fasting2","JustLucky"],"picked":"TalkToTheHand","floor":1.0},{"not_picked":["MentalFortress","WreathOfFlame"],"picked":"Prostrate","floor":7.0},{"not_picked":["EmptyMind","BattleHymn"],"picked":"ReachHeaven","floor":11.0},{"not_picked":["SignatureMove","EmptyBody"],"picked":"DevaForm","floor":13.0},{"not_picked":["FlurryOfBlows","EmptyBody"],"picked":"Study","floor":14.0},{"not_picked":["DevaForm","SpiritShield"],"picked":"DeusExMachina","floor":16.0},{"not_picked":["BowlingBash","Wireheading","Evaluate"],"picked":"SKIP","floor":18.0},{"not_picked":["Worship","EmptyBody"],"picked":"Consecrate","floor":21.0},{"not_picked":["Judgement","CutThroughFate"],"picked":"Consecrate+1","floor":24.0},{"not_picked":["PathToVictory","Consecrate"],"picked":"Adaptation+1","floor":27.0},{"not_picked":["FlyingSleeves","JustLucky"],"picked":"Halt+1","floor":28.0},{"not_picked":["Prostrate","Collect"],"picked":"ClearTheMind+1","floor":29.0},{"not_picked":["FlurryOfBlows","ThirdEye"],"picked":"DeusExMachina","floor":30.0},{"not_picked":["EmptyFist","ClearTheMind+1"],"picked":"Evaluate","floor":31.0},{"not_picked":["SignatureMove","SashWhip"],"picked":"Sanctity","floor":32.0},{"not_picked":["Establishment","Judgement"],"picked":"Ragnarok","floor":33.0},{"not_picked":["Evaluate+1","JustLucky+1"],"picked":"LikeWater","floor":35.0},{"not_picked":["SashWhip+1","FlurryOfBlows+1","Crescendo"],"picked":"SKIP","floor":39.0},{"not_picked":["Crescendo+1","EmptyBody"],"picked":"Prostrate+1","floor":40.0}],"player_experience":483739,"relics_obtained":[{"floor":9.0,"key":"Bottled Lightning"},{"floor":13.0,"key":"CeramicFish"},{"floor":24.0,"key":"Whetstone"},{"floor":26.0,"key":"Dream Catcher"}],"event_choices":[{"cards_removed":["Strike_P"],"damage_healed":0.0,"max_hp_gain":0.0,"max_hp_loss":0.0,"gold_gain":0.0,"event_name":"Golden Wing","player_choice":"Card Removal","floor":2.0,"gold_loss":0.0,"damage_taken":7.0},{"damage_healed":24.0,"max_hp_gain":0.0,"max_hp_loss":0.0,"gold_gain":0.0,"event_name":"Big Fish","player_choice":"Banana","floor":5.0,"gold_loss":0.0,"damage_taken":0.0},{"damage_healed":0.0,"max_hp_gain":0.0,"max_hp_loss":0.0,"gold_gain":0.0,"event_name":"Ghosts","player_choice":"Ignored","floor":19.0,"gold_loss":0.0,"damage_taken":0.0},{"damage_healed":0.0,"max_hp_gain":0.0,"max_hp_loss":0.0,"gold_gain":0.0,"event_name":"The Woman in Blue","player_choice":"Bought 0 Potions","floor":22.0,"gold_loss":0.0,"damage_taken":0.0},{"cards_removed":["Strike_P"],"damage_healed":0.0,"max_hp_gain":0.0,"max_hp_loss":0.0,"gold_gain":0.0,"event_name":"Designer","player_choice":"Upgrade and Remove","floor":36.0,"gold_loss":90.0,"damage_taken":0.0,"cards_upgraded":["DeusExMachina"]},{"cards_removed":["Prostrate"],"damage_healed":0.0,"max_hp_gain":0.0,"max_hp_loss":0.0,"gold_gain":0.0,"event_name":"Falling","player_choice":"Removed Skill","floor":38.0,"gold_loss":0.0,"damage_taken":0.0}],"is_beta":false,"boss_relics":[{"not_picked":["Fusion Hammer","Calling Bell"],"picked":"Empty Cage"},{"not_picked":["Coffee Dripper","Sozu"],"picked":"Snecko Eye"}],"items_purged_floors":[3,20],"is_endless":false,"potions_floor_spawned":[1,11,18,28,30,31],"killed_by":"Sphere and 2 Shapes","ascension_level":8}}