{"host":"l5xpox9cbdko122s","time":1611534264,"event":{"mods":["AchievementEnabler","BaseMod","Better Skull","Colored Map","Colored Powertips","Curses Come First","Displayed Cursed Tome","Hermit","Highlight Path","Minty Spire (QoL Compilation)","Quick Restart","Shop Mod","StSLib"],"gold_per_floor":[110,285,305,305,322,353,370,385,385,402,402,420,455,465,465,465,465],"floor_reached":16,"language":"ENG","playtime":691,"items_purged":[],"score":116,"play_id":"db66e05d-b705-410b-82d4-88d481ff3ed2","local_time":"20210124192424","is_ascension_mode":false,"campfire_choices":[{"floor":15,"key":"REST"}],"circlet_count":0,"master_deck":["Strike_B","Strike_B","Strike_B","Strike_B","Defend_B","Defend_B","Defend_B","Defend_B","Zap","Dualcast","Rebound","Streamline","Sweeping Beam"],"relics":["Cracked Core","NeowsBlessing","Pantograph","Vajra","MealTicket"],"acts_visited":["Exordium"],"potions_floor_usage":[6,8,10,13],"damage_taken":[{"damage":0,"enemies":"2 Louse","floor":1,"turns":1},{"damage":0,"enemies":"Cultist","floor":3,"turns":1},{"damage":0,"enemies":"Small Slimes","floor":5,"turns":1},{"damage":14,"enemies":"Gremlin Nob","floor":6,"turns":3},{"damage":14,"enemies":"Blue Slaver","floor":7,"turns":3},{"damage":11,"enemies":"Red Slaver","floor":8,"turns":3},{"damage":6,"enemies":"Exordium Wildlife","floor":10,"turns":3},{"damage":15,"enemies":"Exordium Thugs","floor":12,"turns":4},{"damage":25,"enemies":"Lagavulin","floor":13,"turns":6},{"damage":9,"enemies":"Blue Slaver","floor":14,"turns":4},{"damage":60,"enemies":"Hexaghost","floor":16,"turns":9}],"seed_played":"-2285720121559238306","potions_obtained":[{"floor":3,"key":"Explosive Potion"},{"floor":7,"key":"Regen Potion"},{"floor":10,"key":"Fruit Juice"},{"floor":12,"key":"Regen Potion"},{"floor":14,"key":"SpeedPotion"}],"is_trial":false,"path_per_floor":["M","?","M","?","M","E","M","M","T","M","?","M","E","M","R","B"],"character_chosen":"DEFECT","items_purchased":[],"campfire_rested":1,"item_purchase_floors":[],"current_hp_per_floor":[75,75,75,75,75,61,47,45,45,44,44,29,19,10,34,0,0],"gold":465,"neow_bonus":"THREE_ENEMY_KILL","is_daily":false,"chose_seed":false,"campfire_upgraded":0,"win_rate":0.0,"timestamp":1611534264,"path_taken":["M","?","M","?","M","E","M","M","T","?","?","M","E","M","R","BOSS"],"items_purchased_type":[],"build_version":"2020-12-22","purchased_purges":0,"victory":false,"max_hp_per_floor":[75,75,75,75,75,75,75,75,75,80,80,80,80,80,80,80,80],"card_choices":[{"not_picked":["Compile Driver","BootSequence"],"picked":"Rebound","floor":1},{"not_picked":["Rebound","Go for the Eyes","Beam Cell"],"picked":"SKIP","floor":3},{"not_picked":["Static Discharge","Reinforced Body","Consume"],"picked":"SKIP","floor":5},{"not_picked":["Steam","Coolheaded","Go for the Eyes"],"picked":"SKIP","floor":6},{"not_picked":["Auto Shields","Chaos"],"picked":"Streamline","floor":7},{"not_picked":["Stack","Force Field","Loop"],"picked":"SKIP","floor":8},{"not_picked":["Go for the Eyes","Leap","BootSequence"],"picked":"SKIP","floor":10},{"not_picked":["Capacitor","Stack","Redo"],"picked":"SKIP","floor":12},{"not_picked":["Go for the Eyes","Skim","Compile Driver"],"picked":"SKIP","floor":13},{"not_picked":["Glacier","Beam Cell"],"picked":"Sweeping Beam","floor":14}],"player_experience":192347,"relics_obtained":[{"floor":6,"key":"Pantograph"},{"floor":9,"key":"Vajra"},{"floor":13,"key":"MealTicket"}],"event_choices":[{"damage_healed":0,"gold_gain":175,"player_choice":"AGREE","damage_taken":0,"max_hp_gain":0,"max_hp_loss":0,"event_name":"Liars Game","floor":2,"gold_loss":0,"cards_obtained":["Doubt"]},{"cards_removed":["Doubt"],"damage_healed":0,"gold_gain":0,"player_choice":"Purged","damage_taken":0,"max_hp_gain":0,"max_hp_loss":0,"event_name":"Purifier","floor":4,"gold_loss":0},{"damage_healed":0,"gold_gain":0,"player_choice":"Ignored","damage_taken":0,"max_hp_gain":0,"max_hp_loss":0,"event_name":"Shining Light","floor":11,"gold_loss":0}],"is_beta":false,"boss_relics":[],"items_purged_floors":[],"is_endless":false,"potions_floor_spawned":[3,7,10,12,14],"killed_by":"Hexaghost","ascension_level":0}}