{"host":"3j2m8n0ywf988fwb","time":1611567994,"event":{"mods":["2.2 Compatiblity","AchievementEnabler","Act Like it!","Aspiration","Astrologer","BaseMod","Beaked The Cultist","Better Altar","Better Match","Better Note","Better Sensory Stone","Better Skull","Better Third Choice","CCEM","ChefMod","Colored Map","Colored Powertips","Conspire","Dark Map","Energized Spire","Evolution","Fireblade Mod","GifTheSpireLib","Googly Eyes","Halation","Hallownest","Highlight Path","Hubris","Infinite Spire","Jedi Mod","Marisa????????","Marked Mod","Mimic Mod","Minty Spire (QoL Compilation)","Random Character Button","Relic Stats","Reliquary","Replay The Spire","Robot Space Explorer","Shop Mod","Somnambulant","Spire Arcade","StSLib","Stuff the Spire","The Bug Knight","The Hierophant","The Marked","The Runesmith","TheFirefly","Unceasing Turn Reminder","everything is the same but u backflip on backflip"],"gold_per_floor":[110,1,36,36,47,47,66,66,97,97,97,124,13,32,32,136,136,153,153,22,22,22,51,51,99,122,172,201,211,211],"floor_reached":29,"language":"ENG","playtime":1690,"items_purged":[],"score":308,"play_id":"41619c7f-e357-464d-ae19-141a99a0e84a","local_time":"20210125034634","is_ascension_mode":true,"campfire_choices":[{"floor":6,"key":"REST"},{"floor":8,"key":"REST"},{"floor":11,"key":"REST"},{"floor":24,"key":"REST"}],"circlet_count":0,"master_deck":["somnambulantmod: Trauma","somnambulantmod: Trauma+1","somnambulantmod: Trauma+1","somnambulantmod: Defend_Somnambulant","somnambulantmod: Defend_Somnambulant+1","somnambulantmod: Defend_Somnambulant+1","somnambulantmod: Defend_Somnambulant","somnambulantmod: Defend_Somnambulant","somnambulantmod: QuickNap","somnambulantmod: PrimingPunch+1","somnambulantmod: BadIdea+1","somnambulantmod: Reject+1","somnambulantmod: HeadSmack+1","somnambulantmod: Overshare+1","somnambulantmod: Pinch","somnambulantmod: Stimulus","somnambulantmod: Damping","somnambulantmod: Bruise+1","somnambulantmod: Unmake+1","somnambulantmod: SickeningSwathe","Injury","somnambulantmod: TimeCompression+1","somnambulantmod: Remember","somnambulantmod: LostMind"],"relics":["somnambulantmod: DreamJournal","EVO:Axolotl","Thread and Needle","reliquary:Buckler","conspire:GlowingRock","Fusion Hammer","somnambulantmod: RunicStrip","Replay:Bandana","halation:PenCase","Whetstone","CCEMRelics:WhiteRose"],"acts_visited":["Exordium","Hallownest:Greenpath"],"potions_floor_usage":[16,29,29],"damage_taken":[{"damage":3,"enemies":"Hallownest:2_MossCreeps","floor":1,"turns":4},{"damage":5,"enemies":"Hallownest:eliteVengeflyKing","floor":3,"turns":7},{"damage":0,"enemies":"2_ Uuma","floor":5,"turns":3},{"damage":0,"enemies":"Hallownest:monsterHuskWarrior","floor":7,"turns":2},{"damage":0,"enemies":"Hallownest:2_Tiktiks_1_Baldur_1_Crawlid","floor":9,"turns":7},{"damage":1,"enemies":"Hallownest:eliteVengeflyKing","floor":12,"turns":7},{"damage":8,"enemies":"Hallownest:2_Tiktiks_1_Baldur_1_Crawlid","floor":14,"turns":3},{"damage":5,"enemies":"Hallownest:BossBrokenVessel","floor":16,"turns":6},{"damage":15,"enemies":"Hallownest:3_Youths","floor":18,"turns":8},{"damage":3,"enemies":"Hallownest:Nosk","floor":23,"turns":8},{"damage":32,"enemies":"Nightmare","floor":25,"turns":7},{"damage":9,"enemies":"Hallownest:Nosk","floor":27,"turns":8},{"damage":19,"enemies":"Hallownest:Guard_and_Sentry","floor":28,"turns":4},{"damage":24,"enemies":"Hallownest:eliteWatcherKnight","floor":29,"turns":8}],"seed_played":"6488389511491855321","potions_obtained":[{"floor":1,"key":"jedi:wingpotion"},{"floor":7,"key":"SkillPotion"},{"floor":16,"key":"Venom Potion"},{"floor":18,"key":"Dexterity Potion"}],"is_trial":false,"path_per_floor":["M","$","?","?","M","R","M","R","MIM","?","R","E","$","M","R_BF","B",null,"M","?","$","?","?","E","R","NM","T","E","M","E"],"character_chosen":"THE_SOMNAMBULANT","items_purchased":["somnambulantmod: BadIdea","somnambulantmod: Reject","somnambulantmod: NightHaunts+1","somnambulantmod: Unmake","somnambulantmod: SickeningSwathe"],"campfire_rested":4,"item_purchase_floors":[2,2,13,20,20],"current_hp_per_floor":[67,67,62,62,62,72,72,74,74,74,76,75,75,67,78,73,78,63,78,78,78,78,75,80,48,48,39,20,0,0],"gold":211,"neow_bonus":"REMOVE_CARD","is_daily":false,"chose_seed":false,"campfire_upgraded":0,"win_rate":0.0,"timestamp":1611567994,"path_taken":["M","$","?","?","M","R","M","R","MIM","?","R","E","?","M","R_BF","BOSS","M","?","$","?","?","E","R","NM","T","E","?","E"],"items_purchased_type":["Card","Card","Card","Card","Card"],"build_version":"2020-12-22","purchased_purges":0,"victory":false,"max_hp_per_floor":[70,70,70,70,70,72,72,74,74,74,76,76,76,76,78,78,78,78,78,78,78,78,78,80,80,80,80,80,80,80],"relic_stats":{"counters":[14,82],"Whetstone":["somnambulantmod: TimeCompression","somnambulantmod: Bruise"],"obtain_stats":[{"conspire:GlowingRock":12,"Replay:Bandana":23,"halation:PenCase":25,"somnambulantmod: DreamJournal":0,"Thread and Needle":3,"reliquary:Buckler":9,"Fusion Hammer":17,"EVO:Axolotl":0,"somnambulantmod: RunicStrip":21,"Whetstone":26,"CCEMRelics:WhiteRose":27},{"conspire:GlowingRock":6,"Replay:Bandana":10,"halation:PenCase":11,"somnambulantmod: DreamJournal":0,"Thread and Needle":2,"reliquary:Buckler":5,"Fusion Hammer":8,"EVO:Axolotl":0,"somnambulantmod: RunicStrip":9,"Whetstone":11,"CCEMRelics:WhiteRose":12},{"conspire:GlowingRock":30,"Replay:Bandana":55,"halation:PenCase":62,"somnambulantmod: DreamJournal":0,"Thread and Needle":11,"reliquary:Buckler":23,"Fusion Hammer":39,"EVO:Axolotl":0,"somnambulantmod: RunicStrip":47,"Whetstone":62,"CCEMRelics:WhiteRose":70}]},"card_choices":[{"not_picked":["somnambulantmod: Unmake","somnambulantmod: Repression","somnambulantmod: HorrificThought"],"picked":"SKIP","floor":1},{"not_picked":["somnambulantmod: HappyThoughts","somnambulantmod: DreamBig","somnambulantmod: LayeredDefense"],"picked":"SKIP","floor":3},{"not_picked":["somnambulantmod: Sleepyhead","somnambulantmod: LeechFears"],"picked":"somnambulantmod: HeadSmack","floor":5},{"not_picked":["somnambulantmod: Relive","somnambulantmod: OpeningUp"],"picked":"somnambulantmod: Overshare","floor":7},{"not_picked":["somnambulantmod: OpeningUp","somnambulantmod: Unmake"],"picked":"somnambulantmod: Pinch","floor":9},{"not_picked":["somnambulantmod: ViralIdea","somnambulantmod: PourItOut","somnambulantmod: Relive"],"picked":"SKIP","floor":12},{"not_picked":["somnambulantmod: DreamBig","somnambulantmod: Narcolepsy"],"picked":"somnambulantmod: Stimulus","floor":14},{"not_picked":["somnambulantmod: Amnausea","somnambulantmod: Lucidity"],"picked":"somnambulantmod: Damping","floor":16},{"not_picked":["somnambulantmod: HeadSmack+1","somnambulantmod: OpeningUp"],"picked":"somnambulantmod: Bruise","floor":18},{"not_picked":["somnambulantmod: Bruise","somnambulantmod: SnuggleUp"],"picked":"somnambulantmod: TimeCompression","floor":23},{"not_picked":["somnambulantmod: Hush","somnambulantmod: Reject"],"picked":"somnambulantmod: Remember","floor":25},{"not_picked":["somnambulantmod: Blink","somnambulantmod: SnuggleUp+1"],"picked":"somnambulantmod: LostMind","floor":27},{"not_picked":["somnambulantmod: Harden+1","somnambulantmod: Blink","somnambulantmod: Stumble+1"],"picked":"SKIP","floor":28}],"player_experience":1098555,"relics_obtained":[{"floor":3,"key":"Thread and Needle"},{"floor":9,"key":"reliquary:Buckler"},{"floor":12,"key":"conspire:GlowingRock"},{"floor":23,"key":"Replay:Bandana"},{"floor":25,"key":"halation:PenCase"},{"floor":26,"key":"Whetstone"},{"floor":27,"key":"CCEMRelics:WhiteRose"}],"event_choices":[],"is_beta":false,"boss_relics":[{"not_picked":["Coffee Dripper","Replay:Bronze Core"],"picked":"Fusion Hammer"}],"items_purged_floors":[],"is_endless":true,"potions_floor_spawned":[1,7,16,18,28],"killed_by":"Hallownest:eliteWatcherKnight","ascension_level":2}}