{"host":"3c27c697js19kaoo","time":1611579239,"event":{"mods":["ATMod(°¢èªMod)","Aspiration","BaseMod","CapriCore","Dota2Spire","Hermit","Minty Spire (QoL Compilation)","Quick Restart","Replay The Spire","Spicy Shops","StSLib","The Alterego","The Cursed","The Marked","The Runesmith","The Servant 0.9.4","¡¾¹¦ÄÜMod¡¿»ìãçÖ®»·ÐÞ¸´²¹¶¡","¡¾ÒÅÎï¿¨ÅÆ¡¿REMEMod"],"gold_per_floor":[115,115,135,135,149,149,162,172,172,172,172,201,212,225,225,329,329,341,351,351,441,455,455,455,455],"floor_reached":24,"language":"ZHS","playtime":814,"items_purged":[],"score":275,"play_id":"2269ff44-6a27-4fa8-9d1a-6d575bf4be02","local_time":"20210125205359","is_ascension_mode":false,"campfire_choices":[{"data":"AT_RealColorLess","floor":6,"key":"SMITH"},{"data":"theMarked:ChannelForce","floor":11,"key":"SMITH"},{"floor":15,"key":"REST"},{"floor":23,"key":"REST"}],"circlet_count":0,"master_deck":["Strike_P","Strike_P","Strike_P","Strike_P","Defend_P","Defend_P","Defend_P+1","Eruption","Vigilance","AT_RealColorLess+1","theMarked:ChannelForce+1","Consecrate","Replay:Battleflow","REME_CRH","Alpha"],"relics":["PureWater","REME_ComplimentaryCards","AT_ATBox","NeowsBlessing","ReplayTheSpireMod:Lightbulb","AT_RedTearstoneRing","REME_DuelDisc","Nilry\u0027s Codex"],"acts_visited":["Exordium","TheCity"],"potions_floor_usage":[7,8,16,18,18,19],"damage_taken":[{"damage":0,"enemies":"Cultist","floor":1,"turns":1},{"damage":0,"enemies":"2 Louse","floor":3,"turns":1},{"damage":0,"enemies":"Jaw Worm","floor":5,"turns":1},{"damage":0,"enemies":"Blue Slaver","floor":7,"turns":2},{"damage":0,"enemies":"Large Slime","floor":8,"turns":3},{"damage":14,"enemies":"3 Sentries","floor":12,"turns":3},{"damage":16,"enemies":"Lots of Slimes","floor":13,"turns":4},{"damage":0,"enemies":"Gremlin Gang","floor":14,"turns":4},{"damage":0,"enemies":"The Guardian","floor":16,"turns":3},{"damage":7,"enemies":"2 Thieves","floor":18,"turns":3},{"damage":16,"enemies":"3 Byrds","floor":19,"turns":5},{"damage":20,"enemies":"Shelled Parasite and Fungi","floor":22,"turns":3},{"damage":0,"enemies":"Slavers","floor":24,"turns":1}],"seed_played":"7242547107282633614","potions_obtained":[{"floor":4,"key":"CultistPotion"},{"floor":4,"key":"Reflective Coating"},{"floor":4,"key":"GamblersBrew"},{"floor":7,"key":"BottledMiracle"},{"floor":8,"key":"REME_GoldPotion"},{"floor":12,"key":"ColorlessPotion"},{"floor":16,"key":"Block Potion"},{"floor":18,"key":"SkillPotion"},{"floor":19,"key":"SpeedPotion"}],"is_trial":false,"path_per_floor":["M","?","M","?","M","R","M","M","T","?","R","E","M","M","R","B",null,"M","M","?","?","M","R","E"],"character_chosen":"WATCHER","items_purchased":[],"campfire_rested":2,"item_purchase_floors":[],"current_hp_per_floor":[72,65,65,65,65,65,65,65,65,65,65,51,35,35,56,56,72,65,49,33,21,1,22,22,22],"gold":455,"neow_bonus":"THREE_ENEMY_KILL","is_daily":false,"chose_seed":false,"campfire_upgraded":2,"win_rate":0.0,"timestamp":1611579239,"path_taken":["M","?","M","?","M","R","M","?","T","?","R","E","M","M","R","BOSS","M","M","?","?","M","R","E"],"items_purchased_type":[],"build_version":"2020-12-22","purchased_purges":0,"victory":false,"max_hp_per_floor":[72,72,72,72,72,72,72,72,72,72,72,72,72,72,72,72,72,72,72,72,72,72,72,72,72],"card_choices":[{"not_picked":["Worship","FollowUp","Collect"],"picked":"SKIP","floor":1},{"not_picked":["FearNoEvil","Fasting2","MentalFortress"],"picked":"SKIP","floor":3},{"not_picked":["Study","Worship"],"picked":"Consecrate","floor":5},{"not_picked":["Evaluate","REME_Repentance","BowlingBash"],"picked":"SKIP","floor":7},{"not_picked":["WheelKick","CutThroughFate","Halt"],"picked":"SKIP","floor":8},{"not_picked":["JustLucky","FollowUp","Study"],"picked":"SKIP","floor":12},{"not_picked":["ThirdEye","CutThroughFate"],"picked":"Replay:Battleflow","floor":13},{"not_picked":["AT_SoftenMuscles","Prostrate"],"picked":"REME_CRH","floor":14},{"not_picked":["AT_ChampionKick","Replay:AllIn"],"picked":"Alpha","floor":16},{"not_picked":["PathToVictory","CrushJoints","SignatureMove"],"picked":"SKIP","floor":18},{"not_picked":["FlyingSleeves","LikeWater+1","FollowUp"],"picked":"SKIP","floor":19},{"not_picked":["CarveReality","Replay:DivineShield+1","BowlingBash+1"],"picked":"SKIP","floor":22}],"player_experience":213175,"relics_obtained":[{"floor":9,"key":"ReplayTheSpireMod:Lightbulb"},{"floor":12,"key":"AT_RedTearstoneRing"},{"floor":20,"key":"Nilry\u0027s Codex"}],"event_choices":[{"cards_removed":["Defend_P"],"damage_healed":0,"gold_gain":0,"player_choice":"Card Removal","damage_taken":7,"max_hp_gain":0,"max_hp_loss":0,"event_name":"Golden Wing","floor":2,"gold_loss":0},{"damage_healed":0,"gold_gain":0,"player_choice":"Got Potions","damage_taken":0,"max_hp_gain":0,"max_hp_loss":0,"event_name":"Lab","floor":4,"gold_loss":0},{"damage_healed":0,"gold_gain":0,"player_choice":"Obtained Book","damage_taken":16,"max_hp_gain":0,"max_hp_loss":0,"event_name":"Cursed Tome","floor":20,"gold_loss":0},{"damage_healed":0,"gold_gain":90,"player_choice":"GOLD ","damage_taken":12,"max_hp_gain":0,"max_hp_loss":0,"event_name":"Knowing Skull","floor":21,"potions_obtained":[],"gold_loss":0,"cards_obtained":[]}],"is_beta":false,"boss_relics":[{"not_picked":["Runic Pyramid","ReplayTheSpireMod:DimensionalGlitch"],"picked":"REME_DuelDisc"}],"items_purged_floors":[],"is_endless":false,"potions_floor_spawned":[5,7,8,12,16,18,19],"killed_by":"Slavers","ascension_level":0}}