{"host":"9l4mw5jqza9qz9hr","time":1611585371,"event":{"mods":["AchievementEnabler","Always Whale","BaseMod","Colored Map","Minty Spire (QoL Compilation)","StSLib","SuperFastMode"],"gold_per_floor":[209,219,229,129,148,178,178,193,247,247,247,247,173,184,184,184,184],"floor_reached":16,"language":"KOR","playtime":362,"items_purged":["Strike_B","Strike_B"],"score":179,"play_id":"22542900-c300-4a99-975d-b7bf5aa51429","local_time":"20210125233611","is_ascension_mode":true,"campfire_choices":[{"data":"Loop","floor":7.0,"key":"SMITH"},{"data":"Zap","floor":10.0,"key":"SMITH"},{"data":"Go for the Eyes","floor":15,"key":"SMITH"}],"circlet_count":0,"master_deck":["AscendersBane","Strike_B","Strike_B","Defend_B","Defend_B","Defend_B","Defend_B","Zap+1","Dualcast","Loop+1","BootSequence","Amplify","Cold Snap","FTL","Coolheaded","Go for the Eyes+1","Coolheaded","Self Repair"],"relics":["Cracked Core","Smiling Mask","Blood Vial","Molten Egg 2"],"acts_visited":["Exordium"],"potions_floor_usage":[],"damage_taken":[{"damage":3.0,"enemies":"2 Louse","floor":1.0,"turns":2.0},{"damage":0.0,"enemies":"Small Slimes","floor":2.0,"turns":3.0},{"damage":1.0,"enemies":"Cultist","floor":3.0,"turns":4.0},{"damage":0.0,"enemies":"2 Fungi Beasts","floor":5.0,"turns":4.0},{"damage":30.0,"enemies":"Gremlin Nob","floor":6.0,"turns":4.0},{"damage":3.0,"enemies":"Blue Slaver","floor":8.0,"turns":3.0},{"damage":17,"enemies":"3 Louse","floor":14,"turns":4},{"damage":38,"enemies":"The Guardian","floor":16,"turns":8}],"seed_played":"-8489933179174202802","potions_obtained":[{"floor":1.0,"key":"SteroidPotion"},{"floor":5.0,"key":"Regen Potion"},{"floor":14,"key":"BlessingOfTheForge"}],"is_trial":false,"path_per_floor":["M","M","M","$","M","E","R","M","T","R","?","?","$","M","R","B"],"character_chosen":"DEFECT","items_purchased":["Cold Snap","Coolheaded"],"campfire_rested":0,"item_purchase_floors":[4,13],"current_hp_per_floor":[61,61,60,60,60,39,39,36,36,36,41,41,41,26,26,0,0],"gold":184,"neow_bonus":"HUNDRED_GOLD","is_daily":false,"chose_seed":false,"campfire_upgraded":3,"win_rate":0.0,"timestamp":1611585371,"path_taken":["M","M","M","$","M","E","R","M","T","R","?","?","$","M","R","BOSS"],"items_purchased_type":["Card","Card"],"build_version":"2020-12-22","purchased_purges":2,"victory":false,"max_hp_per_floor":[71,71,71,71,71,71,71,71,71,71,76,76,76,76,76,76,76],"card_choices":[{"not_picked":["Aggregate","Barrage"],"picked":"Loop","floor":1.0},{"not_picked":["Rebound","Redo"],"picked":"BootSequence","floor":2.0},{"not_picked":["Rebound","Hologram"],"picked":"Amplify","floor":3.0},{"not_picked":["Redo","Sweeping Beam"],"picked":"FTL","floor":5.0},{"not_picked":["Streamline","Compile Driver"],"picked":"Coolheaded","floor":6.0},{"not_picked":["Static Discharge","Redo"],"picked":"Go for the Eyes","floor":8.0},{"not_picked":["Aggregate","Turbo"],"picked":"Self Repair","floor":14}],"player_experience":243404,"relics_obtained":[{"floor":6.0,"key":"Smiling Mask"},{"floor":9.0,"key":"Blood Vial"}],"event_choices":[{"damage_healed":0.0,"max_hp_gain":5.0,"max_hp_loss":0.0,"gold_gain":0.0,"event_name":"Big Fish","player_choice":"Donut","floor":11.0,"gold_loss":0.0,"damage_taken":0.0},{"damage_healed":0,"gold_gain":0,"player_choice":"Searched \u00271\u0027 times","damage_taken":0,"relics_obtained":["Molten Egg 2"],"max_hp_gain":0,"max_hp_loss":0,"event_name":"Dead Adventurer","floor":12,"gold_loss":0}],"is_beta":false,"boss_relics":[],"items_purged_floors":[4,13],"is_endless":false,"potions_floor_spawned":[1,5,14],"killed_by":"The Guardian","ascension_level":15}}