{"host":"Kdaddybrian","time":1611614917,"event":{"mods":["AchievementEnabler","BaseMod","Bestiary","Colored Powertips","Minty Spire (QoL Compilation)","Potion Indicator Mod","Quick Restart","Rare Cards Sparkle","Relic Stats","StSLib","Uncapped"],"gold_per_floor":[110,110,110,129,129,129,154,154,154,202,263,35,77,107,107,242,242,320,365,75,115,115,115,115,115],"floor_reached":24,"language":"ENG","playtime":865,"items_purged":["Strike_P","Strike_P"],"score":275,"play_id":"998397b8-0333-4f5d-9908-411f6e757674","local_time":"20210125174837","is_ascension_mode":true,"campfire_choices":[{"data":"Vigilance","floor":6,"key":"SMITH"},{"data":"Wish","floor":8,"key":"SMITH"},{"floor":15,"key":"REST"},{"data":"Wish","floor":23,"key":"SMITH"}],"circlet_count":0,"master_deck":["Strike_P","Strike_P","Defend_P","Defend_P","Defend_P","Defend_P","Eruption+1","Vigilance+1","FlyingSleeves","FollowUp","Wish+1","FollowUp","Halt","LikeWater","Crescendo","CutThroughFate","ReachHeaven","DevaForm","Wish+1","ReachHeaven","EmptyBody","BattleHymn","SpiritShield","ClearTheMind"],"relics":["PureWater","NeowsBlessing","Omamori","WarpedTongs","Turnip","Mummified Hand","Darkstone Periapt","Peace Pipe","Snecko Eye","Membership Card"],"acts_visited":["Exordium","TheCity"],"potions_floor_usage":[13,14,16,24,24],"damage_taken":[{"damage":0,"enemies":"2 Louse","floor":1,"turns":1},{"damage":0,"enemies":"Small Slimes","floor":4,"turns":1},{"damage":0,"enemies":"3 Sentries","floor":7,"turns":1},{"damage":2,"enemies":"Cultist","floor":10,"turns":3},{"damage":31,"enemies":"Gremlin Nob","floor":11,"turns":4},{"damage":12,"enemies":"3 Louse","floor":13,"turns":4},{"damage":6,"enemies":"3 Sentries","floor":14,"turns":5},{"damage":22,"enemies":"Slime Boss","floor":16,"turns":5},{"damage":11,"enemies":"Shell Parasite","floor":18,"turns":6},{"damage":5,"enemies":"2 Thieves","floor":19,"turns":4},{"damage":9,"enemies":"Snecko","floor":21,"turns":3},{"damage":47,"enemies":"Gremlin Leader","floor":24,"turns":3}],"seed_played":"1258607397552739874","potions_obtained":[{"floor":7,"key":"EssenceOfSteel"},{"floor":10,"key":"BottledMiracle"},{"floor":14,"key":"Swift Potion"},{"floor":16,"key":"SkillPotion"},{"floor":18,"key":"Fire Potion"}],"is_trial":false,"path_per_floor":["M","?","?","M","?","R","E","R","T","M","E","$","M","E","R","B",null,"M","M","$","M","?","R","E"],"character_chosen":"WATCHER","items_purchased":["LikeWater","Crescendo","CutThroughFate","Membership Card","BattleHymn","BottledMiracle","SpiritShield"],"campfire_rested":1,"item_purchase_floors":[12,12,12,20,20,20,20],"current_hp_per_floor":[72,72,69,69,69,69,69,69,69,67,36,36,24,18,39,17,72,61,56,56,47,47,47,0,0],"gold":115,"neow_bonus":"THREE_ENEMY_KILL","is_daily":false,"chose_seed":false,"campfire_upgraded":3,"win_rate":0.0,"timestamp":1611614917,"path_taken":["M","?","?","M","?","R","E","R","T","M","E","$","?","E","R","BOSS","M","M","$","M","?","R","E"],"items_purchased_type":["Card","Card","Card","Relic","Card","Potion","Card"],"build_version":"2020-12-18","purchased_purges":2,"victory":false,"max_hp_per_floor":[72,72,72,72,72,72,72,72,72,72,72,72,72,72,72,72,72,72,72,72,72,72,72,72,72],"relic_stats":{"Darkstone Periapt":0,"Peace Pipe":0,"counters":[12,40],"Mummified Hand":[24],"Snecko Eye":[31,21,28,35],"Turnip":[2],"obtain_stats":[{"Darkstone Periapt":11,"Peace Pipe":14,"NeowsBlessing":0,"Mummified Hand":9,"Snecko Eye":17,"Turnip":7,"Omamori":3,"Membership Card":20,"PureWater":0,"WarpedTongs":5},{"Darkstone Periapt":5,"Peace Pipe":7,"NeowsBlessing":0,"Mummified Hand":3,"Snecko Eye":8,"Turnip":3,"Omamori":1,"Membership Card":10,"PureWater":0,"WarpedTongs":2},{"Darkstone Periapt":10,"Peace Pipe":19,"NeowsBlessing":0,"Mummified Hand":3,"Snecko Eye":24,"Turnip":3,"Omamori":1,"Membership Card":34,"PureWater":0,"WarpedTongs":2}],"WarpedTongs":[38]},"card_choices":[{"not_picked":["Collect","ThirdEye"],"picked":"FlyingSleeves","floor":1},{"not_picked":["SandsOfTime","ThirdEye"],"picked":"FollowUp","floor":4},{"not_picked":["SashWhip","Prostrate"],"picked":"Wish","floor":7},{"not_picked":["Prostrate","Protect"],"picked":"FollowUp","floor":10},{"not_picked":["DeceiveReality","MentalFortress"],"picked":"Halt","floor":11},{"not_picked":["ClearTheMind","WaveOfTheHand"],"picked":"ReachHeaven","floor":13},{"not_picked":["Halt","EmptyBody"],"picked":"DevaForm","floor":14},{"not_picked":["Brilliance","DeusExMachina"],"picked":"Wish","floor":16},{"not_picked":["Weave","CrushJoints+1"],"picked":"ReachHeaven","floor":18},{"not_picked":["FollowUp","FlyingSleeves+1"],"picked":"EmptyBody","floor":19},{"not_picked":["PathToVictory","Halt"],"picked":"ClearTheMind","floor":21}],"player_experience":2979403,"relics_obtained":[{"floor":7,"key":"Turnip"},{"floor":9,"key":"Mummified Hand"},{"floor":11,"key":"Darkstone Periapt"},{"floor":14,"key":"Peace Pipe"}],"event_choices":[{"damage_healed":0,"gold_gain":0,"player_choice":"Grow","damage_taken":0,"max_hp_gain":0,"max_hp_loss":0,"event_name":"Living Wall","floor":2,"gold_loss":0,"cards_upgraded":["Eruption"]},{"damage_healed":0,"gold_gain":0,"player_choice":"Success","damage_taken":3,"relics_obtained":["Omamori"],"max_hp_gain":0,"max_hp_loss":0,"event_name":"Scrap Ooze","floor":3,"gold_loss":0},{"damage_healed":0,"gold_gain":0,"player_choice":"Rummage","damage_taken":0,"relics_obtained":["WarpedTongs"],"max_hp_gain":0,"max_hp_loss":0,"event_name":"Accursed Blacksmith","floor":5,"gold_loss":0,"cards_obtained":["Pain"]},{"damage_healed":0,"gold_gain":0,"player_choice":"Ignored","damage_taken":0,"max_hp_gain":0,"max_hp_loss":0,"event_name":"Vampires","floor":22,"gold_loss":0}],"is_beta":true,"boss_relics":[{"not_picked":["Calling Bell","VioletLotus"],"picked":"Snecko Eye"}],"items_purged_floors":[12,20],"is_endless":false,"potions_floor_spawned":[7,10,14,16,18],"killed_by":"Gremlin Leader","ascension_level":3}}