{"host":"wqapji1ctd7hhcnm","time":1611541083,"event":{"mods":["BaseMod","Beaked The Cultist","BetterRewards","Conspire","Downfall","Energized Spire","Fiend Mod","GifTheSpireLib","Halation","Hubris","Infinite Spire","Mad Scientist","Minty Spire (QoL Compilation)","Relic Sorter","Relic Stats","Replay The Spire","Shop Mod","StSLib","Stuff the Spire","The Construct","The Judge","The Jungle"],"gold_per_floor":[99,49,70,94,172,186,186,212,56,56,56,41,41,41,66,186,186,186,223,239,289,374,494,494,500,500,500],"floor_reached":25,"language":"ENG","playtime":1337,"items_purged":[],"score":264,"play_id":"14360ae8-18f1-4735-ae22-c50c2167504e","local_time":"20210124201803","is_ascension_mode":false,"campfire_choices":[{"data":"bronze:Mutator","floor":10.0,"key":"SMITH"},{"floor":13.0,"key":"REST"},{"data":"bronze:RecursiveStrike","floor":18.0,"key":"SMITH"}],"circlet_count":0,"master_deck":["bronze:Strike","bronze:Strike+1","bronze:Strike","bronze:Strike","bronze:Defend","bronze:Defend+1","bronze:Defend+1","bronze:Defend","bronze:Replicate","bronze:Goto","conspire:SpireCoStock","bronze:DelayedSlice","bronze:FineTuning","bronze:Shell","bronze:Fortify","bronze:Mutator+1","bronze:BuggyMess","Parasite","bronze:RecursiveStrike+1","bronze:FineTuning","infinitespire:Gouge","bronze:WhirlingStrike","bronze:Iterate"],"relics":["bronze:BronzeCore","Simple Rune","Replay:Ringing Soul","Shuriken","Sozu","Tiny House","hubris:GlazedTorus"],"acts_visited":["Exordium","TheCity"],"potions_floor_usage":[],"damage_taken":[{"damage":11.0,"enemies":"Jaw Worm","floor":3.0,"turns":5.0},{"damage":12.0,"enemies":"Small Slimes","floor":4.0,"turns":4.0},{"damage":30.0,"enemies":"3 Sentries","floor":5.0,"turns":8.0},{"damage":2.0,"enemies":"2 Louse","floor":6.0,"turns":2.0},{"damage":0.0,"enemies":"Large Slime","floor":8.0,"turns":5.0},{"damage":2.0,"enemies":"downfall:FleeingMerchant","floor":9.0,"turns":4.0},{"damage":0.0,"enemies":"downfall:FleeingMerchant","floor":12.0,"turns":4.0},{"damage":22.0,"enemies":"Exordium Thugs","floor":15.0,"turns":5.0},{"damage":26.0,"enemies":"SI_SHIV_ARCHETYPE","floor":16.0,"turns":7.0},{"damage":7.0,"enemies":"3 Byrds","floor":19.0,"turns":5.0},{"damage":4.0,"enemies":"Centurion and Healer","floor":20.0,"turns":5.0},{"damage":69.0,"enemies":"Centurion and Healer","floor":23.0,"turns":8.0},{"damage":1,"enemies":"conspire:HollyBat","floor":25,"turns":4}],"seed_played":"-5982690892528048855","potions_obtained":[{"floor":1.0,"key":"Strength Potion"},{"floor":1.0,"key":"Swift Potion"},{"floor":5.0,"key":"Block Potion"}],"is_trial":false,"path_per_floor":["R","?","M","M","?","M","T","M","$","R","T","$","R","?","M","B",null,"R","M","M","AVR","?","?","T","M"],"character_chosen":"THE_AUTOMATON","items_purchased":["bronze:Mutator"],"campfire_rested":1,"item_purchase_floors":[9],"current_hp_per_floor":[77,77,66,54,24,22,22,22,23,23,23,26,50,73,51,28,89,89,82,81,89,75,9,9,8,8,8],"gold":500,"neow_bonus":"TEN_PERCENT_HP_BONUS","is_daily":false,"chose_seed":false,"campfire_upgraded":2,"win_rate":0.0,"timestamp":1611541083,"path_taken":["R","?","M","M","?","M","T","M","$","R","?","$","R","?","M","BOSS","R","M","M","AVR","?","?","T","M"],"items_purchased_type":["Card"],"build_version":"2020-12-22","purchased_purges":0,"victory":false,"max_hp_per_floor":[77,77,77,77,77,77,77,77,80,80,80,83,83,86,86,89,89,89,89,92,100,100,103,103,103,103,103],"relic_stats":{"Sozu":0,"counters":[1,4],"Shuriken":[0],"obtain_stats":[{"Sozu":0,"Replay:Ringing Soul":0,"bronze:BronzeCore":0,"Tiny House":0,"Shuriken":0,"Simple Rune":0,"hubris:GlazedTorus":24},{"Sozu":0,"Replay:Ringing Soul":0,"bronze:BronzeCore":0,"Tiny House":0,"Shuriken":0,"Simple Rune":0,"hubris:GlazedTorus":0},{"Sozu":0,"Replay:Ringing Soul":0,"bronze:BronzeCore":0,"Tiny House":0,"Shuriken":0,"Simple Rune":0,"hubris:GlazedTorus":0}]},"card_choices":[{"not_picked":["bronze:BitShift","bronze:Return","bronze:Invalidate"],"picked":"SKIP","floor":3.0},{"not_picked":["bronze:BitShift","bronze:Invalidate"],"picked":"bronze:DelayedSlice","floor":4.0},{"not_picked":["bronze:MaxOutput","bronze:Repulsor"],"picked":"bronze:FineTuning","floor":5.0},{"not_picked":["bronze:BuggyMess","bronze:NullPointer"],"picked":"bronze:Shell","floor":6.0},{"not_picked":["bronze:FollowUp","bronze:Allocate","bronze:Branch"],"picked":"SKIP","floor":8.0},{"not_picked":["bronze:Return","bronze:CutThrough"],"picked":"bronze:Fortify","floor":9.0},{"not_picked":["bronze:ItsAFeature","bronze:FineTuning"],"picked":"bronze:BuggyMess","floor":12.0},{"not_picked":["bronze:OilSpill","bronze:Overheat","bronze:Virus"],"picked":"SKIP","floor":15.0},{"not_picked":["bronze:HyperBeam","bronze:ThunderWave"],"picked":"bronze:RecursiveStrike","floor":16.0},{"not_picked":["bronze:Turbo","bronze:WildBeam","bronze:CutThrough"],"picked":"SKIP","floor":19.0},{"not_picked":["bronze:Philosophize","bronze:BronzeArmor+1"],"picked":"bronze:FineTuning","floor":20.0},{"not_picked":["bronze:DelayedGuard+1","bronze:DigitalCarnage"],"picked":"bronze:WhirlingStrike","floor":21.0},{"not_picked":["bronze:ClassDefault+1","bronze:BronzeOrb"],"picked":"bronze:Iterate","floor":23}],"player_experience":1457693,"relics_obtained":[{"floor":5.0,"key":"Simple Rune"},{"floor":7.0,"key":"Replay:Ringing Soul"},{"floor":11.0,"key":"Shuriken"},{"floor":24,"key":"hubris:GlazedTorus"}],"event_choices":[{"damage_healed":0.0,"max_hp_gain":0.0,"max_hp_loss":0.0,"gold_gain":0.0,"event_name":"conspire:Investor","player_choice":"Invest 1","floor":2.0,"gold_loss":0.0,"damage_taken":0.0},{"damage_healed":20.0,"max_hp_gain":0.0,"max_hp_loss":0.0,"gold_gain":0.0,"event_name":"Mushrooms","player_choice":"Healed and dodged fight","floor":14.0,"gold_loss":0.0,"damage_taken":0.0,"cards_obtained":["Parasite"]}],"is_beta":false,"boss_relics":[{"not_picked":["ReplayTheSpireMod:SealedPack","conspire:SlowCooker"],"picked":"Sozu"}],"items_purged_floors":[],"is_endless":false,"potions_floor_spawned":[5,15,16,19],"killed_by":"conspire:HollyBat","ascension_level":0}}