{"host":"jyuuog6ydc2s7nd8","time":1611569799,"event":{"mods":["BaseMod","Better Vampires","Minty Spire (QoL Compilation)","Shop Mod","StSLib","The Hierophant","The Servant 0.9.4","TheBandit","[IsaacMod]ÒÔÈö¼âËþ"],"gold_per_floor":[11,11,24,99,114,146,146,178,259,259,293,60,111,123,123,196,196,215,267,267,285,185,212,212,212],"floor_reached":24,"language":"ZHS","playtime":727,"items_purged":["Defend_R","Strike_R","Strike_R"],"score":564,"play_id":"5e43e9b8-cb58-4085-a3b1-154227636a77","local_time":"20210125181639","is_ascension_mode":true,"campfire_choices":[{"data":"Bash","floor":7.0,"key":"SMITH"},{"data":"True Grit","floor":10.0,"key":"SMITH"},{"data":"Pommel Strike","floor":15.0,"key":"SMITH"}],"circlet_count":0,"master_deck":["AscendersBane","Strike_R","Strike_R","Defend_R","Defend_R","Defend_R","Bash+1","True Grit+1","Pommel Strike+1","Shrug It Off","Feed","Seeing Red+1"],"relics":["Burning Blood","HushsDoor","GuppysHead","GuppysTail","Pear","BookOfRevelations","StrikeDummy","UnicornStump","Medical Kit","Busted Crown","BelialBook","BlankCard","CeramicFish"],"acts_visited":["Exordium","TheCity"],"potions_floor_usage":[],"damage_taken":[{"damage":8.0,"enemies":"Small Slimes","floor":1.0,"turns":3.0},{"damage":0.0,"enemies":"Cultist","floor":3.0,"turns":3.0},{"damage":5.0,"enemies":"2 Louse","floor":5.0,"turns":3.0},{"damage":34.0,"enemies":"3 Sentries","floor":6.0,"turns":11.0},{"damage":8.0,"enemies":"Gremlin Nob","floor":8.0,"turns":3.0},{"damage":18.0,"enemies":"Lagavulin","floor":11.0,"turns":4.0},{"damage":0.0,"enemies":"2 Fungi Beasts","floor":14.0,"turns":3.0},{"damage":0.0,"enemies":"Hexaghost","floor":16.0,"turns":13.0},{"damage":0.0,"enemies":"Shell Parasite","floor":18.0,"turns":5.0},{"damage":16,"enemies":"3 Byrds","floor":21,"turns":6},{"damage":42,"enemies":"Book of Stabbing","floor":23,"turns":7},{"damage":18,"enemies":"Snake Plant","floor":24,"turns":3}],"seed_played":"-7884635875233608858","potions_obtained":[{"floor":5.0,"key":"BlessingOfTheForge"},{"floor":8.0,"key":"SkillPotion"},{"floor":14.0,"key":"Block Potion"},{"floor":18.0,"key":"Fire Potion"}],"is_trial":false,"path_per_floor":["M","?","M","?","M","E","R","E","T","R","E","$","?","M","R","B",null,"M","?","?","M","$","E","M"],"character_chosen":"IRONCLAD","items_purchased":["Medical Kit","BelialBook"],"campfire_rested":0,"item_purchase_floors":[12,17],"current_hp_per_floor":[66,66,72,61,62,44,44,42,42,42,30,30,15,21,21,27,59,68,53,53,46,46,13,0,0],"gold":212,"neow_bonus":"ONE_RARE_RELIC","is_daily":false,"chose_seed":false,"campfire_upgraded":3,"win_rate":0.0,"timestamp":1611569799,"path_taken":["M","?","M","?","M","E","R","E","T","R","E","$","?","?","R","BOSS","M","?","?","M","$","E","M"],"items_purchased_type":["Relic","Relic"],"build_version":"2020-12-22","purchased_purges":3,"victory":false,"max_hp_per_floor":[75,75,75,75,75,85,85,85,85,85,85,85,85,85,85,85,70,73,73,73,76,76,79,79,79],"card_choices":[{"not_picked":["Searing Blow","Pummel","Clash"],"picked":"SKIP","floor":1.0},{"not_picked":["Wild Strike","Body Slam"],"picked":"True Grit","floor":3.0},{"not_picked":["Juggernaut","Iron Wave"],"picked":"Pommel Strike","floor":5.0},{"not_picked":["Cleave","Blood for Blood","Anger"],"picked":"SKIP","floor":6.0},{"not_picked":["Exhume","Pommel Strike"],"picked":"Shrug It Off","floor":8.0},{"not_picked":["Corruption","Sever Soul","Spot Weakness"],"picked":"SKIP","floor":11.0},{"not_picked":["Shockwave","Heavy Blade","Warcry"],"picked":"SKIP","floor":14.0},{"not_picked":["Limit Break","Brutality"],"picked":"Feed","floor":16.0},{"not_picked":[],"picked":"Seeing Red+1","floor":18.0},{"not_picked":["Headbutt"],"picked":"SKIP","floor":21},{"not_picked":["Reckless Charge"],"picked":"SKIP","floor":23}],"player_experience":1870841,"relics_obtained":[{"floor":6.0,"key":"Pear"},{"floor":8.0,"key":"BookOfRevelations"},{"floor":9.0,"key":"StrikeDummy"},{"floor":11.0,"key":"UnicornStump"},{"floor":23,"key":"CeramicFish"}],"event_choices":[{"cards_removed":["Strike_R"],"damage_healed":0.0,"max_hp_gain":0.0,"max_hp_loss":0.0,"gold_gain":0.0,"event_name":"Wheel of Change","player_choice":"Card Removal","floor":2.0,"gold_loss":0.0,"damage_taken":0.0},{"damage_healed":0.0,"max_hp_gain":0.0,"max_hp_loss":0.0,"gold_gain":75.0,"event_name":"World of Goop","player_choice":"Gather Gold","floor":4.0,"gold_loss":0.0,"damage_taken":11.0},{"damage_healed":0,"gold_gain":0,"player_choice":"Gave Potion","damage_taken":0,"relics_obtained":["BlankCard"],"max_hp_gain":0,"max_hp_loss":0,"event_name":"WeMeetAgain","floor":20,"gold_loss":0}],"is_beta":false,"boss_relics":[{"not_picked":["SacredBark","Runic Pyramid"],"picked":"Busted Crown"},{"not_picked":[]}],"items_purged_floors":[12,17,22],"is_endless":false,"potions_floor_spawned":[5,8,14,18],"killed_by":"Snake Plant","ascension_level":20}}