{"host":"dwyzfvnzfcqffr30","time":1611597910,"event":{"mods":["2.2 Compatiblity","Act Like it!","Aspiration","BaseMod","Beaked The Cultist","Better Altar","Better Match","Better Note","Better Sensory Stone","Better Skull","Better Third Choice","Clockwork Mod","Colored Map","Colored Powertips","Conspire","Elementarium","GifTheSpireLib","Halation","Hermit","Hubris","Infinite Spire","Ironclad Rager","Jedi Mod","Menagerie","Mimic Mod","Minty Spire (QoL Compilation)","Permanent Neow","Random Character Button","Reliquary","Replay The Spire","Spicy Shops","Spikes Relics","StSLib","Stuff the Spire","The Construct","The Disciple","The Druid","The Marked","TheFirefly","Trackpad","Wandering Minibosses"],"gold_per_floor":[125,125,20,39,52,52,84,104,104,140,164,191,191,230,230,328,328,366,387,387,418,455,512,512,578,578,634,634,690,690,209,209,299,299,336,336,368,423,460,460,519,563,612,86,110,150,25,43,43,43,43,43,43,73,73],"floor_reached":56,"language":"ENG","playtime":6334,"items_purged":["beaked:Strike_Y+1","beaked:Strike_Y+1","Parasite","beaked:MimicMachine+1","beaked:Defend_Y+1"],"score":2145,"play_id":"59b9b7e8-5a28-46f5-b213-df0b9901d0b8","local_time":"20210125100510","is_ascension_mode":true,"campfire_choices":[{"floor":6,"key":"RECALL"},{"data":"conspire:Banana+1","floor":15,"key":"SMITH"},{"data":"conspire:Banana+2","floor":24,"key":"SMITH"},{"data":"conspire:Banana+3","floor":30,"key":"SMITH"},{"data":"beaked:MachineEssence+1","floor":32,"key":"SMITH"},{"data":"beaked:MachineEssence+2","floor":40,"key":"SMITH"},{"data":"beaked:MachineEssence+3","floor":49,"key":"SMITH"},{"data":"beaked:Overpower+1","floor":52,"key":"SMITH"}],"circlet_count":1,"master_deck":["AscendersBane","beaked:Strike_Y+1","beaked:Strike_Y+1","beaked:Strike_Y+1","beaked:Defend_Y+1","beaked:Defend_Y+1","beaked:Defend_Y+1","beaked:Ceremony+1","beaked:Ceremony+1","beaked:Ceremony+1","conspire:Banana+4","Apotheosis+1","MasterReality+1","beaked:HuntressSpirit+1","beaked:MimicWarrior+1","beaked:MachineSpirit+1","beaked:MachineEssence+4","Pot Of Greed+1","Pot Of Greed+1","beaked:CrazyRituals+1","beaked:MimicMachine+1","beaked:Foresight+1","Pot Of Greed+1","beaked:Hexing+1","beaked:Overpower+2","beaked:AwakenedForm+1","ReplayTheSpireMod:??????????????????????+1","jedi:meditation+1","beaked:BloodRitual+1"],"relics":["beaked:MendingPlumage","Toxic Egg 2","Molten Egg 2","Frozen Egg 2","Quantum Egg","infinitespire:EvilPickle","Circlet","conspire:InfiniteJournal","Bottled Tornado","jedi:cryingmask","Grinning Jar","Strawberry","halation:Prosthetics","wanderingMiniBosses:OtherGremlinHorn","jedi:paperlyon","Elementarium:GoldenMirage","infinitespire:Satchel","StrikeDummy","Singing Bowl","reliquary:Stiletto","halation:BlackBeret","Bronze Scales","RetroEgg","Elementarium:ElementariumTrophy","halation:Yufonium","aspiration:HatOfInfinitePower","jedi:firstaidkit","Replay:Wax Seal","aspiration:SeaSaltIceCream","reliquary:SharkskinSheath","Snack Pack","Prayer Wheel","Letter Opener"],"acts_visited":["Exordium","Elementarium:Elementarium","TheBeyond","TheEnding"],"potions_floor_usage":[7,11,16,21,23,25,33,35,41,45],"damage_taken":[{"damage":4,"enemies":"2 Louse","floor":1,"turns":4},{"damage":0,"enemies":"Cultist","floor":4,"turns":4},{"damage":15,"enemies":"Small Slimes","floor":5,"turns":3},{"damage":0,"enemies":"Gremlin Nob","floor":7,"turns":5},{"damage":16,"enemies":"2 Fungi Beasts","floor":8,"turns":8},{"damage":6,"enemies":"Lagavulin","floor":10,"turns":7},{"damage":22,"enemies":"Blue Slaver","floor":11,"turns":6},{"damage":38,"enemies":"Red Slaver","floor":12,"turns":7},{"damage":45,"enemies":"Gremlin Nob","floor":14,"turns":5},{"damage":76,"enemies":"The Guardian","floor":16,"turns":11},{"damage":28,"enemies":"Elementarium:2_ELEMENTALS","floor":18,"turns":6},{"damage":7,"enemies":"Elementarium:Cyclone","floor":19,"turns":5},{"damage":9,"enemies":"Elementarium:GOLDEN_STATUES","floor":21,"turns":5},{"damage":45,"enemies":"Elementarium:RubyGolem","floor":22,"turns":5},{"damage":20,"enemies":"Elementarium:ElementalPortal","floor":23,"turns":8},{"damage":24,"enemies":"Elementarium:WarGolem","floor":25,"turns":5},{"damage":61,"enemies":"Elementarium:3_ELEMENTALS","floor":27,"turns":6},{"damage":41,"enemies":"Elementarium:FIRE_NOBILITY","floor":29,"turns":6},{"damage":16,"enemies":"Elementarium:PHOENIXES","floor":33,"turns":7},{"damage":17,"enemies":"3 Shapes","floor":35,"turns":5},{"damage":30,"enemies":"3 Darklings","floor":37,"turns":5},{"damage":41,"enemies":"2 Orb Walkers","floor":38,"turns":4},{"damage":8,"enemies":"Spire Growth","floor":39,"turns":3},{"damage":24,"enemies":"Nemesis","floor":41,"turns":5},{"damage":3,"enemies":"Writhing Mass","floor":42,"turns":5},{"damage":42,"enemies":"Sphere and 2 Shapes","floor":45,"turns":5},{"damage":42,"enemies":"Reptomancer","floor":46,"turns":6},{"damage":14,"enemies":"Transient","floor":48,"turns":5},{"damage":125,"enemies":"Time Eater","floor":50,"turns":10},{"damage":72,"enemies":"Shield and Spear","floor":54,"turns":6},{"damage":119,"enemies":"The Heart","floor":55,"turns":8}],"seed_played":"8667488361408941383","potions_obtained":[{"floor":4,"key":"Weak Potion"},{"floor":7,"key":"Dexterity Potion"},{"floor":10,"key":"Weak Potion"},{"floor":18,"key":"Adrenaline Potion"},{"floor":23,"key":"EntropicBrew"},{"floor":27,"key":"jedi:wingpotion"},{"floor":33,"key":"Toxic Potion"},{"floor":35,"key":"jedi:holywater"},{"floor":39,"key":"Reflective Coating"},{"floor":41,"key":"Fire Potion"}],"is_trial":false,"path_per_floor":["M","?","$","M","M","R","E","M","T","E","M","M","?","E","R","B",null,"M","M","?","?","M","E","R","E","T","M","?","E","R","$","R","B",null,"M","?","M","?","M","R","E","M","T","$","M","E","$","M","R","B",null,"R","$","E","B",null],"character_chosen":"BEAKED_THE_CULTIST","items_purchased":["beaked:MimicWarrior+1","Bronze Scales","RetroEgg","beaked:Overpower+1","aspiration:SeaSaltIceCream","beaked:MimicMachine+1"],"campfire_rested":0,"item_purchase_floors":[3,31,31,31,44,44],"current_hp_per_floor":[48,48,48,50,45,45,57,60,60,62,67,70,63,80,80,83,51,48,54,39,59,62,67,67,72,72,79,59,91,91,91,91,97,97,99,72,112,120,128,128,135,149,149,146,160,167,167,177,177,183,183,183,183,188,193],"gold":73,"neow_bonus":"RANDOM_COLORLESS","is_daily":false,"chose_seed":false,"campfire_upgraded":7,"win_rate":0.0,"timestamp":1611597910,"path_taken":["M","?","$","M","?","R","E","M","T","E","M","M","?","E","R","BOSS","M","M","?","?","M","E","R","E","T","M","?","E","R","$","R","BOSS","M","?","M","?","M","R","E","M","T","$","M","E","?","?","R","BOSS","R","$","E","BOSS"],"items_purchased_type":["Card","Relic","Relic","Card","Relic","Card"],"build_version":"2020-12-22","purchased_purges":5,"victory":true,"max_hp_per_floor":[48,48,48,50,53,53,57,60,60,64,67,70,70,80,80,86,51,55,55,55,59,62,67,67,72,72,79,79,91,91,91,91,97,97,104,104,112,120,128,128,135,149,149,146,160,167,167,177,177,183,183,183,183,188,193],"card_choices":[{"not_picked":["Replay:Sssssssssshield","Finesse"],"picked":"conspire:Banana","floor":0},{"not_picked":["beaked:WarriorSpirit+1","beaked:Cower+1"],"picked":"beaked:HuntressSpirit+1","floor":1},{"not_picked":["beaked:Overpower+1","beaked:Tradeoff+1","beaked:Windmill+1"],"picked":"SKIP","floor":4},{"not_picked":["beaked:Poke+1","beaked:Insight+1","beaked:Caw+1"],"picked":"SKIP","floor":5},{"not_picked":["beaked:Windmill+1","beaked:WarriorEssence+1"],"picked":"beaked:MachineSpirit+1","floor":7},{"not_picked":["beaked:Foresight+1","beaked:Hexing+1"],"picked":"beaked:MachineEssence+1","floor":8},{"not_picked":["beaked:BounceBack+1","beaked:BloodForTheGods+1","beaked:BarbedWire+1"],"picked":"SKIP","floor":10},{"not_picked":["beaked:SacrificialDive+1","beaked:Tradeoff+1"],"picked":"beaked:CrazyRituals+1","floor":11},{"not_picked":["beaked:Overpower+1","beaked:Redirect+1"],"picked":"beaked:MimicMachine+1","floor":12},{"not_picked":["beaked:Redirect+1","beaked:DigDeeper+1","beaked:Negation+1"],"picked":"SKIP","floor":14},{"not_picked":["beaked:Poke+1","beaked:CursingBlood+1","beaked:BarbedWire+1"],"picked":"SKIP","floor":18},{"not_picked":["beaked:CursingBlood+1","beaked:RuinSticks+1"],"picked":"beaked:Foresight+1","floor":19},{"not_picked":["beaked:ShadowFade+1","beaked:Windmill+1","beaked:FeelMyPain+1"],"picked":"SKIP","floor":22},{"not_picked":["beaked:Overpower+1","beaked:MachineSpirit+1"],"picked":"beaked:Hexing+1","floor":23},{"not_picked":["beaked:Devastation+1","beaked:LiftOff+1","beaked:Brainwash+1"],"picked":"SKIP","floor":25},{"not_picked":["beaked:Foresight+1","beaked:Insight+1","beaked:BraceForImpact+1"],"picked":"Singing Bowl","floor":27},{"not_picked":["beaked:TuckingFeathers+1","beaked:Brace+1","beaked:Windmill+1"],"picked":"Singing Bowl","floor":29},{"not_picked":["beaked:MachineEssence+1","beaked:FakeOut+1"],"picked":"beaked:AwakenedForm+1","floor":33},{"not_picked":["beaked:MachineSpirit+1","beaked:RuinSticks+1","beaked:FeelMyPain+1"],"picked":"Singing Bowl","floor":35},{"not_picked":["hubris:InfiniteBlow","Replay:Fractal Strike"],"picked":"ReplayTheSpireMod:??????????????????????","floor":36},{"not_picked":["beaked:Brace+1","beaked:Daydream+1","beaked:BarbedWire+1"],"picked":"Singing Bowl","floor":37},{"not_picked":["beaked:Redirect+1","beaked:StunningBlow+1","beaked:CrazyRituals+1"],"picked":"Singing Bowl","floor":38},{"not_picked":["beaked:WindBringer+1","ReplayTheSpireMod:Owlgaze+1","beaked:BraceForImpact+1"],"picked":"Singing Bowl","floor":39},{"not_picked":["beaked:Mantra+1","ReplayTheSpireMod:Prepare the Ceremony+1","beaked:Flinch+1"],"picked":"Singing Bowl","floor":41},{"not_picked":["beaked:Hexing+1","beaked:Redirect+1","beaked:Negation+1"],"picked":"Singing Bowl","floor":42},{"not_picked":["beaked:Windmill+1","beaked:CursingBlood+1","beaked:Pecker+1"],"picked":"Singing Bowl","floor":45},{"not_picked":["beaked:FullHouse+1","ReplayTheSpireMod:RavenHex+1","beaked:Poke+1"],"picked":"Singing Bowl","floor":46},{"not_picked":["beaked:CrazyRituals+1","beaked:HuntressEssence+1","beaked:SurvivalInstinct+1"],"picked":"Singing Bowl","floor":48},{"not_picked":["beaked:Mantra+1","beaked:CursingBlood+1","beaked:BarbedWire+1"],"picked":"Singing Bowl","floor":48},{"not_picked":["beaked:Brace+1","beaked:Molting+1"],"picked":"beaked:BloodRitual+1","floor":54}],"player_experience":2250134,"relics_obtained":[{"floor":7,"key":"jedi:cryingmask"},{"floor":10,"key":"Grinning Jar"},{"floor":14,"key":"Strawberry"},{"floor":18,"key":"wanderingMiniBosses:OtherGremlinHorn"},{"floor":21,"key":"Elementarium:GoldenMirage"},{"floor":23,"key":"infinitespire:Satchel"},{"floor":25,"key":"StrikeDummy"},{"floor":26,"key":"Singing Bowl"},{"floor":29,"key":"halation:BlackBeret"},{"floor":38,"key":"aspiration:HatOfInfinitePower"},{"floor":41,"key":"jedi:firstaidkit"},{"floor":43,"key":"Replay:Wax Seal"},{"floor":46,"key":"Snack Pack"},{"floor":54,"key":"Letter Opener"}],"event_choices":[{"damage_healed":0,"gold_gain":0,"player_choice":"Simplicity","damage_taken":0,"max_hp_gain":0,"max_hp_loss":10,"event_name":"betterThird:BetterWriting","floor":0,"gold_loss":0},{"damage_healed":0,"gold_gain":0,"player_choice":"Ignored","damage_taken":0,"max_hp_gain":0,"max_hp_loss":0,"event_name":"Transmorgrifier","floor":2,"gold_loss":0},{"cards_removed":["beaked:Strike_Y"],"damage_healed":0,"gold_gain":0,"player_choice":"Card Removal","damage_taken":7,"max_hp_gain":0,"max_hp_loss":0,"event_name":"Golden Wing","floor":13,"gold_loss":0},{"damage_healed":0,"gold_gain":0,"player_choice":"Offer","damage_taken":0,"relics_obtained":["jedi:paperlyon"],"max_hp_gain":0,"max_hp_loss":0,"event_name":"Elementarium:GreatTreasure","floor":20,"relics_lost":["SacredBark"],"gold_loss":0},{"damage_healed":0,"gold_gain":0,"player_choice":"Fight","damage_taken":0,"max_hp_gain":0,"max_hp_loss":0,"event_name":"Elementarium:GoldenStatues","floor":21,"gold_loss":0},{"damage_healed":0,"gold_gain":0,"player_choice":"Fight","damage_taken":0,"max_hp_gain":0,"max_hp_loss":0,"event_name":"Mysterious Sphere","floor":38,"gold_loss":0}],"is_beta":false,"boss_relics":[{"not_picked":["aspiration:SecretTechniqueScroll","Calling Bell"],"picked":"halation:Prosthetics"},{"not_picked":["Velvet Choker","Ring of Chaos"],"picked":"halation:Yufonium"}],"items_purged_floors":[31,31,44,44,47],"is_endless":false,"potions_floor_spawned":[4,7,10,18,22,23,27,33,35,39,41,42],"ascension_level":15}}