{"host":"cijhj3091wf4aho3","time":1611594031,"event":{"mods":["BaseMod","Colored Map","Colored Powertips","Downfall","Friendly Minions","GifTheSpireLib","Highlight Path","Minty Spire (QoL Compilation)","Permanent Neow","Random Character Button","Relic Sorter","Relic Stats","StSLib","everything is the same but u backflip on backflip","slay the spire mod where everything is the same but ironclad has a cowboy hat"],"gold_per_floor":[99,108,267,291,318,101,125,125,149,181,81,17,32,51,69,174,174,174,188,213,349,349,382,409,430,430,430,430,330,347,392,411,518,568,568,592,281,304,329,345,345,355,388,409,409,23,40,55,66,66,66,66],"floor_reached":50,"language":"ENG","playtime":2795,"items_purged":["Regret","bronze:SpaghettiCode","downfall:Icky"],"score":550,"play_id":"a722bb24-cd22-4e59-b160-5f216f4ddb28","local_time":"20210125090031","is_ascension_mode":false,"campfire_choices":[{"data":"bronze:RecursiveStrike","floor":1,"key":"SMITH"},{"data":"bronze:MaxOutput","floor":8,"key":"SMITH"},{"data":"bronze:MaxOutput","floor":11,"key":"SMITH"},{"data":"bronze:Virus","floor":18,"key":"SMITH"},{"floor":27,"key":"RECALL"},{"data":"bronze:Repulsor","floor":29,"key":"SMITH"},{"data":"bronze:Turbo","floor":35,"key":"SMITH"}],"circlet_count":0,"master_deck":["bronze:Defend+1","bronze:Defend+1","bronze:Defend+1","bronze:Defend+1","bronze:Replicate+1","bronze:Goto+1","bronze:RecursiveStrike+1","bronze:MaxOutput+1","bronze:RecursiveStrike+1","bronze:MaxOutput+1","Parasite","bronze:ChosenStrike","bronze:Virus+1","bronze:ItsAFeature","bronze:Assembly","bronze:Turbo+1","J.A.X.+1","bronze:Repulsor+1","bronze:Shield","Ghostly","Ghostly","Ghostly","Ghostly","Ghostly","bronze:BurnOut","bronze:Safeguard","bronze:Shield+1","expansioncontent:Chronoboost","bronze:Shield","bronze:ChildClass","bronze:Repair+1"],"relics":["bronze:BronzeCore","CeramicFish","Boot","Bottled Flame","downfall:HeartBlessingGreen","Coffee Dripper","MutagenicStrength","Potion Belt","War Paint","downfall:HeartBlessingRed","Tiny House","Toolbox","Omamori","Meat on the Bone","Singing Bowl","White Beast Statue"],"acts_visited":["Exordium","TheCity","TheBeyond"],"potions_floor_usage":[15,16,21,22,23,33,37,42,50,50,50],"damage_taken":[{"damage":2,"enemies":"Small Slimes","floor":4,"turns":3},{"damage":11,"enemies":"downfall:FleeingMerchant","floor":6,"turns":4},{"damage":5,"enemies":"2 Louse","floor":9,"turns":3},{"damage":14,"enemies":"Gremlin Nob","floor":10,"turns":3},{"damage":15,"enemies":"downfall:FleeingMerchant","floor":12,"turns":4},{"damage":0,"enemies":"Cultist","floor":13,"turns":2},{"damage":1,"enemies":"Blue Slaver","floor":14,"turns":2},{"damage":0,"enemies":"Large Slime","floor":15,"turns":1},{"damage":6,"enemies":"WA_ARCHETYPE_RETAIN","floor":16,"turns":4},{"damage":3,"enemies":"3 Byrds","floor":19,"turns":3},{"damage":0,"enemies":"3 Cultists","floor":20,"turns":2},{"damage":3,"enemies":"downfall:Augmenter","floor":21,"turns":3},{"damage":3,"enemies":"Snake Plant","floor":22,"turns":1},{"damage":7,"enemies":"Slavers","floor":23,"turns":2},{"damage":0,"enemies":"Chosen and Byrds","floor":25,"turns":1},{"damage":0,"enemies":"3 Cultists","floor":30,"turns":2},{"damage":3,"enemies":"Cultist and Chosen","floor":32,"turns":2},{"damage":10,"enemies":"SI_MIRROR_ARCHETYPE","floor":33,"turns":4},{"damage":8,"enemies":"3 Darklings","floor":36,"turns":3},{"damage":1,"enemies":"downfall:FleeingMerchant","floor":37,"turns":4},{"damage":0,"enemies":"3 Shapes","floor":38,"turns":3},{"damage":2,"enemies":"Writhing Mass","floor":39,"turns":5},{"damage":1,"enemies":"Spire Growth","floor":40,"turns":2},{"damage":2,"enemies":"4 Shapes","floor":42,"turns":3},{"damage":5,"enemies":"Reptomancer","floor":43,"turns":6},{"damage":1,"enemies":"3 Darklings","floor":44,"turns":2},{"damage":3,"enemies":"Spire Growth","floor":47,"turns":4},{"damage":0,"enemies":"Sphere and 2 Shapes","floor":48,"turns":3},{"damage":0,"enemies":"4 Shapes","floor":49,"turns":5},{"damage":63,"enemies":"DF_ARCHETYPE_ORBS","floor":50,"turns":6}],"seed_played":"-2503832057245627519","potions_obtained":[{"floor":4,"key":"Energy Potion"},{"floor":9,"key":"SneckoOil"},{"floor":15,"key":"SteroidPotion"},{"floor":16,"key":"SmokeBomb"},{"floor":21,"key":"PowerPotion"},{"floor":25,"key":"PowerPotion"},{"floor":30,"key":"hexamod:SoulburnPotion"},{"floor":34,"key":"LiquidBronze"},{"floor":42,"key":"Fruit Juice"},{"floor":43,"key":"champ:CounterPotion"},{"floor":47,"key":"bronze:CleanCodePotion"}],"is_trial":false,"path_per_floor":["R","?","?","M","?","$","T","R","M","E","R","$","M","M","M","B",null,"R","M","M","?","M","E","T","M","?","R","?","R","M","?","M","B",null,"R","M","$","M","M","M","T","M","E","M","?","$","M","M","M","B"],"character_chosen":"THE_AUTOMATON","items_purchased":["bronze:Virus","Block Potion","bronze:CleanCodePotion","Strength Potion","Weak Potion","Toolbox","Omamori","expansioncontent:Chronoboost","White Beast Statue"],"campfire_rested":0,"item_purchase_floors":[6,12,37,37,37,37,37,37,46],"current_hp_per_floor":[70,70,70,68,68,57,57,57,52,38,38,23,23,22,22,16,70,70,67,67,64,61,54,54,54,54,54,54,54,54,35,32,22,40,40,32,31,31,29,28,28,31,28,27,27,27,36,38,50,0,0,0],"gold":66,"neow_bonus":"ONE_RANDOM_RARE_CARD","is_daily":false,"chose_seed":false,"campfire_upgraded":6,"win_rate":0.0,"timestamp":1611594031,"path_taken":["R","?","?","M","?","$","T","R","M","E","R","$","?","M","M","BOSS","R","M","M","?","M","E","T","M","?","R","?","R","M","?","M","BOSS","R","M","$","M","M","M","T","M","E","M","?","$","M","M","M","BOSS"],"items_purchased_type":["Card","Potion","Potion","Potion","Potion","Relic","Relic","Card","Relic"],"build_version":"2020-12-22","purchased_purges":3,"victory":false,"max_hp_per_floor":[70,70,70,70,70,70,70,70,70,70,70,70,70,70,70,70,70,70,70,70,70,70,70,70,70,70,70,70,70,70,35,35,35,40,40,40,40,40,40,40,40,45,47,47,47,47,49,51,53,53,53,53],"relic_stats":{"Singing Bowl":8,"counters":[30,92],"CeramicFish":252,"War Paint":["J.A.X.","bronze:Goto"],"Boot":[126],"obtain_stats":[{"Potion Belt":23,"bronze:BronzeCore":0,"Tiny House":34,"downfall:HeartBlessingRed":29,"Singing Bowl":43,"CeramicFish":2,"downfall:HeartBlessingGreen":11,"Omamori":37,"War Paint":24,"Boot":7,"White Beast Statue":46,"Bottled Flame":10,"MutagenicStrength":21,"Toolbox":37,"Coffee Dripper":17,"Meat on the Bone":41},{"Potion Belt":14,"bronze:BronzeCore":0,"Tiny House":18,"downfall:HeartBlessingRed":15,"Singing Bowl":25,"CeramicFish":0,"downfall:HeartBlessingGreen":4,"Omamori":20,"War Paint":14,"Boot":2,"White Beast Statue":26,"Bottled Flame":4,"MutagenicStrength":12,"Toolbox":20,"Coffee Dripper":9,"Meat on the Bone":23},{"Potion Belt":37,"bronze:BronzeCore":0,"Tiny House":46,"downfall:HeartBlessingRed":38,"Singing Bowl":72,"CeramicFish":0,"downfall:HeartBlessingGreen":13,"Omamori":53,"War Paint":37,"Boot":7,"White Beast Statue":74,"Bottled Flame":13,"MutagenicStrength":34,"Toolbox":53,"Coffee Dripper":26,"Meat on the Bone":63}],"Meat on the Bone":0},"card_choices":[{"not_picked":["bronze:Safeguard","bronze:Overheat"],"picked":"bronze:MaxOutput","floor":4},{"not_picked":["bronze:Separator","bronze:Optimize"],"picked":"bronze:ChosenStrike","floor":6},{"not_picked":["bronze:FollowUp","bronze:Separator"],"picked":"bronze:ItsAFeature","floor":9},{"not_picked":["bronze:Invalidate","bronze:Frontload","bronze:Format"],"picked":"SKIP","floor":10},{"not_picked":["bronze:Invalidate","bronze:Separator","bronze:BuggyMess"],"picked":"SKIP","floor":12},{"not_picked":["bronze:BronzeArmor","bronze:Shield","bronze:ForLoop"],"picked":"SKIP","floor":13},{"not_picked":["bronze:ClassDefault","bronze:AlphaBuild","bronze:WhirlingStrike"],"picked":"SKIP","floor":14},{"not_picked":["bronze:Separator","bronze:Overheat","bronze:WildBeam"],"picked":"SKIP","floor":15},{"not_picked":["bronze:HyperBeam","bronze:FindAndReplace"],"picked":"bronze:Assembly","floor":16},{"not_picked":["bronze:Safeguard","bronze:WhirlingStrike","bronze:Shell+1"],"picked":"SKIP","floor":19},{"not_picked":["bronze:Deprecate+1","bronze:BugBarrage"],"picked":"bronze:Turbo","floor":20},{"not_picked":[],"picked":"J.A.X.","floor":21},{"not_picked":["bronze:WhirlingStrike","bronze:HardenedForm"],"picked":"bronze:Repulsor","floor":21},{"not_picked":["bronze:Branch","bronze:Fortify+1","bronze:DigitalCarnage"],"picked":"SKIP","floor":23},{"not_picked":["bronze:DarkDash","bronze:WildBeam"],"picked":"bronze:Shield","floor":25},{"not_picked":["bronze:BugBarrage","bronze:Frontload+1","bronze:ForLoop"],"picked":"SKIP","floor":30},{"not_picked":["bronze:BitShift","bronze:Mutator","bronze:CloningBeam"],"picked":"SKIP","floor":32},{"not_picked":["bronze:Verify","bronze:HyperBeam"],"picked":"bronze:BurnOut","floor":33},{"not_picked":["bronze:CutThrough+1","bronze:Return+1"],"picked":"bronze:Safeguard","floor":36},{"not_picked":["bronze:Backtrace","bronze:Constructor"],"picked":"bronze:Shield+1","floor":37},{"not_picked":["bronze:DelayedGuard+1","bronze:Fortify+1"],"picked":"bronze:Shield","floor":38},{"not_picked":["bronze:Invalidate","bronze:WildBeam"],"picked":"bronze:ChildClass","floor":39},{"not_picked":["bronze:Iterate","bronze:BronzeOrb","bronze:Mutator"],"picked":"SKIP","floor":40},{"not_picked":["bronze:Overheat","bronze:DarkDash","bronze:Overload+1"],"picked":"SKIP","floor":42},{"not_picked":["bronze:Overheat","bronze:DarkDash","bronze:Overload+1"],"picked":"SKIP","floor":42},{"not_picked":["bronze:Separator","bronze:Shield","bronze:BitShift"],"picked":"Singing Bowl","floor":43},{"not_picked":["bronze:Flail","bronze:Constructor+1"],"picked":"bronze:Repair+1","floor":44},{"not_picked":["bronze:SpaghettiCode","bronze:Frontload+1","bronze:ForceShield+1"],"picked":"Singing Bowl","floor":47},{"not_picked":["bronze:BugBarrage+1","bronze:Flail","bronze:Turbo"],"picked":"Singing Bowl","floor":48},{"not_picked":["bronze:Frontload","bronze:Virus","bronze:WildBeam"],"picked":"Singing Bowl","floor":49}],"player_experience":500108,"relics_obtained":[{"floor":7,"key":"Boot"},{"floor":10,"key":"Bottled Flame"},{"floor":21,"key":"MutagenicStrength"},{"floor":23,"key":"Potion Belt"},{"floor":24,"key":"War Paint"},{"floor":41,"key":"Meat on the Bone"},{"floor":43,"key":"Singing Bowl"}],"event_choices":[{"damage_healed":0,"gold_gain":0,"player_choice":"Box","damage_taken":0,"relics_obtained":["CeramicFish"],"max_hp_gain":0,"max_hp_loss":0,"event_name":"Big Fish","floor":2,"gold_loss":0,"cards_obtained":["Regret"]},{"damage_healed":0,"gold_gain":0,"player_choice":"Became a Ghost","damage_taken":0,"max_hp_gain":0,"max_hp_loss":35,"event_name":"Ghosts","floor":31,"gold_loss":0,"cards_obtained":["Ghostly","Ghostly","Ghostly","Ghostly","Ghostly"]}],"is_beta":false,"boss_relics":[{"not_picked":["Sozu","bronze:PlatinumCore"],"picked":"Coffee Dripper"},{"not_picked":["SacredBark","Astrolabe"],"picked":"Tiny House"}],"items_purged_floors":[6,37,46],"is_endless":false,"potions_floor_spawned":[4,9,15,16,21,25,30,40,42,43,47,48,49],"killed_by":"DF_ARCHETYPE_ORBS","ascension_level":0}}