{"host":"yn8qackkbxgt4nh1","time":1611580545,"event":{"mods":["BaseMod","Colored Map","Colored Powertips","DeckTracker","Minty Spire (QoL Compilation)","SuperFastMode"],"gold_per_floor":[16,26,43,61,61,61,93,93,93,93,93,126,147,176,176,271,271,290,314,239,264,264,264,283,283,308,58,74,74,92,92,92,185,185,204,204,43,68,68,104,104,125,151,97,430,755,767,820,820,820],"floor_reached":51,"language":"KOR","playtime":1922,"items_purged":["Strike_R","Fire Breathing"],"score":1275,"play_id":"06bb32b2-0d17-4ef2-8c0e-6798e19f3f1b","local_time":"20210125221545","is_ascension_mode":true,"campfire_choices":[{"data":"Hemokinesis","floor":6.0,"key":"SMITH"},{"data":"Hemokinesis","floor":8.0,"key":"SMITH"},{"data":"Bash","floor":10.0,"key":"SMITH"},{"data":"Shrug It Off","floor":15.0,"key":"SMITH"},{"data":"Berserk","floor":23.0,"key":"SMITH"},{"data":"Carnage","floor":25.0,"key":"SMITH"},{"data":"Shrug It Off","floor":32.0,"key":"SMITH"},{"data":"Limit Break","floor":41.0,"key":"SMITH"},{"data":"Shrug It Off","floor":49.0,"key":"SMITH"}],"circlet_count":0,"master_deck":["AscendersBane","Defend_R+1","Defend_R+1","Defend_R+1","Bash+1","Hemokinesis+1","Ghostly Armor","Hemokinesis+1","Shrug It Off+1","Berserk+1","Carnage+1","Bite","Bite","Bite","Bite","Bite","Seeing Red","Shrug It Off+1","Body Slam+1","Limit Break+1","Shockwave","Bloodletting+1","Bloodletting+1","Disarm","Shrug It Off+1"],"relics":["Burning Blood","Magic Flower","StrikeDummy","Kunai","Anchor","Odd Mushroom","Coffee Dripper","MawBank","Shuriken","Runic Cube","Lee\u0027s Waffle","Question Card","Juzu Bracelet","Paper Frog","Old Coin","Turnip"],"acts_visited":["Exordium","TheCity","TheBeyond"],"potions_floor_usage":[50],"damage_taken":[{"damage":12.0,"enemies":"Cultist","floor":1.0,"turns":4.0},{"damage":9.0,"enemies":"2 Louse","floor":2.0,"turns":4.0},{"damage":12.0,"enemies":"Small Slimes","floor":3.0,"turns":4.0},{"damage":18.0,"enemies":"Blue Slaver","floor":4.0,"turns":4.0},{"damage":20.0,"enemies":"Gremlin Nob","floor":7.0,"turns":3.0},{"damage":21.0,"enemies":"Lagavulin","floor":12.0,"turns":5.0},{"damage":4.0,"enemies":"Looter","floor":13.0,"turns":2.0},{"damage":14.0,"enemies":"The Mushroom Lair","floor":14.0,"turns":4.0},{"damage":16.0,"enemies":"Hexaghost","floor":16.0,"turns":9.0},{"damage":13.0,"enemies":"2 Thieves","floor":18.0,"turns":4.0},{"damage":21.0,"enemies":"Shell Parasite","floor":19.0,"turns":4.0},{"damage":19.0,"enemies":"Centurion and Healer","floor":21.0,"turns":4.0},{"damage":16.0,"enemies":"Cultist and Chosen","floor":24.0,"turns":5.0},{"damage":18.0,"enemies":"3 Cultists","floor":28.0,"turns":6.0},{"damage":4.0,"enemies":"Centurion and Healer","floor":30.0,"turns":5.0},{"damage":100.0,"enemies":"Automaton","floor":33.0,"turns":11.0},{"damage":31.0,"enemies":"3 Darklings","floor":35.0,"turns":5.0},{"damage":13.0,"enemies":"3 Shapes","floor":38.0,"turns":3.0},{"damage":52.0,"enemies":"Giant Head","floor":40.0,"turns":7.0},{"damage":19.0,"enemies":"3 Darklings","floor":42.0,"turns":4.0},{"damage":13.0,"enemies":"Mind Bloom Boss Battle","floor":46.0,"turns":5.0},{"damage":15.0,"enemies":"Maw","floor":47.0,"turns":6.0},{"damage":30.0,"enemies":"2 Orb Walkers","floor":48.0,"turns":3.0},{"damage":68,"enemies":"Awakened One","floor":50,"turns":9}],"seed_played":"5078143010022822041","potions_obtained":[{"floor":3.0,"key":"Fire Potion"},{"floor":7.0,"key":"LiquidBronze"},{"floor":12.0,"key":"BlessingOfTheForge"},{"floor":18.0,"key":"FearPotion"},{"floor":19.0,"key":"Explosive Potion"},{"floor":28.0,"key":"DuplicationPotion"},{"floor":33.0,"key":"SteroidPotion"},{"floor":38.0,"key":"GamblersBrew"},{"floor":46.0,"key":"Weak Potion"}],"is_trial":false,"path_per_floor":["M","M","M","M","?","R","E","R","T","R","?","E","M","?","R","B",null,"M","M","$","M","?","R","M","R","T","$","M","?","M","T","R","B",null,"M","?","$","M","?","E","R","M","T","?","?","?","M","?","R","B",null],"character_chosen":"IRONCLAD","items_purchased":["Shrug It Off","FairyPotion","Lee\u0027s Waffle"],"campfire_rested":0,"item_purchase_floors":[27,27,37],"current_hp_per_floor":[65,65,62,53,53,53,42,42,42,42,42,30,35,30,30,23,57,53,41,41,31,31,31,36,36,36,36,47,47,47,47,47,38,45,36,36,54,52,52,27,27,32,32,32,32,46,54,38,38,27],"gold":820,"neow_bonus":"ONE_RARE_RELIC","is_daily":false,"chose_seed":false,"campfire_upgraded":9,"win_rate":0.0,"timestamp":1611580545,"path_taken":["M","M","M","?","?","R","E","R","T","R","?","E","M","?","R","BOSS","M","M","$","M","?","R","M","R","T","$","M","?","M","?","R","BOSS","M","?","$","M","?","E","R","M","T","?","?","?","M","?","R","BOSS"],"items_purchased_type":["Card","Potion","Relic"],"build_version":"2020-12-22","purchased_purges":2,"victory":true,"max_hp_per_floor":[75,75,75,75,75,75,75,75,75,75,68,68,68,68,68,68,68,68,68,68,68,47,47,47,47,47,47,47,47,47,47,47,47,47,47,47,54,54,54,54,54,54,54,54,54,54,54,54,54,54],"card_choices":[{"not_picked":["Iron Wave","Sever Soul"],"picked":"Fire Breathing","floor":1.0},{"not_picked":["True Grit","Fire Breathing"],"picked":"Hemokinesis","floor":2.0},{"not_picked":["Entrench","Clash"],"picked":"Ghostly Armor","floor":3.0},{"not_picked":["Bloodletting","Heavy Blade"],"picked":"Hemokinesis","floor":4.0},{"not_picked":["Intimidate","Heavy Blade","Wild Strike"],"picked":"SKIP","floor":7.0},{"not_picked":["Intimidate","Heavy Blade","Wild Strike"],"picked":"SKIP","floor":7.0},{"not_picked":["Offering","Warcry"],"picked":"Shrug It Off","floor":12.0},{"not_picked":["Warcry","Wild Strike","Flex"],"picked":"SKIP","floor":13.0},{"not_picked":["Demon Form","Barricade"],"picked":"Berserk","floor":16.0},{"not_picked":["Inflame+1","Armaments"],"picked":"Carnage","floor":18.0},{"not_picked":["Perfected Strike","Twin Strike","Clash"],"picked":"SKIP","floor":19.0},{"not_picked":["True Grit","Body Slam","Havoc+1"],"picked":"SKIP","floor":21.0},{"not_picked":["Sever Soul","Warcry"],"picked":"Seeing Red","floor":24.0},{"not_picked":["Whirlwind+1","Sword Boomerang","Cleave"],"picked":"SKIP","floor":28.0},{"not_picked":["Carnage","Warcry"],"picked":"Body Slam+1","floor":30.0},{"not_picked":["Barricade","Fiend Fire"],"picked":"Limit Break","floor":33.0},{"not_picked":["Body Slam","Clash","Second Wind"],"picked":"SKIP","floor":35.0},{"not_picked":["Rampage","Clothesline"],"picked":"Shockwave","floor":38.0},{"not_picked":["Rampage+1","Havoc","Flame Barrier"],"picked":"SKIP","floor":40.0},{"not_picked":["Wild Strike+1","Shrug It Off","Double Tap"],"picked":"Bloodletting+1","floor":42.0},{"not_picked":["Body Slam","Shockwave","Rampage"],"picked":"Bloodletting+1","floor":46.0},{"not_picked":["Clash+1","Body Slam","Second Wind"],"picked":"Disarm","floor":47.0},{"not_picked":["Dual Wield","Intimidate","Cleave+1"],"picked":"Shrug It Off","floor":48.0}],"player_experience":703941,"relics_obtained":[{"floor":7.0,"key":"StrikeDummy"},{"floor":9.0,"key":"Kunai"},{"floor":12.0,"key":"Anchor"},{"floor":14.0,"key":"Odd Mushroom"},{"floor":26.0,"key":"MawBank"},{"floor":31.0,"key":"Shuriken"},{"floor":40.0,"key":"Question Card"},{"floor":43.0,"key":"Juzu Bracelet"},{"floor":46.0,"key":"Old Coin"},{"floor":48.0,"key":"Turnip"}],"event_choices":[{"damage_healed":0.0,"max_hp_gain":0.0,"max_hp_loss":0.0,"gold_gain":0.0,"event_name":"Liars Game","player_choice":"Ignored","floor":5.0,"gold_loss":0.0,"damage_taken":0.0},{"damage_healed":0.0,"max_hp_gain":0.0,"max_hp_loss":7.0,"gold_gain":0.0,"event_name":"Golden Idol","player_choice":"Lose Max HP","floor":11.0,"gold_loss":0.0,"damage_taken":0.0,"relics_obtained":["Golden Idol"]},{"damage_healed":0.0,"max_hp_gain":0.0,"max_hp_loss":0.0,"gold_gain":0.0,"event_name":"Mushrooms","player_choice":"Fought Mushrooms","floor":14.0,"gold_loss":0.0,"damage_taken":0.0},{"damage_healed":0.0,"max_hp_gain":0.0,"max_hp_loss":21.0,"gold_gain":0.0,"event_name":"Vampires","player_choice":"Became a vampire","floor":22.0,"gold_loss":0.0,"damage_taken":0.0,"cards_obtained":["Bite","Bite","Bite","Bite","Bite"]},{"damage_healed":0.0,"max_hp_gain":0.0,"max_hp_loss":0.0,"gold_gain":0.0,"event_name":"Back to Basics","player_choice":"Simplicity","floor":29.0,"gold_loss":0.0,"damage_taken":0.0,"cards_upgraded":["Defend_R","Defend_R","Defend_R","Defend_R"]},{"damage_healed":0.0,"max_hp_gain":0.0,"max_hp_loss":0.0,"gold_gain":0.0,"event_name":"Tomb of Lord Red Mask","player_choice":"Ignored","floor":36.0,"gold_loss":0.0,"damage_taken":0.0},{"cards_removed":["Defend_R"],"damage_healed":0.0,"max_hp_gain":0.0,"max_hp_loss":0.0,"gold_gain":0.0,"event_name":"Falling","player_choice":"Removed Skill","floor":39.0,"gold_loss":0.0,"damage_taken":0.0},{"damage_healed":0.0,"max_hp_gain":0.0,"max_hp_loss":0.0,"gold_gain":0.0,"event_name":"WeMeetAgain","player_choice":"Paid Gold","floor":44.0,"gold_loss":54.0,"damage_taken":0.0,"relics_obtained":["Paper Frog"]},{"damage_healed":0.0,"max_hp_gain":0.0,"max_hp_loss":0.0,"gold_gain":333.0,"event_name":"The Moai Head","player_choice":"Gave Idol","floor":45.0,"relics_lost":["Golden Idol"],"gold_loss":0.0,"damage_taken":0.0},{"damage_healed":0.0,"max_hp_gain":0.0,"max_hp_loss":0.0,"gold_gain":0.0,"event_name":"MindBloom","player_choice":"Fight","floor":46.0,"gold_loss":0.0,"damage_taken":0.0},{"damage_healed":0.0,"max_hp_gain":0.0,"max_hp_loss":0.0,"gold_gain":0.0,"event_name":"Mysterious Sphere","player_choice":"Fight","floor":48.0,"gold_loss":0.0,"damage_taken":0.0}],"is_beta":false,"boss_relics":[{"not_picked":["Cursed Key","Runic Dome"],"picked":"Coffee Dripper"},{"not_picked":["Pandora\u0027s Box","Sozu"],"picked":"Runic Cube"}],"items_purged_floors":[20,27],"is_endless":false,"potions_floor_spawned":[3,7,12,13,18,19,28,33,38,46],"ascension_level":17}}