{"host":"t7mx8yfj1no5p62f","time":1611598349,"event":{"mods":["BaseMod","Bestiary","Colored Map","Colored Powertips","Minty Spire (QoL Compilation)","Relic Stats","StSLib","ojb\u0027s Info Mod"],"gold_per_floor":[114,133,152,172,20,20,36,36,59,87,103,116,147,158,158,232,232,247,31,46,46,59,59,9,9,64,64,74,74,74],"floor_reached":29,"language":"ENG","playtime":866,"items_purged":["Strike_R","Strike_R","Strike_R"],"score":478,"play_id":"98e0c6ee-1639-4552-9a37-11d18785d06b","local_time":"20210125131229","is_ascension_mode":true,"campfire_choices":[{"data":"Hemokinesis","floor":6,"key":"SMITH"},{"data":"Clothesline","floor":8,"key":"SMITH"},{"data":"Immolate","floor":15,"key":"SMITH"},{"floor":23,"key":"REST"}],"circlet_count":0,"master_deck":["AscendersBane","Strike_R+1","Defend_R","Defend_R","Defend_R","Bash","Master of Strategy","Hemokinesis+1","Anger+1","Clothesline+1","Combust","Evolve","Immolate+1","Shockwave","Ghostly Armor","Impervious","Armaments","Barricade","Brutality","Blood for Blood","RitualDagger"],"relics":["Burning Blood","Bag of Marbles","Smiling Mask","Whetstone","Fusion Hammer"],"acts_visited":["Exordium","TheCity"],"potions_floor_usage":[16,22,29],"damage_taken":[{"damage":7,"enemies":"Cultist","floor":1,"turns":4},{"damage":3,"enemies":"Small Slimes","floor":2,"turns":4},{"damage":2,"enemies":"2 Louse","floor":3,"turns":2},{"damage":5,"enemies":"Looter","floor":4,"turns":3},{"damage":15,"enemies":"Large Slime","floor":7,"turns":3},{"damage":10,"enemies":"Gremlin Nob","floor":10,"turns":3},{"damage":2,"enemies":"2 Fungi Beasts","floor":11,"turns":2},{"damage":3,"enemies":"Looter","floor":12,"turns":4},{"damage":18,"enemies":"3 Sentries","floor":13,"turns":4},{"damage":8,"enemies":"Blue Slaver","floor":14,"turns":3},{"damage":44,"enemies":"Slime Boss","floor":16,"turns":6},{"damage":20,"enemies":"3 Byrds","floor":18,"turns":3},{"damage":23,"enemies":"Shell Parasite","floor":20,"turns":4},{"damage":1,"enemies":"Cultist and Chosen","floor":22,"turns":2},{"damage":24,"enemies":"3 Cultists","floor":28,"turns":5},{"damage":32,"enemies":"Gremlin Leader","floor":29,"turns":5}],"seed_played":"9041535342361327756","potions_obtained":[{"floor":2,"key":"FearPotion"},{"floor":3,"key":"Explosive Potion"},{"floor":12,"key":"SteroidPotion"},{"floor":14,"key":"AttackPotion"},{"floor":18,"key":"LiquidMemories"}],"is_trial":false,"path_per_floor":["M","M","M","M","$","R","M","R","T","E","M","M","E","M","R","B",null,"M","$","M","?","M","R","$","?","T","?","M","E"],"character_chosen":"IRONCLAD","items_purchased":["Evolve","Barricade"],"campfire_rested":1,"item_purchase_floors":[5,19],"current_hp_per_floor":[67,68,68,68,68,68,59,59,59,55,59,62,50,48,48,10,54,40,40,23,23,28,48,48,42,42,42,24,0,0],"gold":74,"neow_bonus":"RANDOM_COLORLESS_2","is_daily":false,"chose_seed":false,"campfire_upgraded":3,"win_rate":0.0,"timestamp":1611598349,"path_taken":["M","?","M","M","?","R","M","R","T","E","?","M","E","M","R","BOSS","M","$","M","?","M","R","?","?","T","?","M","E"],"items_purchased_type":["Card","Card"],"build_version":"2020-12-22","purchased_purges":3,"victory":false,"max_hp_per_floor":[68,68,68,68,68,68,68,68,68,68,68,68,68,68,68,68,68,68,68,68,68,68,68,68,68,68,68,68,68,68],"relic_stats":{"counters":[16,57],"Whetstone":["Strike_R","Anger"],"Smiling Mask":125,"obtain_stats":[{"Fusion Hammer":17,"Bag of Marbles":9,"Whetstone":13,"Smiling Mask":10,"Burning Blood":0},{"Fusion Hammer":11,"Bag of Marbles":5,"Whetstone":9,"Smiling Mask":6,"Burning Blood":0},{"Fusion Hammer":38,"Bag of Marbles":16,"Whetstone":29,"Smiling Mask":19,"Burning Blood":0}],"Burning Blood":83},"card_choices":[{"not_picked":["Secret Weapon","Panache"],"picked":"Master of Strategy","floor":0},{"not_picked":["Body Slam","Thunderclap"],"picked":"Hemokinesis","floor":1},{"not_picked":["Heavy Blade","Clash"],"picked":"Anger","floor":2},{"not_picked":["Metallicize","Perfected Strike"],"picked":"Clothesline","floor":3},{"not_picked":["Twin Strike","True Grit"],"picked":"Combust","floor":4},{"not_picked":["Searing Blow","Cleave","Reckless Charge"],"picked":"SKIP","floor":7},{"not_picked":["Uppercut","Second Wind"],"picked":"Immolate","floor":10},{"not_picked":["Flex","Sever Soul"],"picked":"Shockwave","floor":11},{"not_picked":["Wild Strike","Metallicize","Headbutt"],"picked":"SKIP","floor":12},{"not_picked":["Fire Breathing","Twin Strike"],"picked":"Ghostly Armor","floor":13},{"not_picked":["Headbutt","Uppercut","Rampage"],"picked":"SKIP","floor":14},{"not_picked":["Limit Break","Double Tap"],"picked":"Impervious","floor":16},{"not_picked":["Clothesline","Thunderclap"],"picked":"Armaments","floor":18},{"not_picked":["Clothesline+1","Flex"],"picked":"Brutality","floor":20},{"not_picked":["Wild Strike+1","Intimidate"],"picked":"Blood for Blood","floor":22},{"not_picked":["Bloodletting","Sever Soul","Rampage"],"picked":"SKIP","floor":28}],"player_experience":1857189,"relics_obtained":[{"floor":9,"key":"Bag of Marbles"},{"floor":10,"key":"Smiling Mask"},{"floor":13,"key":"Whetstone"}],"event_choices":[{"cards_removed":["Strike_R"],"damage_healed":0,"gold_gain":0,"player_choice":"Card Removal","damage_taken":0,"max_hp_gain":0,"max_hp_loss":0,"event_name":"Wheel of Change","floor":21,"gold_loss":0},{"damage_healed":0,"gold_gain":0,"player_choice":"Joined the Cult","damage_taken":6,"max_hp_gain":0,"max_hp_loss":0,"event_name":"Nest","floor":25,"gold_loss":0,"cards_obtained":["RitualDagger"]},{"cards_removed":["Defend_R"],"damage_healed":0,"gold_gain":0,"player_choice":"Purged","damage_taken":0,"max_hp_gain":0,"max_hp_loss":0,"event_name":"Purifier","floor":27,"gold_loss":0}],"is_beta":false,"boss_relics":[{"not_picked":["Astrolabe","Black Star"],"picked":"Fusion Hammer"}],"items_purged_floors":[5,19,24],"is_endless":false,"potions_floor_spawned":[2,3,12,14,18],"killed_by":"Gremlin Leader","ascension_level":20}}