{"host":"dr2a9yz4ivtcgi18","time":1611573429,"event":{"mods":["100% Spire Juice","Act Like it!","Arknights The Spire","BaseMod","Better Vampires","BetterRewards","CapriCore","Conspire","Gensokyo","Minty Spire (QoL Compilation)","Replay The Spire","Robot Space Explorer","RumiaBox-露米娅的神秘盒子","Spicy Shops","StSLib","The Alterego","The Blackbeard","The Disciple","The Dragon Tamer","The Hierophant","The Immortal","The Marked","WarShipGirlsR/战舰少女R mod","Yakumo Yukari mod","[GremlinLeader]The Maniac","【功能Mod】混沌之环修复补丁"],"gold_per_floor":[118,135,154,168,168,193,193,210,113,156,176,176,192,226,226,328,328,340,340,354,148,128,153,164,183,183,183,194,56,56,56,56,152,152,170,170,82,130,130,130,147,147,147,181,181,215,215,230,230,230,230,230,59,92,92],"floor_reached":56,"language":"ZHS","playtime":3306,"items_purged":["Moonworks:Strike","Moonworks:Strike","Moonworks:Strike","Moonworks:Defend","Delirium","Gensokyo:AllTheWorldsEvil"],"score":1180,"play_id":"ee5dd57c-3924-44f1-82ea-132c642cd543","local_time":"20210125191709","is_ascension_mode":false,"campfire_choices":[{"data":"Moonworks:Ambush","floor":7.0,"key":"SMITH"},{"data":"Moonworks:RagingMadness","floor":15.0,"key":"SMITH"},{"data":"Moonworks:UnpaidWork","floor":27,"key":"SMITH"},{"data":"Moonworks:MetallicMonocoque","floor":32,"key":"SMITH"},{"data":"Moonworks:MetallicMonocoque","floor":40,"key":"SMITH"},{"data":"Moonworks:MetallicMonocoque","floor":40,"key":"SMITH"},{"data":"Moonworks:CrystalBarrier","floor":45,"key":"SMITH"},{"data":"Moonworks:WeAreWaruda","floor":45,"key":"SMITH"},{"floor":47,"key":"RECALL"},{"data":"Moonworks:MetallicMonocoque","floor":49,"key":"SMITH"},{"data":"Moonworks:OutOfAmmo","floor":49,"key":"SMITH"},{"data":"Moonworks:BackdoorTrade","floor":52,"key":"SMITH"},{"data":"Moonworks:BindingChains","floor":52,"key":"SMITH"}],"circlet_count":1,"master_deck":["Moonworks:Defend+1","Moonworks:Defend+1","Moonworks:Ambush+1","Moonworks:LongDistanceShot","Moonworks:RagingMadness+1","Moonworks:x16BigRocket","Moonworks:SakisCookie","Moonworks:Poppoformation","Moonworks:LuckyCharm","Moonworks:BindingChains","Moonworks:BindingChains+1","Moonworks:Dash","Moonworks:OutOfAmmo+1","Moonworks:NicePresent","Moonworks:BackdoorTrade+1","Moonworks:RocketCannon","Moonworks:MetallicMonocoque+1","Moonworks:UnpaidWork+1","Moonworks:WeAreWaruda+1","Moonworks:MetallicMonocoque+1","Moonworks:MetallicMonocoque+1","Clumsy","Moonworks:FullSpeedAlicianrone+1","Moonworks:NicePresent+1","Moonworks:CrystalBarrier+1","Moonworks:MetallicMonocoque+1","Moonworks:ScrambledEve"],"relics":["Moonworks:BrokenBomb","Moonworks:Homemark","Replay:Ringing Soul","GodSword1","Membership Card","Bag of Preparation","MagicDraw1","Replay:Rubber Ducky","Quantum Egg","Nunchaku","EasyGame_NEW","Anchor","Medical Kit","Replay:Mystery Machine","Replay:Ancient Bell","Juzu Bracelet","Mummified Hand","Replay:Arrowhead","Circlet","White Beast Statue","Replay:Bottled Eggs","Pen Nib","Akabeko","BargainBundle","ReplayTheSpireMod:TigerMarble","Boot"],"acts_visited":["Exordium","TheCity","TheBeyond","TheEnding"],"potions_floor_usage":[55,55],"damage_taken":[{"damage":3.0,"enemies":"Jaw Worm","floor":1.0,"turns":3.0},{"damage":0.0,"enemies":"conspire:RoseBush","floor":2.0,"turns":3.0},{"damage":0.0,"enemies":"2 Louse","floor":3.0,"turns":2.0},{"damage":6.0,"enemies":"Large Slime","floor":4.0,"turns":5.0},{"damage":5.0,"enemies":"Lagavulin","floor":6.0,"turns":6.0},{"damage":0.0,"enemies":"Red Slaver","floor":8.0,"turns":3.0},{"damage":6.0,"enemies":"Blue Slaver","floor":11.0,"turns":3.0},{"damage":0.0,"enemies":"3 Louse","floor":13.0,"turns":2.0},{"damage":0.0,"enemies":"Replay:BlueRogue","floor":14.0,"turns":4.0},{"damage":11.0,"enemies":"Hexaghost","floor":16.0,"turns":9.0},{"damage":1,"enemies":"Shell Parasite","floor":18,"turns":2},{"damage":0,"enemies":"Spheric Guardian","floor":20,"turns":3},{"damage":0,"enemies":"Book of Stabbing","floor":23,"turns":4},{"damage":0,"enemies":"Snake Plant","floor":24,"turns":3},{"damage":6,"enemies":"Snecko","floor":25,"turns":4},{"damage":11,"enemies":"Cultist and Chosen","floor":28,"turns":5},{"damage":2,"enemies":"conspire:MysteriousRune","floor":33,"turns":6},{"damage":9,"enemies":"3 Darklings","floor":35,"turns":4},{"damage":0,"enemies":"2 Orb Walkers","floor":38,"turns":4},{"damage":0,"enemies":"3 Shapes","floor":41,"turns":4},{"damage":0,"enemies":"R_Hoarder","floor":44,"turns":8},{"damage":0,"enemies":"conspire:MimicChest","floor":46,"turns":4},{"damage":0,"enemies":"Transient","floor":48,"turns":5},{"damage":9,"enemies":"Replay:Hell Engine","floor":50,"turns":5},{"damage":2,"enemies":"Shield and Spear","floor":54,"turns":5},{"damage":27,"enemies":"The Heart","floor":55,"turns":6}],"seed_played":"-459016668336036038","potions_obtained":[{"floor":2.0,"key":"Fire Potion"},{"floor":4.0,"key":"Fire Potion"},{"floor":8.0,"key":"LifebloodPotion"},{"floor":16.0,"key":"Energy Potion"},{"floor":18,"key":"DuplicationPotion"},{"floor":20,"key":"CultistPotion"}],"is_trial":false,"path_per_floor":["M","M","M","M","?","E","R","M","T","?","M","?","M","E","R","B",null,"M","?","M","$","?","E","M","M","T","R","M","$","?","?","R","B",null,"M","?","$","?","T","R","M","?","T","E","R","?","R","M","R","B",null,"R","$","E","B",null],"character_chosen":"THE_STARBREAKER","items_purchased":["Replay:Ringing Soul","GodSword1","Moonworks:RagingMadness","Membership Card","Bag of Preparation","Moonworks:x16BigRocket","Medical Kit","BargainBundle","ReplayTheSpireMod:TigerMarble"],"campfire_rested":0,"item_purchase_floors":[0,0,0,0,0,0,21,53,53],"current_hp_per_floor":[36,39,42,39,42,40,40,45,45,27,26,29,29,31,31,23,96,95,86,86,86,86,86,91,88,88,88,79,79,79,82,82,85,111,105,105,105,108,108,108,111,111,111,111,111,114,114,116,116,109,123,123,123,124,99],"gold":92,"neow_bonus":"","is_daily":false,"chose_seed":false,"campfire_upgraded":12,"win_rate":0.0,"timestamp":1611573429,"path_taken":["M","M","M","M","?","E","R","M","T","?","M","?","?","E","R","BOSS","M","?","M","$","?","E","M","?","T","R","M","?","?","?","R","BOSS","M","?","$","?","?","R","M","?","T","E","R","?","R","M","R","BOSS","R","$","E","BOSS"],"items_purchased_type":["Relic","Relic","Card","Relic","Relic","Card","Relic","Relic","Relic"],"build_version":"2020-12-22","purchased_purges":6,"victory":true,"max_hp_per_floor":[66,69,72,75,78,81,81,84,84,87,90,93,93,93,93,96,96,96,96,96,96,96,96,99,102,102,102,102,102,102,105,105,108,111,114,114,114,117,117,117,120,120,120,120,120,123,123,123,123,123,123,123,123,126,126],"card_choices":[{"not_picked":["Moonworks:IndiscriminateFireSupport","Moonworks:BigMagnum"],"picked":"Moonworks:SakisCookie","floor":1.0},{"not_picked":["Moonworks:SakisCookie","Moonworks:JonathanRush"],"picked":"Moonworks:Poppoformation","floor":2.0},{"not_picked":["Moonworks:ImOnFire","Moonworks:EvilSpyWorkPreparation"],"picked":"Moonworks:LuckyCharm","floor":3.0},{"not_picked":["Moonworks:IndiscriminateFireSupport","Moonworks:EvilSpyWorkPreparation"],"picked":"Moonworks:BindingChains","floor":4.0},{"not_picked":["Moonworks:ReproductionOfRecords","Moonworks:RedAndBlue"],"picked":"Moonworks:Dash","floor":6.0},{"not_picked":["Moonworks:NicePresent","Moonworks:EvilSpyWorkPreparation"],"picked":"Moonworks:OutOfAmmo","floor":8.0},{"not_picked":["Moonworks:Heat300Percent","Moonworks:IndiscriminateFireSupport"],"picked":"Moonworks:NicePresent","floor":10.0},{"not_picked":["Moonworks:TacticalRetreat","Moonworks:LulusLuckyEgg"],"picked":"Moonworks:BackdoorTrade","floor":11.0},{"not_picked":["Moonworks:CompletionReward","Moonworks:NicePresent","Moonworks:DeployBits"],"picked":"SKIP","floor":13.0},{"not_picked":["Moonworks:LulusLuckyEgg","Moonworks:RagingMadness","Moonworks:IndiscriminateFireSupport"],"picked":"SKIP","floor":14.0},{"not_picked":["Moonworks:AnotherUltimateWeapon","Moonworks:StarBlastingFuse"],"picked":"Moonworks:MetallicMonocoque","floor":16.0},{"not_picked":["Moonworks:ImOnFire","Moonworks:EvilSpyWorkPreparation","Moonworks:DeployBits"],"picked":"SKIP","floor":18},{"not_picked":["Moonworks:MixPhenomenon","Moonworks:NicePresent","Moonworks:JonathanRush"],"picked":"SKIP","floor":20},{"not_picked":["Moonworks:IndiscriminateFireSupport","Moonworks:LulusLuckyEgg","Moonworks:ImOnFire"],"picked":"SKIP","floor":23},{"not_picked":["Moonworks:CloudOfSeagulls+1","Moonworks:BigMagnum"],"picked":"Moonworks:UnpaidWork","floor":24},{"not_picked":["Moonworks:ImmovableObject","Moonworks:BigMagnum"],"picked":"Moonworks:WeAreWaruda","floor":25},{"not_picked":["Moonworks:IndiscriminateFireSupport+1","Moonworks:LulusLuckyEgg+1","Moonworks:NicePresent"],"picked":"SKIP","floor":28},{"not_picked":["Moonworks:OutOfAmmo","Moonworks:FinalBattle"],"picked":"Moonworks:MetallicMonocoque","floor":33},{"not_picked":["Gensokyo:ImpossibleRequest","ReplayTheSpireMod:Faulty Equipment"],"picked":"Gensokyo:AllTheWorldsEvil","floor":34},{"not_picked":["Shame","Normality"],"picked":"Delirium","floor":34},{"not_picked":["ReplayTheSpireMod:IOU","CommonCold"],"picked":"Clumsy","floor":34},{"not_picked":["Moonworks:Assault+1","Moonworks:ForcedRevival"],"picked":"Moonworks:FullSpeedAlicianrone+1","floor":35},{"not_picked":["Moonworks:FinalSurgery","Moonworks:DeployBits+1"],"picked":"Moonworks:NicePresent+1","floor":38},{"not_picked":["Moonworks:JonathanRush","Moonworks:SakisCookie+1"],"picked":"Moonworks:CrystalBarrier","floor":41},{"not_picked":["Moonworks:SakisCookie","Moonworks:x16BigRocket","Moonworks:DeployBits"],"picked":"SKIP","floor":44},{"not_picked":["Moonworks:NicePresent+1","Moonworks:LuckyCharm"],"picked":"Moonworks:MetallicMonocoque","floor":46},{"not_picked":["Moonworks:DeployBits+1","Moonworks:IndiscriminateFireSupport","Moonworks:LulusLuckyEgg"],"picked":"SKIP","floor":48},{"not_picked":["Moonworks:CookingTime","Moonworks:SakisCookie"],"picked":"Moonworks:ScrambledEve","floor":54}],"player_experience":438750,"relics_obtained":[{"floor":6.0,"key":"MagicDraw1"},{"floor":9.0,"key":"Replay:Rubber Ducky"},{"floor":10.0,"key":"Quantum Egg"},{"floor":14.0,"key":"Nunchaku"},{"floor":23,"key":"Replay:Mystery Machine"},{"floor":38,"key":"Circlet"},{"floor":39,"key":"White Beast Statue"},{"floor":43,"key":"Replay:Bottled Eggs"},{"floor":44,"key":"Pen Nib"},{"floor":46,"key":"Akabeko"},{"floor":54,"key":"Boot"}],"event_choices":[{"damage_healed":0.0,"max_hp_gain":0.0,"max_hp_loss":0.0,"gold_gain":0.0,"cards_transformed":["Moonworks:Strike"],"event_name":"Living Wall","player_choice":"Change","floor":5.0,"gold_loss":0.0,"damage_taken":0.0,"cards_obtained":["Moonworks:BindingChains"]},{"damage_healed":0.0,"max_hp_gain":0.0,"max_hp_loss":0.0,"gold_gain":0.0,"event_name":"Match and Keep!","player_choice":"1 cards matched","floor":12.0,"gold_loss":0.0,"damage_taken":0.0,"cards_obtained":["Moonworks:RocketCannon"]},{"damage_healed":0,"gold_gain":0,"player_choice":"Anchor","damage_taken":0,"relics_obtained":["Anchor"],"max_hp_gain":0,"max_hp_loss":0,"event_name":"blackbeard:ShipwreckEvent","floor":19,"gold_loss":0},{"damage_healed":0,"gold_gain":0,"player_choice":"Bought 1 Potion","damage_taken":0,"max_hp_gain":0,"max_hp_loss":0,"event_name":"The Woman in Blue","floor":22,"gold_loss":0},{"cards_removed":["Moonworks:Defend"],"damage_healed":0,"gold_gain":0,"player_choice":"Elegance","damage_taken":0,"max_hp_gain":0,"max_hp_loss":0,"event_name":"Back to Basics","floor":30,"gold_loss":0},{"damage_healed":0,"gold_gain":0,"player_choice":"Copied","damage_taken":0,"max_hp_gain":0,"max_hp_loss":0,"event_name":"Duplicator","floor":31,"gold_loss":0,"cards_obtained":["Moonworks:MetallicMonocoque"]},{"damage_healed":0,"gold_gain":0,"player_choice":"Ignored","damage_taken":0,"max_hp_gain":0,"max_hp_loss":0,"event_name":"Tomb of Lord Red Mask","floor":36,"gold_loss":0},{"damage_healed":0,"gold_gain":0,"player_choice":"Fight","damage_taken":0,"max_hp_gain":0,"max_hp_loss":0,"event_name":"Mysterious Sphere","floor":38,"gold_loss":0},{"damage_healed":0,"gold_gain":0,"player_choice":"Leave","damage_taken":0,"max_hp_gain":0,"max_hp_loss":0,"event_name":"conspire:Investor","floor":42,"gold_loss":0}],"is_beta":false,"boss_relics":[{"not_picked":["conspire:SeveredTorchhead","Ectoplasm"],"picked":"EasyGame_NEW"},{"not_picked":["Replay:Drink Me","Moonworks:SBBomb"],"picked":"Replay:Ancient Bell"},{"not_picked":["Ccalipers","ReplayFunnel"],"picked":"Juzu Bracelet"},{"not_picked":["Replay:Bottled Flurry","GodSword7"],"picked":"Mummified Hand"},{"not_picked":["Circlet","Dead Branch"],"picked":"Replay:Arrowhead"}],"items_purged_floors":[0,21,29,29,37,53],"is_endless":false,"potions_floor_spawned":[2,4,8,13,16,18,20,28,35,41,44,46,48,54],"ascension_level":0}}