{"host":"6l14a1yoo52x3x71","time":1611576586,"event":{"mods":["2.2 Compatiblity","AchievementEnabler","Act Like it!","BaseMod","Better Third Choice","Colored Map","Googly Eyes","Lobotomy","Minty Spire (QoL Compilation)","Permanent Neow","Quick Restart","StSLib"],"gold_per_floor":[117,135,146,146,166,166,166,166],"floor_reached":7,"language":"ENG","playtime":658,"items_purged":[],"score":43,"play_id":"3fa73a9c-10d4-4d3f-952a-b28939654a6d","local_time":"20210125140946","is_ascension_mode":false,"campfire_choices":[{"floor":6,"key":"REST"}],"circlet_count":0,"master_deck":["Strike_P","Strike_P","Strike_P","Strike_P","Defend_P","Defend_P","Defend_P","Defend_P","Eruption","Vigilance","GalaxyChild","JustLucky","ShyLook","SandsOfTime","SpiderBud","Vengeance","CherryBlossoms","SashWhip"],"relics":["PureWater","CogitoBucket","Golden Idol"],"acts_visited":["Exordium"],"potions_floor_usage":[],"damage_taken":[{"damage":0,"enemies":"2 Louse","floor":1,"turns":2},{"damage":0,"enemies":"Small Slimes","floor":2,"turns":4},{"damage":4,"enemies":"Cultist","floor":3,"turns":4},{"damage":16,"enemies":"Looter","floor":5,"turns":3},{"damage":93,"enemies":"Gremlin Nob","floor":7,"turns":4}],"seed_played":"9094873431957186977","potions_obtained":[],"is_trial":false,"path_per_floor":["M","M","M","?","M","R","E"],"character_chosen":"WATCHER","items_purchased":[],"campfire_rested":1,"item_purchase_floors":[],"current_hp_per_floor":[72,72,68,50,34,55,0,0],"gold":166,"neow_bonus":"","is_daily":false,"chose_seed":false,"campfire_upgraded":0,"win_rate":0.0,"timestamp":1611576586,"path_taken":["M","M","M","?","M","R","E"],"items_purchased_type":[],"build_version":"2020-12-22","purchased_purges":0,"victory":false,"max_hp_per_floor":[72,72,72,72,72,72,72,72],"card_choices":[{"not_picked":["OldLady","SnowQueen"],"picked":"GalaxyChild","floor":1},{"not_picked":["Crescendo","WaveOfTheHand"],"picked":"JustLucky","floor":1},{"not_picked":["Wellcheers","UniverseFragment"],"picked":"ShyLook","floor":2},{"not_picked":["BattleHymn","Meditate"],"picked":"SandsOfTime","floor":2},{"not_picked":["PunishingBird","VoidDream","Wellcheers"],"picked":"Singing Bowl","floor":3},{"not_picked":["Bloodbath","BeautyBeast"],"picked":"SpiderBud","floor":3},{"not_picked":["Perseverance","Meditate"],"picked":"Vengeance","floor":3},{"not_picked":["Bloodbath","CrumblingArmor"],"picked":"CherryBlossoms","floor":5},{"not_picked":["BowlingBash","Swivel"],"picked":"SashWhip","floor":5}],"player_experience":138562,"relics_obtained":[],"event_choices":[{"damage_healed":0,"gold_gain":0,"player_choice":"Take Damage","damage_taken":18,"relics_obtained":["Golden Idol"],"max_hp_gain":0,"max_hp_loss":0,"event_name":"Golden Idol","floor":4,"gold_loss":0}],"is_beta":false,"boss_relics":[],"items_purged_floors":[],"is_endless":false,"potions_floor_spawned":[],"killed_by":"Gremlin Nob","ascension_level":0}}