{"host":"15ff3ltgpietarej","time":1611562039,"event":{"mods":["BaseMod","Bestiary","Downfall","Highlight Path","Minty Spire (QoL Compilation)","Relic Stats","StSLib"],"gold_per_floor":[99,99,99,99,549,575,575,594,609,609,621,621,635,655,671,671,671,671],"floor_reached":16,"language":"ENG","playtime":555,"items_purged":[],"score":133,"play_id":"af4a9fef-91f4-4180-b925-48c41af655a3","local_time":"20210125090719","is_ascension_mode":true,"campfire_choices":[{"data":"bronze:Replicate","floor":1,"key":"SMITH"},{"data":"bronze:BugBarrage","floor":12,"key":"SMITH"}],"circlet_count":0,"master_deck":["bronze:Strike","bronze:Strike","bronze:Strike","bronze:Strike","bronze:Defend","bronze:Defend","bronze:Defend","bronze:Defend","bronze:Replicate+1","bronze:Goto","bronze:Overload","bronze:Spike","bronze:Explode","bronze:Fortify","Regret","downfall:Icky","downfall:Icky","downfall:Icky","bronze:BugBarrage+1","bronze:Optimize","bronze:Format","bronze:DigitalCarnage"],"relics":["bronze:BronzeCore","downfall:HeartsMalice","Letter Opener","Mango","Shuriken"],"acts_visited":["Exordium"],"potions_floor_usage":[11,16],"damage_taken":[{"damage":0,"enemies":"Jaw Worm","floor":2,"turns":1},{"damage":0,"enemies":"Jaw Worm","floor":3,"turns":1},{"damage":0,"enemies":"Lagavulin","floor":6,"turns":1},{"damage":6,"enemies":"2 Louse","floor":8,"turns":3},{"damage":0,"enemies":"Cultist","floor":9,"turns":2},{"damage":11,"enemies":"2 Fungi Beasts","floor":11,"turns":3},{"damage":10,"enemies":"3 Louse","floor":13,"turns":4},{"damage":9,"enemies":"Blue Slaver","floor":14,"turns":3},{"damage":13,"enemies":"Red Slaver","floor":15,"turns":2},{"damage":0,"enemies":"IC_STATUS_ARCHETYPE","floor":16,"turns":2}],"seed_played":"-1328349864033245663","potions_obtained":[{"floor":6,"key":"SkillPotion"},{"floor":9,"key":"GamblersBrew"},{"floor":11,"key":"Block Potion"},{"floor":15,"key":"Weak Potion"}],"is_trial":false,"path_per_floor":["R","M","?","?","?","E","T","M","M","?","M","R","M","M","M","B"],"character_chosen":"THE_AUTOMATON","items_purchased":[],"campfire_rested":0,"item_purchase_floors":[],"current_hp_per_floor":[70,70,70,70,70,84,84,78,78,78,67,67,57,48,35,35,35,35],"gold":671,"neow_bonus":"THREE_ENEMY_KILL","is_daily":false,"chose_seed":false,"campfire_upgraded":2,"win_rate":0.0,"timestamp":1611562039,"path_taken":["R","M","?","?","?","E","T","?","M","?","M","R","M","M","M","BOSS"],"items_purchased_type":[],"build_version":"2020-12-22","purchased_purges":0,"victory":false,"max_hp_per_floor":[70,70,70,70,70,84,84,84,84,84,84,84,84,84,84,84,84,84],"relic_stats":{"counters":[10,19],"Shuriken":[4],"Letter Opener":[7],"obtain_stats":[{"bronze:BronzeCore":0,"Shuriken":7,"downfall:HeartsMalice":0,"Mango":6,"Letter Opener":4},{"bronze:BronzeCore":0,"Shuriken":3,"downfall:HeartsMalice":0,"Mango":3,"Letter Opener":2},{"bronze:BronzeCore":0,"Shuriken":0,"downfall:HeartsMalice":0,"Mango":0,"Letter Opener":0}]},"card_choices":[{"not_picked":["bronze:GetLatest","bronze:Turbo"],"picked":"bronze:Overload","floor":2},{"not_picked":[],"picked":"bronze:Spike","floor":3},{"not_picked":[],"picked":"bronze:Explode","floor":3},{"not_picked":["bronze:BitShift","bronze:ForceShield"],"picked":"bronze:Fortify","floor":3},{"not_picked":["bronze:Allocate","bronze:BitShift"],"picked":"bronze:BugBarrage","floor":6},{"not_picked":["bronze:Safeguard","bronze:ThunderWave"],"picked":"bronze:Optimize","floor":8},{"not_picked":["bronze:Deprecate","bronze:Branch","bronze:Overload"],"picked":"SKIP","floor":9},{"not_picked":["bronze:Branch","bronze:Separator","bronze:Frontload"],"picked":"SKIP","floor":11},{"not_picked":["bronze:DelayedGuard","bronze:Frontload"],"picked":"bronze:DigitalCarnage","floor":13},{"not_picked":["bronze:DelayedGuard","bronze:Constructor","bronze:CloningBeam"],"picked":"SKIP","floor":14},{"not_picked":["bronze:Invalidate","bronze:DelayedGuard","bronze:Turbo"],"picked":"SKIP","floor":15}],"player_experience":440192,"relics_obtained":[{"floor":6,"key":"Mango"},{"floor":7,"key":"Shuriken"}],"event_choices":[{"damage_healed":0,"gold_gain":0,"player_choice":"Box","damage_taken":0,"relics_obtained":["Letter Opener"],"max_hp_gain":0,"max_hp_loss":0,"event_name":"Big Fish","floor":4,"gold_loss":0,"cards_obtained":["Regret"]}],"is_beta":false,"boss_relics":[],"items_purged_floors":[],"is_endless":false,"potions_floor_spawned":[6,9,11,15],"killed_by":"IC_STATUS_ARCHETYPE","ascension_level":1}}