{"host":"r4aerl4ckfvw1dw3","time":1611613319,"event":{"mods":["BaseMod","BetterRewards","Minty Spire (QoL Compilation)","Quick Restart","StSLib"],"gold_per_floor":[110,129,144,22,22,47,47,57,138,151,185,185,211,211,211,306,306,323,234,248,267,267,267,281,281,281],"floor_reached":25,"language":"ENG","playtime":1256,"items_purged":[],"score":234,"play_id":"265c09a5-fa60-4c47-acc4-42c9f4f06640","local_time":"20210125142159","is_ascension_mode":true,"campfire_choices":[{"floor":7,"key":"RECALL"},{"floor":15,"key":"REST"},{"data":"After Image","floor":23,"key":"SMITH"}],"circlet_count":0,"master_deck":["Strike_G","Strike_G","Strike_G","Strike_G","Strike_G","Defend_G","Defend_G","Defend_G","Defend_G","Defend_G","Survivor","Neutralize","Sucker Punch","Backstab","Cloak And Dagger","Infinite Blades+1","Poisoned Stab","Poisoned Stab","Sucker Punch","Masterful Stab","Choke","Footwork","After Image+1","Deflect+1","Accuracy","Flying Knee","Accuracy","Blade Dance","All Out Attack+1"],"relics":["Ring of the Snake","NeowsBlessing","FossilizedHelix","Pear","Toy Ornithopter","StoneCalendar","Toxic Egg 2"],"acts_visited":["Exordium","TheCity"],"potions_floor_usage":[16,25],"damage_taken":[{"damage":0,"enemies":"Cultist","floor":1,"turns":1},{"damage":0,"enemies":"Jaw Worm","floor":2,"turns":1},{"damage":0,"enemies":"2 Louse","floor":3,"turns":1},{"damage":30,"enemies":"Lagavulin","floor":6,"turns":9},{"damage":0,"enemies":"Blue Slaver","floor":8,"turns":2},{"damage":8,"enemies":"Lots of Slimes","floor":10,"turns":4},{"damage":21,"enemies":"Gremlin Nob","floor":11,"turns":4},{"damage":16,"enemies":"3 Sentries","floor":13,"turns":7},{"damage":5,"enemies":"Slime Boss","floor":16,"turns":7},{"damage":0,"enemies":"Chosen","floor":18,"turns":5},{"damage":2,"enemies":"Shell Parasite","floor":20,"turns":5},{"damage":4,"enemies":"3 Cultists","floor":21,"turns":6},{"damage":19,"enemies":"Cultist and Chosen","floor":24,"turns":7},{"damage":66,"enemies":"Gremlin Leader","floor":25,"turns":3}],"seed_played":"-3504576458652064037","potions_obtained":[{"floor":2,"key":"GamblersBrew"},{"floor":8,"key":"SpeedPotion"},{"floor":11,"key":"Dexterity Potion"},{"floor":24,"key":"PowerPotion"}],"is_trial":false,"path_per_floor":["M","M","M","$","?","E","R","M","T","M","E","?","E","?","R","B",null,"M","$","M","M","?","R","M","E"],"character_chosen":"THE_SILENT","items_purchased":["Infinite Blades","Poisoned Stab","Accuracy","Flying Knee"],"campfire_rested":1,"item_purchase_floors":[4,4,19,19],"current_hp_per_floor":[70,70,70,70,70,40,40,40,50,42,21,47,31,31,55,55,80,80,80,78,74,74,74,55,0,0],"gold":281,"neow_bonus":"THREE_ENEMY_KILL","is_daily":false,"chose_seed":false,"campfire_upgraded":1,"win_rate":0.0,"timestamp":1611613319,"path_taken":["M","M","?","?","?","E","R","M","T","?","E","?","E","?","R","BOSS","M","$","M","?","?","R","M","E"],"items_purchased_type":["Card","Card","Card","Card"],"build_version":"2020-12-22","purchased_purges":0,"victory":false,"max_hp_per_floor":[70,70,70,70,70,70,70,70,80,80,80,80,80,80,80,80,80,80,80,80,80,80,80,80,80,80],"card_choices":[{"not_picked":["Prepared","Quick Slash"],"picked":"Sucker Punch","floor":1},{"not_picked":["Deflect","Well Laid Plans"],"picked":"Backstab","floor":2},{"not_picked":["Calculated Gamble","Flying Knee"],"picked":"Cloak And Dagger","floor":3},{"not_picked":["Underhanded Strike","A Thousand Cuts"],"picked":"Poisoned Stab","floor":6},{"not_picked":["Reflex","Riddle With Holes"],"picked":"Sucker Punch","floor":8},{"not_picked":["Underhanded Strike","Endless Agony"],"picked":"Masterful Stab","floor":10},{"not_picked":["Well Laid Plans","All Out Attack"],"picked":"Choke","floor":11},{"not_picked":["Wraith Form v2","Outmaneuver"],"picked":"Footwork","floor":13},{"not_picked":["Phantasmal Killer","Venomology"],"picked":"After Image","floor":16},{"not_picked":["Distraction","Backflip"],"picked":"Deflect+1","floor":18},{"not_picked":["Setup+1","Deflect"],"picked":"Accuracy","floor":20},{"not_picked":["Calculated Gamble+1","Well Laid Plans+1"],"picked":"Blade Dance","floor":21},{"not_picked":["Burst+1","Reflex+1"],"picked":"All Out Attack+1","floor":24}],"player_experience":405434,"relics_obtained":[{"floor":6,"key":"FossilizedHelix"},{"floor":9,"key":"Pear"},{"floor":11,"key":"Toy Ornithopter"},{"floor":13,"key":"StoneCalendar"}],"event_choices":[{"damage_healed":0,"gold_gain":0,"player_choice":"Upgraded","damage_taken":0,"max_hp_gain":0,"max_hp_loss":0,"event_name":"Upgrade Shrine","floor":5,"gold_loss":0,"cards_upgraded":["Infinite Blades"]},{"damage_healed":26,"gold_gain":0,"player_choice":"Banana","damage_taken":0,"max_hp_gain":0,"max_hp_loss":0,"event_name":"Big Fish","floor":12,"gold_loss":0},{"damage_healed":0,"gold_gain":0,"player_choice":"Bought 0 Potions","damage_taken":0,"max_hp_gain":0,"max_hp_loss":0,"event_name":"The Woman in Blue","floor":14,"gold_loss":0},{"damage_healed":0,"gold_gain":0,"player_choice":"Opened","damage_taken":0,"relics_obtained":["Toxic Egg 2"],"max_hp_gain":0,"max_hp_loss":0,"event_name":"The Mausoleum","floor":22,"gold_loss":0}],"is_beta":false,"boss_relics":[{"not_picked":["Astrolabe","Snecko Eye","Velvet Choker"]}],"items_purged_floors":[],"is_endless":false,"potions_floor_spawned":[2,8,11,24],"killed_by":"Gremlin Leader","ascension_level":1}}