{"host":"8s7r99mpv862ws6o","time":1611589261,"event":{"mods":["AchievementEnabler","Act Like it!","BaseMod","Gensokyo","GifTheSpireLib","Koishi","Marisa£®ÏF”Í°°ƒß¿Ì…≥£©","Minty Spire (QoL Compilation)","Quick Restart","Reimu£®≤©¿ˆ¡È√Œ£©","Remilia£®¿Ÿ√◊¿Ú—«£©","StSLib","Youmu£®ªÍ∆«—˝√Œ£©","Yuyuko"],"gold_per_floor":[118,150,165,165,178,215,247,247,247,261,289,1451,1485,732,732,831,831,844,859,879,544,571,605,614,669,688,688,731,731,741,741,845,845,862,875,888,888,888,927,680,695,695,724,743,743,548,568,568,568,568,568,242,286,286],"floor_reached":56,"language":"ZHS","playtime":4374,"items_purged":["Koishi:BasicStrike","Koishi:BasicDefend","Koishi:BasicDefend","Koishi:Provoke","Koishi:JumpScare","Koishi:UnconsciousUprising"],"score":1572,"play_id":"e230b1e0-8efa-4f97-a476-367d49f540a1","local_time":"20210125234101","is_ascension_mode":false,"campfire_choices":[{"data":"Koishi:SprinkleStarAndHeart","floor":8,"key":"SMITH"},{"data":"Koishi:BasicStrike","floor":15,"key":"PURGE"},{"data":"Koishi:BasicDefend","floor":28,"key":"PURGE"},{"data":"Koishi:BasicDefend","floor":30,"key":"PURGE"},{"data":"Koishi:BasicStrike","floor":32,"key":"PURGE"},{"floor":46,"key":"DIG"},{"floor":49,"key":"RECALL"},{"floor":52,"key":"DIG"}],"circlet_count":0,"master_deck":["Koishi:Prune","Koishi:ReflexRadar","Koishi:SprinkleStarAndHeart+1","Koishi:SubconsciousSweep+1","Koishi:LastRemote","Koishi:MassHysteria","Koishi:SubterraneanRose","Koishi:SubconsciousSweep","Finesse","Koishi:ReflexRadar+1","Koishi:FleetingPhantom+1","Night Terror+1","Koishi:Whimsy+1","Koishi:FleetingPhantom+1","Koishi:FreudianInstinct","Secret Technique+1","Koishi:ReleaseOfTheId+1","Koishi:HeartfeltFancy+1","Koishi:IdleWhim+1","Koishi:UnconsciousUprising+1","Koishi:FreudianInstinct","Master of Strategy+1","Koishi:BramblyRoseGarden+1"],"relics":["Koishi:ImaginaryFriend","Oddly Smooth Stone","Koishi:LettersToReimu","Gensokyo:PortableGap","CeramicFish","FossilizedHelix","Eternal Feather","Singing Bowl","Calipers","Tea:ReiMu","Peace Pipe","Membership Card","Darkstone Periapt","Runic Pyramid","Toxic Egg 2","Bag of Preparation","DollysMirror","Gambling Chip","Shovel","Whetstone","Smiling Mask","Philosopher\u0027s Stone","Gensokyo:TheCrow","ScarletDevilRocket","Pen Nib","Koishi:BloodstainedWhiteRose","Art of War","Orrery","Potion Belt","CrazyTorch:ReiMu","Incense Burner","Blue Candle"],"acts_visited":["Exordium","Gensokyo:Gensokyo","Gensokyo:Gensokyoer","TheEnding"],"potions_floor_usage":[13],"damage_taken":[{"damage":11,"enemies":"Gensokyo:Python","floor":1,"turns":4},{"damage":62,"enemies":"Gensokyo:Aya","floor":2,"turns":9},{"damage":21,"enemies":"Gensokyo:Gryphon","floor":3,"turns":4},{"damage":4,"enemies":"Gensokyo:3_Fairies","floor":5,"turns":3},{"damage":28,"enemies":"Gensokyo:Cirno","floor":6,"turns":8},{"damage":8,"enemies":"Gensokyo:Aya","floor":7,"turns":8},{"damage":2,"enemies":"Gensokyo:2_Rabbits","floor":10,"turns":4},{"damage":1,"enemies":"Gensokyo:Gryphon_and_Rabbit","floor":11,"turns":4},{"damage":0,"enemies":"Gensokyo:Mamizou","floor":13,"turns":7},{"damage":33,"enemies":"Gensokyo:Yukari","floor":16,"turns":19},{"damage":0,"enemies":"Gensokyo:AngelMirror","floor":18,"turns":3},{"damage":3,"enemies":"Gensokyo:CosmicMonolith","floor":20,"turns":4},{"damage":26,"enemies":"Gensokyo:Chomper_and_Gloop","floor":21,"turns":6},{"damage":2,"enemies":"Gensokyo:Tenshi","floor":23,"turns":5},{"damage":1,"enemies":"Gensokyo:Koishi","floor":24,"turns":5},{"damage":0,"enemies":"Gensokyo:Wraith","floor":27,"turns":3},{"damage":0,"enemies":"Gensokyo:Reisen","floor":29,"turns":3},{"damage":1,"enemies":"Gensokyo:Slime_Group","floor":31,"turns":3},{"damage":6,"enemies":"Gensokyo:Eiki","floor":33,"turns":7},{"damage":0,"enemies":"Gensokyo:3_Boulders","floor":35,"turns":3},{"damage":0,"enemies":"Gensokyo:3_Bats","floor":36,"turns":2},{"damage":0,"enemies":"Gensokyo:Sharpion","floor":37,"turns":3},{"damage":0,"enemies":"Gensokyo:Marisa","floor":40,"turns":3},{"damage":0,"enemies":"Gensokyo:AtlasGolem","floor":42,"turns":3},{"damage":0,"enemies":"Gensokyo:Kasen","floor":44,"turns":3},{"damage":0,"enemies":"Gensokyo:3_Boulders","floor":45,"turns":2},{"damage":0,"enemies":"Gensokyo:Sharpion","floor":48,"turns":3},{"damage":4,"enemies":"Gensokyo:Yuyuko","floor":50,"turns":4},{"damage":0,"enemies":"Shield and Spear","floor":54,"turns":3},{"damage":7,"enemies":"The Heart","floor":55,"turns":4}],"seed_played":"430656335210507667","potions_obtained":[{"floor":3,"key":"SpeedPotion"},{"floor":6,"key":"SneckoOil"},{"floor":11,"key":"ColorlessPotion"},{"floor":18,"key":"FairyPotion"}],"is_trial":false,"path_per_floor":["M","?","M","?","M","E","E","R","T","M","M","$","E","$","R","B",null,"M","M","M","$","E","E","?","T","M","R","E","R","M","R","B",null,"M","M","M","?","?","E","$","M","T","E","M","R","$","M","R","B",null,"R","$","E","B",null],"character_chosen":"KOISHI","items_purchased":["Singing Bowl","Calipers","Koishi:JumpScare","Regen Potion","Peace Pipe","Membership Card","Koishi:MassHysteria","Koishi:SubterraneanRose","Koishi:SubconsciousSweep","Finesse","Block Potion","Darkstone Periapt","Toxic Egg 2","Bag of Preparation","DollysMirror","Koishi:FreudianInstinct","Pen Nib","Secret Technique+1","Koishi:HeartfeltFancy+1","Orrery","Potion Belt","Koishi:FreudianInstinct","Master of Strategy+1","Incense Burner"],"campfire_rested":0,"item_purchase_floors":[12,12,12,12,14,14,14,14,14,14,14,14,22,22,22,41,41,41,47,47,47,53,53,53],"current_hp_per_floor":[51,51,30,30,26,33,28,28,28,27,28,28,46,46,50,24,52,51,53,31,31,36,38,34,34,38,48,48,48,50,50,48,52,54,56,58,58,58,55,55,57,57,59,59,59,65,67,67,66,67,67,67,67,63],"gold":286,"neow_bonus":"RANDOM_COMMON_RELIC","is_daily":false,"chose_seed":true,"campfire_upgraded":1,"win_rate":0.0,"timestamp":1611589261,"path_taken":["M","?","M","?","?","E","E","R","T","M","?","?","E","$","R","BOSS","M","M","M","$","E","E","?","T","M","R","E","R","?","R","BOSS","M","M","M","?","?","E","$","?","T","E","M","R","$","M","R","BOSS","R","$","E","BOSS"],"items_purchased_type":["Relic","Relic","Card","Potion","Relic","Relic","Card","Card","Card","Card","Potion","Relic","Relic","Relic","Relic","Card","Relic","Card","Card","Relic","Relic","Card","Card","Relic"],"build_version":"2020-12-22","purchased_purges":6,"victory":true,"max_hp_per_floor":[60,60,60,54,54,51,51,51,51,51,51,48,50,50,50,52,52,51,53,53,50,49,49,49,49,51,48,48,48,50,50,52,52,54,56,58,58,58,55,55,57,57,59,59,59,65,67,67,67,67,67,67,67,67],"card_choices":[{"not_picked":["Koishi:StingingMind","Koishi:JumpScare"],"picked":"Koishi:Prune","floor":1},{"not_picked":["Koishi:Vanish","Koishi:ApparitionsStalkTheNight"],"picked":"Koishi:ReflexRadar","floor":2},{"not_picked":["Koishi:TraumaticStroke","Koishi:CatchAndRose","Koishi:HeartfeltFancy"],"picked":"SKIP","floor":3},{"not_picked":["Koishi:SpiritedAway","Koishi:BloodcurdlingScream"],"picked":"Koishi:SprinkleStarAndHeart","floor":5},{"not_picked":["Koishi:PhantomBarrier","Koishi:GhostParty"],"picked":"Koishi:SubconsciousSweep","floor":6},{"not_picked":["Koishi:PhantomStrike","Koishi:EmbryosDream","Koishi:ConditionedTeleport"],"picked":"SKIP","floor":7},{"not_picked":["Koishi:ParalyzingFear","Koishi:Vanish","Koishi:StingingMind"],"picked":"SKIP","floor":10},{"not_picked":["Koishi:EmbryosDream","Koishi:FleetingPhantom"],"picked":"Koishi:LastRemote","floor":11},{"not_picked":["Koishi:BloodcurdlingScream","Koishi:Untouchable","Koishi:ParalyzingFear"],"picked":"Singing Bowl","floor":13},{"not_picked":["Koishi:Ego","Koishi:TerrifyingSpectre","Koishi:SilentAndRestless"],"picked":"Singing Bowl","floor":16},{"not_picked":["Koishi:SubconsciousSweep","Koishi:CatchAndRose","Koishi:FourthEye"],"picked":"Singing Bowl","floor":18},{"not_picked":["Koishi:PredatoryInstincts","Koishi:HeartfeltFancy+1","Koishi:FourthEye"],"picked":"Singing Bowl","floor":20},{"not_picked":["Koishi:RacingHeart","Koishi:JumpScare"],"picked":"Koishi:UnconsciousUprising","floor":21},{"not_picked":["Koishi:EmbersOfLove+1","Koishi:PredatoryInstincts+1","Koishi:BramblyRoseGarden"],"picked":"Singing Bowl","floor":23},{"not_picked":["Koishi:PerfectMindControl+1","Koishi:BramblyRoseGarden"],"picked":"Koishi:FleetingPhantom+1","floor":24},{"not_picked":["Koishi:StingingMind","Koishi:SubterraneanRose+1","Koishi:Jaunt"],"picked":"Singing Bowl","floor":27},{"not_picked":["Koishi:UnansweredLove+1","Koishi:BloodcurdlingScream"],"picked":"Koishi:Whimsy+1","floor":29},{"not_picked":["Koishi:Bloodlust+1","Koishi:DreadfulBlow","Koishi:Prune"],"picked":"Singing Bowl","floor":31},{"not_picked":["Koishi:TerrifyingSpectre","Koishi:SuperEgo","Koishi:ConfinedInnocent"],"picked":"Singing Bowl","floor":33},{"not_picked":["Koishi:Jaunt+1","Koishi:RacingHeart","Koishi:SubconsciousSweep"],"picked":"Singing Bowl","floor":35},{"not_picked":["Koishi:TremblingHands","Koishi:FidgetySnatcher+1","Koishi:SpiritedAway"],"picked":"Singing Bowl","floor":36},{"not_picked":["Koishi:Prune","Koishi:JumpScare+1","Koishi:PhantomBarrier+1"],"picked":"Singing Bowl","floor":37},{"not_picked":["Koishi:HeartfeltFancy+1","Koishi:TerrifyingSpectre"],"picked":"Koishi:FleetingPhantom+1","floor":40},{"not_picked":["Koishi:StrangeCloudFist+1","Koishi:ParalyzingFear","Koishi:DreadfulBlow"],"picked":"Singing Bowl","floor":42},{"not_picked":["Koishi:PhantomBarrier+1","Koishi:DNAsFlaw+1","Koishi:UnansweredLove+1"],"picked":"Singing Bowl","floor":44},{"not_picked":["Koishi:HeartfeltFancy+1","Koishi:RacingHeart+1"],"picked":"Koishi:ReleaseOfTheId+1","floor":45},{"not_picked":["Koishi:JumpScare+1","Koishi:VengefulSpirit+1","Koishi:UnansweredLove+1"],"picked":"Singing Bowl","floor":47},{"not_picked":["Koishi:DanmakuParanoia+1","Koishi:EmbersOfLove+1"],"picked":"Koishi:IdleWhim+1","floor":47},{"not_picked":["Koishi:BloodcurdlingScream+1","Koishi:SilentAndRestless","Koishi:JumpScare+1"],"picked":"Singing Bowl","floor":47},{"not_picked":["Koishi:FourthEye+1","Koishi:TremblingHands+1"],"picked":"Koishi:UnconsciousUprising+1","floor":47},{"not_picked":["Koishi:SubterraneanRose+1","Koishi:UnconsciousUprising+1","Koishi:FourthEye+1"],"picked":"Singing Bowl","floor":47},{"not_picked":["Koishi:SubconsciousSweep","Koishi:StingingMind+1","Koishi:UnconsciousUprising+1"],"picked":"Singing Bowl","floor":48},{"not_picked":["Koishi:ConditionedTeleport+1","Koishi:EmbersOfLove+1"],"picked":"Koishi:BramblyRoseGarden+1","floor":54}],"player_experience":676768,"relics_obtained":[{"floor":2,"key":"Koishi:LettersToReimu"},{"floor":6,"key":"CeramicFish"},{"floor":7,"key":"FossilizedHelix"},{"floor":9,"key":"Eternal Feather"},{"floor":13,"key":"Tea:ReiMu"},{"floor":23,"key":"Gambling Chip"},{"floor":24,"key":"Shovel"},{"floor":26,"key":"Whetstone"},{"floor":29,"key":"Smiling Mask"},{"floor":40,"key":"ScarletDevilRocket"},{"floor":44,"key":"Koishi:BloodstainedWhiteRose"},{"floor":46,"key":"Art of War"},{"floor":52,"key":"CrazyTorch:ReiMu"},{"floor":54,"key":"Blue Candle"}],"event_choices":[],"is_beta":false,"boss_relics":[{"not_picked":["Empty Cage","Sozu"],"picked":"Runic Pyramid"},{"not_picked":["Runic Dome","RedLine:ReiMu"],"picked":"Philosopher\u0027s Stone"}],"items_purged_floors":[12,14,22,41,47,53],"is_endless":false,"potions_floor_spawned":[3,6,11,18,21,23,31,36,42,45],"ascension_level":0}}