{"host":"seujf6kmfn3ctpoe","time":1611588059,"event":{"mods":["BaseMod","Colored Map","Downfall","Minty Spire (QoL Compilation)","Permanent Neow","Relic Sorter","Relic Stats","StSLib"],"gold_per_floor":[99,119,136,136,147,147,194,194,207,222,235,253,253,253,272,367,367,367,379,393,7,25,71,94,114,114,114,134,234,234,234,252,356,356,356,369,388,415,6,25,25,25,36,56,56,66,76,126,126,126,126,126],"floor_reached":50,"language":"ENG","playtime":3656,"items_purged":["bronze:Strike"],"score":467,"play_id":"db18d7e9-e95e-4dac-81d7-026d98518caa","local_time":"20210125162059","is_ascension_mode":false,"campfire_choices":[{"data":"bronze:ShipIt","floor":1,"key":"SMITH"},{"data":"bronze:BugBarrage","floor":8,"key":"SMITH"},{"floor":13,"key":"REST"},{"data":"bronze:BugBarrage","floor":18,"key":"SMITH"},{"data":"bronze:Mutator","floor":26,"key":"SMITH"},{"floor":30,"key":"REST"},{"data":"bronze:BronzeOrb","floor":35,"key":"SMITH"},{"data":"bronze:DecaBeam","floor":42,"key":"SMITH"},{"floor":45,"key":"REST"},{"data":"bronze:Invalidate","floor":49,"key":"SMITH"}],"circlet_count":0,"master_deck":["bronze:Strike","bronze:Strike","bronze:Strike","bronze:Defend","bronze:Defend","bronze:Defend","bronze:Defend","bronze:Replicate","bronze:Goto","bronze:ShipIt+1","bronze:DigitalCarnage","bronze:Terminator","bronze:BugBarrage+1","bronze:BugBarrage+1","bronze:Invalidate+1","bronze:Shield","bronze:Goto","bronze:BronzeOrb+1","Blind","bronze:WildBeam","bronze:Mutator+1","bronze:BuggyMess","bronze:BuggyMess","bronze:BugBarrage","bronze:Repair+1","bronze:Frontload","bronze:Shield","bronze:DecaBeam+1","bronze:Shell","bronze:Deprecate+1","bronze:Break","bronze:MaxOutput","bronze:Terminator","bronze:Flail","bronze:Terminator+1","bronze:Repair+1","bronze:Branch+1"],"relics":["bronze:PlatinumCore","Tiny Chest","TungstenRod","Anchor","Bag of Preparation","bronze:BottledCode","Gremlin Horn","bronze:MakeshiftBattery","Orichalcum","Strawberry","Frozen Egg 2","Calipers"],"acts_visited":["Exordium","TheCity","TheBeyond"],"potions_floor_usage":[48,50,50,50],"damage_taken":[{"damage":0,"enemies":"Cultist","floor":2,"turns":3},{"damage":17,"enemies":"Small Slimes","floor":3,"turns":3},{"damage":1,"enemies":"Jaw Worm","floor":5,"turns":2},{"damage":4,"enemies":"Gremlin Gang","floor":9,"turns":3},{"damage":10,"enemies":"Exordium Thugs","floor":10,"turns":3},{"damage":1,"enemies":"Large Slime","floor":11,"turns":4},{"damage":16,"enemies":"Gremlin Gang","floor":12,"turns":3},{"damage":0,"enemies":"2 Fungi Beasts","floor":15,"turns":3},{"damage":27,"enemies":"IC_STATUS_ARCHETYPE","floor":16,"turns":6},{"damage":4,"enemies":"Chosen","floor":19,"turns":3},{"damage":12,"enemies":"Shell Parasite","floor":20,"turns":4},{"damage":0,"enemies":"downfall:FleeingMerchant","floor":21,"turns":4},{"damage":21,"enemies":"Snecko","floor":22,"turns":4},{"damage":0,"enemies":"Snake Plant","floor":25,"turns":2},{"damage":41,"enemies":"3 Cultists","floor":28,"turns":7},{"damage":7,"enemies":"3 Cultists","floor":29,"turns":6},{"damage":3,"enemies":"Snecko","floor":32,"turns":3},{"damage":16,"enemies":"SI_MIRROR_ARCHETYPE","floor":33,"turns":8},{"damage":0,"enemies":"Orb Walker","floor":36,"turns":3},{"damage":0,"enemies":"3 Shapes","floor":37,"turns":3},{"damage":0,"enemies":"downfall:FleeingMerchant","floor":39,"turns":4},{"damage":52,"enemies":"Transient","floor":40,"turns":5},{"damage":0,"enemies":"3 Darklings","floor":43,"turns":2},{"damage":19,"enemies":"4 Shapes","floor":44,"turns":4},{"damage":0,"enemies":"Jaw Worm Horde","floor":46,"turns":5},{"damage":0,"enemies":"Maw","floor":47,"turns":8},{"damage":21,"enemies":"Maw","floor":48,"turns":8},{"damage":72,"enemies":"DF_ARCHETYPE_ORBS","floor":50,"turns":11}],"seed_played":"-3647528872690603688","potions_obtained":[{"floor":3,"key":"PowerPotion"},{"floor":5,"key":"EssenceOfSteel"},{"floor":12,"key":"Regen Potion"},{"floor":15,"key":"Ancient Potion"},{"floor":22,"key":"bronze:BuildAFunctionPotion"},{"floor":47,"key":"Energy Potion"},{"floor":48,"key":"hexamod:SoulburnPotion"}],"is_trial":false,"path_per_floor":["R","M","M","?","M","?","T","R","M","M","M","M","R","?","M","B",null,"R","M","M","$","M","T","T","M","R","?","M","?","R","T","M","B",null,"R","M","M","T","$","M","T","R","M","M","R","M","M","?","R","B"],"character_chosen":"THE_AUTOMATON","items_purchased":["bronze:BuggyMess","TungstenRod","bronze:BugBarrage","Strawberry","bronze:MaxOutput","bronze:Terminator","bronze:Flail"],"campfire_rested":3,"item_purchase_floors":[21,21,21,39,39,39,39],"current_hp_per_floor":[70,70,53,53,52,52,52,52,48,38,37,21,42,42,42,15,70,70,66,54,54,33,33,33,43,43,43,12,15,33,33,40,34,60,60,60,60,60,67,15,15,15,25,16,36,46,56,46,46,0,0,0],"gold":126,"neow_bonus":"THREE_RARE_CARDS","is_daily":false,"chose_seed":false,"campfire_upgraded":7,"win_rate":0.0,"timestamp":1611588059,"path_taken":["R","M","M","?","M","?","T","R","M","?","M","M","R","?","M","BOSS","R","M","?","$","M","?","T","M","R","?","M","?","R","?","M","BOSS","R","M","M","?","$","M","T","R","M","M","R","?","M","?","R","BOSS"],"items_purchased_type":["Card","Relic","Card","Relic","Card","Card","Card"],"build_version":"2020-12-22","purchased_purges":1,"victory":false,"max_hp_per_floor":[70,70,70,70,70,70,70,70,70,70,70,70,70,70,70,70,70,70,70,70,70,70,70,70,70,70,60,60,60,60,60,60,60,60,60,60,60,60,67,67,67,67,67,67,67,67,67,67,67,67,67,67],"relic_stats":{"Gremlin Horn":[16,16],"counters":[28,124],"Tiny Chest":2,"Bag of Preparation":[30],"Orichalcum":[18],"obtain_stats":[{"bronze:PlatinumCore":17,"bronze:BronzeCore":0,"Calipers":48,"Gremlin Horn":31,"Bag of Preparation":24,"Orichalcum":38,"Frozen Egg 2":41,"bronze:BottledCode":27,"Anchor":23,"Strawberry":39,"Tiny Chest":7,"TungstenRod":21,"bronze:MakeshiftBattery":34},{"bronze:PlatinumCore":9,"bronze:BronzeCore":0,"Calipers":27,"Gremlin Horn":16,"Bag of Preparation":13,"Orichalcum":20,"Frozen Egg 2":22,"bronze:BottledCode":14,"Anchor":13,"Strawberry":21,"Tiny Chest":3,"TungstenRod":12,"bronze:MakeshiftBattery":18},{"bronze:PlatinumCore":30,"bronze:BronzeCore":0,"Calipers":113,"Gremlin Horn":60,"Bag of Preparation":45,"Orichalcum":77,"Frozen Egg 2":86,"bronze:BottledCode":47,"Anchor":45,"Strawberry":81,"Tiny Chest":8,"TungstenRod":41,"bronze:MakeshiftBattery":71}],"TungstenRod":32},"card_choices":[{"not_picked":["bronze:FindAndReplace","bronze:ThunderWave"],"picked":"bronze:ShipIt","floor":0},{"not_picked":["bronze:CutThrough","bronze:Branch"],"picked":"bronze:DigitalCarnage","floor":2},{"not_picked":["bronze:BitShift","bronze:DelayedSlice"],"picked":"bronze:Terminator","floor":3},{"not_picked":["bronze:CutThrough","bronze:Overload"],"picked":"bronze:BugBarrage","floor":5},{"not_picked":["bronze:Return","bronze:BronzeArmor","bronze:Overheat"],"picked":"SKIP","floor":9},{"not_picked":["bronze:Invalidate","bronze:Overload"],"picked":"bronze:BugBarrage","floor":10},{"not_picked":["bronze:Deprecate","bronze:DelayedSlice"],"picked":"bronze:Invalidate","floor":11},{"not_picked":["bronze:FollowUp","bronze:BugBarrage"],"picked":"bronze:Shield","floor":12},{"not_picked":["bronze:CleanCode","bronze:CutThrough"],"picked":"bronze:WildBeam","floor":15},{"not_picked":["bronze:Format","bronze:Verify"],"picked":"bronze:Mutator","floor":16},{"not_picked":["bronze:Philosophize","bronze:DigitalCarnage","bronze:Invalidate"],"picked":"SKIP","floor":19},{"not_picked":["bronze:BugBarrage","bronze:Shell","bronze:Invalidate"],"picked":"SKIP","floor":20},{"not_picked":["bronze:Turbo","bronze:DigitalCarnage"],"picked":"bronze:BuggyMess","floor":21},{"not_picked":["bronze:FineTuning","bronze:Allocate"],"picked":"bronze:Repair+1","floor":22},{"not_picked":["bronze:DelayedSlice","bronze:Optimize"],"picked":"bronze:Frontload","floor":25},{"not_picked":["bronze:ForceShield+1","bronze:Frontload+1"],"picked":"bronze:Shield","floor":28},{"not_picked":[],"picked":"bronze:DecaBeam","floor":29},{"not_picked":["bronze:Frontload","bronze:CloningBeam"],"picked":"bronze:Shell","floor":29},{"not_picked":["bronze:BugBarrage+1","bronze:DelayedSlice","bronze:Constructor"],"picked":"SKIP","floor":32},{"not_picked":["bronze:OilSpill+1","bronze:Boost+1"],"picked":"bronze:Deprecate+1","floor":36},{"not_picked":["bronze:Iterate","bronze:Branch","bronze:Shield"],"picked":"SKIP","floor":37},{"not_picked":["bronze:CutThrough+1","bronze:Format"],"picked":"bronze:Break","floor":39},{"not_picked":["bronze:OilSpill","bronze:DigitalCarnage"],"picked":"bronze:Terminator+1","floor":40},{"not_picked":["bronze:Deprecate","bronze:ForceShield","bronze:BitShift"],"picked":"SKIP","floor":43},{"not_picked":["bronze:CutThrough","bronze:Overheat","bronze:Separator"],"picked":"SKIP","floor":44},{"not_picked":["bronze:BronzeOrb","bronze:Fortify","bronze:Deprecate"],"picked":"SKIP","floor":46},{"not_picked":["bronze:Flail+1","bronze:SpaghettiCode"],"picked":"bronze:Repair+1","floor":47},{"not_picked":["bronze:Boost","bronze:DelayedSlice+1"],"picked":"bronze:Branch+1","floor":48}],"player_experience":419637,"relics_obtained":[{"floor":7,"key":"Tiny Chest"},{"floor":23,"key":"Anchor"},{"floor":24,"key":"Bag of Preparation"},{"floor":31,"key":"Gremlin Horn"},{"floor":38,"key":"Orichalcum"},{"floor":41,"key":"Frozen Egg 2"},{"floor":48,"key":"Calipers"}],"event_choices":[{"cards_removed":["downfall:Bewildered"],"damage_healed":0,"gold_gain":0,"player_choice":"Card Removal","damage_taken":0,"max_hp_gain":0,"max_hp_loss":0,"event_name":"The Cleric","floor":4,"gold_loss":0},{"damage_healed":0,"gold_gain":0,"player_choice":"Ignored","damage_taken":0,"max_hp_gain":0,"max_hp_loss":0,"event_name":"NoteForYourself","floor":6,"gold_loss":0}],"is_beta":false,"boss_relics":[{"not_picked":["Philosopher\u0027s Stone","Runic Dome"],"picked":"bronze:PlatinumCore"},{"not_picked":["Astrolabe","Empty Cage"],"picked":"bronze:MakeshiftBattery"}],"items_purged_floors":[39],"is_endless":false,"potions_floor_spawned":[3,5,12,15,19,22,28,29,32,37,44,47,48],"killed_by":"DF_ARCHETYPE_ORBS","ascension_level":0}}