{"host":"1zwnl30z3cyaxn7y","time":1611563648,"event":{"mods":["BaseMod","Downfall","Minty Spire (QoL Compilation)","Replay The Spire","StSLib","The Bug Knight","The Servant 0.9.4","Warlord Emblem"],"gold_per_floor":[114,114,114,39,55,55,89,103,103,103,155,165,181,181,131,144,144,242,242,253,253,266,266,191,191,224,124,177,209,219,239,252,127,127,228,228,245,263,113,162,162,162,175,201,201,201,211,211,36,48,48,48],"floor_reached":53,"language":"ZHS","playtime":4066,"items_purged":["WarlordEmblem:RuneStrike","WarlordEmblem:RuneStrike","WarlordEmblem:Defend_DK","WarlordEmblem:FrozenHeart+1","WarlordEmblem:VoidDefend+1"],"score":702,"play_id":"f24c23d4-30ac-4901-ae81-e2e070ca8c00","local_time":"20210125163408","is_ascension_mode":false,"campfire_choices":[{"data":"WarlordEmblem:Frostmourne","floor":6.0,"key":"SMITH"},{"data":"WarlordEmblem:BlackCommand","floor":17,"key":"SMITH"},{"data":"WarlordEmblem:BodyStrike","floor":25,"key":"SMITH"},{"data":"WarlordEmblem:ForceDeflexion","floor":34,"key":"SMITH"},{"data":"WarlordEmblem:BlackCommand","floor":42,"key":"SMITH"},{"floor":51,"key":"REST"}],"circlet_count":0,"master_deck":["WarlordEmblem:Frostmourne+1","WarlordEmblem:BlackCommand+1","WarlordEmblem:BodyStrike+1","WarlordEmblem:Withstand+1","WarlordEmblem:ForceDeflexion+1","WarlordEmblem:RuneRecast+1","WarlordEmblem:BlackCommand+1","WarlordEmblem:FrozenWill+1"],"relics":["WarlordEmblem:RuneSword","WarlordEmblem:DKHelm","NeowsBlessing","WarlordEmblem:DK_Ghoul","Juzu Bracelet","MealTicket","Tiny Chest","bronze:MakeshiftBattery","Lantern","Art of War","ReplayTheSpireMod:TigerMarble","Pen Nib","Replay:Grab Bag","SlaversCollar","Philosopher\u0027s Stone","Astrolabe","WarlordEmblem:Gargoyle","Strawberry","Pocketwatch","Replay:Bottled Eggs","Blue Candle"],"acts_visited":["Exordium","TheCity","TheBeyond"],"potions_floor_usage":[13,26,26,35,35,35],"damage_taken":[{"damage":0.0,"enemies":"2 Louse","floor":1.0,"turns":2.0},{"damage":0.0,"enemies":"Jaw Worm","floor":5.0,"turns":1.0},{"damage":0.0,"enemies":"Gremlin Nob","floor":7.0,"turns":1.0},{"damage":0,"enemies":"Small Slimes","floor":8,"turns":3},{"damage":0,"enemies":"Looter","floor":12,"turns":3},{"damage":0,"enemies":"Large Slime","floor":13,"turns":3},{"damage":5,"enemies":"3 Louse","floor":16,"turns":2},{"damage":6,"enemies":"Hexaghost","floor":18,"turns":6},{"damage":0,"enemies":"Shell Parasite","floor":20,"turns":4},{"damage":0,"enemies":"Chosen","floor":22,"turns":3},{"damage":14,"enemies":"Slavers","floor":26,"turns":3},{"damage":2,"enemies":"Book of Stabbing","floor":29,"turns":3},{"damage":8,"enemies":"Snecko","floor":30,"turns":3},{"damage":0,"enemies":"Chosen and Byrds","floor":31,"turns":2},{"damage":0,"enemies":"3 Cultists","floor":32,"turns":2},{"damage":0,"enemies":"Champ","floor":35,"turns":4},{"damage":0,"enemies":"3 Darklings","floor":37,"turns":2},{"damage":0,"enemies":"Orb Walker","floor":38,"turns":2},{"damage":0,"enemies":"2 Orb Walkers","floor":40,"turns":2},{"damage":0,"enemies":"Writhing Mass","floor":43,"turns":3},{"damage":0,"enemies":"R_Hoarder","floor":44,"turns":3},{"damage":0,"enemies":"3 Darklings","floor":47,"turns":2},{"damage":0,"enemies":"Jaw Worm Horde","floor":50,"turns":2},{"damage":0,"enemies":"Replay:Hell Engine","floor":52,"turns":2}],"seed_played":"6426743842572219956","potions_obtained":[{"floor":1.0,"key":"WarlordEmblem:ReserveRunePotion"},{"floor":5.0,"key":"Ancient Potion"},{"floor":8,"key":"Energy Potion"},{"floor":26,"key":"FearPotion"},{"floor":29,"key":"AttackPotion"},{"floor":30,"key":"Toxic Potion"},{"floor":38,"key":"Energy Potion"},{"floor":40,"key":"Elixir"},{"floor":47,"key":"SkillPotion"}],"is_trial":false,"path_per_floor":["M","?","?","$","M","R","E","M","PTL","PTL","T","M","M","?","?","M","R","B",null,"M","?","M","T","?","R","E","$","T","E","M","M","M","$","R","B",null,"M","M","$","?","?","R","M","E","T","T","M","?","$","M","R","B",null],"character_chosen":"DeathKnight","items_purchased":[],"campfire_rested":1,"item_purchase_floors":[],"current_hp_per_floor":[80,73,66,66,66,66,66,66,66,66,66,66,66,71,71,66,66,60,85,85,85,85,85,85,85,71,85,85,83,75,75,75,85,85,85,85,85,85,85,85,85,85,85,92,92,92,92,87,92,92,92,92],"gold":48,"neow_bonus":"THREE_ENEMY_KILL","is_daily":false,"chose_seed":false,"campfire_upgraded":5,"win_rate":0.0,"timestamp":1611563648,"path_taken":["M","?","?","?","M","R","E","M","PTL","PTL","T","M","M","?","?","M","R","BOSS","M","?","M","?","?","R","E","$","T","E","M","M","M","$","R","BOSS","M","M","$","?","?","R","M","E","T","?","M","?","$","M","R","BOSS"],"items_purchased_type":[],"build_version":"2020-12-22","purchased_purges":5,"victory":true,"max_hp_per_floor":[80,80,80,80,80,80,80,80,80,80,80,80,80,85,85,85,85,85,85,85,85,85,85,85,85,85,85,85,85,85,85,85,85,85,85,85,85,85,85,85,85,85,85,92,92,92,92,92,92,92,92,92],"card_choices":[{"not_picked":["WarlordEmblem:FrostbiteStrike","WarlordEmblem:BodyStrike"],"picked":"WarlordEmblem:BlackCommand","floor":1.0},{"not_picked":["WarlordEmblem:FrozenWill","WarlordEmblem:BloodSacrifice","WarlordEmblem:RuneRecover"],"picked":"SKIP","floor":5.0},{"not_picked":["WarlordEmblem:Infect","WarlordEmblem:EvilWorm","WarlordEmblem:SwordWave"],"picked":"SKIP","floor":7.0},{"not_picked":["WarlordEmblem:FrostbiteStrike","WarlordEmblem:RuneDiffer","WarlordEmblem:WinterHorn"],"picked":"SKIP","floor":8},{"not_picked":["WarlordEmblem:RuneRegen","WarlordEmblem:EvilStrike","WarlordEmblem:WrathOfSindragosa"],"picked":"SKIP","floor":12},{"not_picked":["WarlordEmblem:RuneExplode","WarlordEmblem:BoneShield","WarlordEmblem:VoidDefend"],"picked":"SKIP","floor":13},{"not_picked":["WarlordEmblem:RuneBlade","WarlordEmblem:Annihilation","WarlordEmblem:BloodMask"],"picked":"SKIP","floor":16},{"not_picked":["WarlordEmblem:Infect+1","WarlordEmblem:DeathCoil+1"],"picked":"WarlordEmblem:BodyStrike","floor":20},{"not_picked":["WarlordEmblem:RuneRecast","WarlordEmblem:RuneBlade","WarlordEmblem:DeathStrike"],"picked":"SKIP","floor":22},{"not_picked":["WarlordEmblem:RuneRecast","WarlordEmblem:UltimateCold","WarlordEmblem:EvilWorm"],"picked":"SKIP","floor":26},{"not_picked":["WarlordEmblem:DiseaseCloud","WarlordEmblem:Potential+1"],"picked":"WarlordEmblem:Withstand+1","floor":29},{"not_picked":["WarlordEmblem:DiseaseCloud+1","WarlordEmblem:BloodStrike","WarlordEmblem:RuneExplode+1"],"picked":"SKIP","floor":30},{"not_picked":["WarlordEmblem:Annihilation","WarlordEmblem:DeathCoil","WarlordEmblem:Infect+1"],"picked":"SKIP","floor":31},{"not_picked":["WarlordEmblem:VoidDefend","WarlordEmblem:Withstand+1"],"picked":"WarlordEmblem:ForceDeflexion","floor":32},{"not_picked":["WarlordEmblem:Withstand+1","WarlordEmblem:NoLightShield","WarlordEmblem:RuneDiffer+1"],"picked":"SKIP","floor":37},{"not_picked":["WarlordEmblem:BloodMask","WarlordEmblem:SevereWinter"],"picked":"WarlordEmblem:BlackCommand","floor":38},{"not_picked":["WarlordEmblem:SevereWinter","WarlordEmblem:DiseaseCloud+1","WarlordEmblem:Execute"],"picked":"SKIP","floor":43},{"not_picked":["WarlordEmblem:Infect+1","WarlordEmblem:CurseStrike","WarlordEmblem:WinterHorn"],"picked":"SKIP","floor":44},{"not_picked":["WarlordEmblem:BodyStrike","WarlordEmblem:VoidStrike","WarlordEmblem:DiseaseCloud+1"],"picked":"SKIP","floor":47},{"not_picked":["WarlordEmblem:ForceDeflexion+1","WarlordEmblem:BloodMask"],"picked":"WarlordEmblem:FrozenWill+1","floor":50}],"player_experience":283763,"relics_obtained":[{"floor":7.0,"key":"MealTicket"},{"floor":11,"key":"Tiny Chest"},{"floor":23,"key":"Lantern"},{"floor":26,"key":"Art of War"},{"floor":28,"key":"ReplayTheSpireMod:TigerMarble"},{"floor":29,"key":"Pen Nib"},{"floor":40,"key":"WarlordEmblem:Gargoyle"},{"floor":44,"key":"Strawberry"},{"floor":45,"key":"Pocketwatch"},{"floor":46,"key":"Replay:Bottled Eggs"}],"event_choices":[{"cards_removed":["WarlordEmblem:Defend_DK"],"damage_healed":0.0,"max_hp_gain":0.0,"max_hp_loss":0.0,"gold_gain":0.0,"event_name":"Golden Wing","player_choice":"Card Removal","floor":2.0,"gold_loss":0.0,"damage_taken":7.0},{"damage_healed":0.0,"max_hp_gain":0.0,"max_hp_loss":0.0,"gold_gain":0.0,"event_name":"Scrap Ooze","player_choice":"Success","floor":3.0,"gold_loss":0.0,"damage_taken":7.0,"relics_obtained":["Juzu Bracelet"]},{"damage_healed":0,"gold_gain":0,"player_choice":"Donut","damage_taken":0,"max_hp_gain":5,"max_hp_loss":0,"event_name":"Big Fish","floor":14,"gold_loss":0},{"cards_removed":["WarlordEmblem:RuneStrike"],"damage_healed":0,"gold_gain":0,"player_choice":"Card Removal","damage_taken":0,"max_hp_gain":0,"max_hp_loss":0,"event_name":"The Cleric","floor":15,"gold_loss":50},{"cards_removed":["WarlordEmblem:Defend_DK"],"damage_healed":0,"gold_gain":0,"player_choice":"Gave Gold","damage_taken":0,"max_hp_gain":0,"max_hp_loss":0,"event_name":"Beggar","floor":24,"gold_loss":75},{"damage_healed":0,"gold_gain":0,"player_choice":"Fight","damage_taken":0,"max_hp_gain":0,"max_hp_loss":0,"event_name":"Mysterious Sphere","floor":40,"gold_loss":0}],"is_beta":false,"boss_relics":[{"not_picked":["Snecko Eye","SacredBark"],"picked":"bronze:MakeshiftBattery"},{"not_picked":["WarlordEmblem:IceDragon","Runic Dome"],"picked":"Replay:Grab Bag"},{"not_picked":["ChewingGum","Sozu"],"picked":"SlaversCollar"},{"not_picked":["Cursed Key","Busted Crown"],"picked":"Philosopher\u0027s Stone"},{"not_picked":["Runic Pyramid","Pandora\u0027s Box"],"picked":"Astrolabe"}],"items_purged_floors":[4,27,33,39,49],"is_endless":false,"potions_floor_spawned":[1,5,8,26,29,30,31,38,40,47],"ascension_level":0}}