{"host":"1tl36azeqm6yhdgj","time":1611599746,"event":{"mods":["AchievementEnabler","BaseMod","Minty Spire (QoL Compilation)","StSLib","The IronCluck","everything is the same but u backflip on backflip"],"gold_per_floor":[112,112,387,407,419,419,450,461,461,485,485,496,496,526,526,526,526],"floor_reached":16,"language":"ENG","playtime":556,"items_purged":[],"score":220,"play_id":"74897e26-d0e5-4de2-9fe7-dda60fc463e9","local_time":"20210125133546","is_ascension_mode":true,"campfire_choices":[{"data":"Pommel Strike","floor":6.0,"key":"SMITH"},{"floor":13.0,"key":"REST"},{"floor":15.0,"key":"REST"}],"circlet_count":0,"master_deck":["AscendersBane","Strike_R","Strike_R","Strike_R","Strike_R","Defend_R","Defend_R","Defend_R","Defend_R","Bash+1","Shockwave","Regret","Dropkick","Pommel Strike+1","Clash","Pummel"],"relics":["Burning Blood","Ancient Tea Set","Akabeko","White Beast Statue","Anchor","Eternal Feather"],"acts_visited":["Exordium"],"potions_floor_usage":[],"damage_taken":[{"damage":10.0,"enemies":"Small Slimes","floor":1.0,"turns":3.0},{"damage":12.0,"enemies":"2 Louse","floor":4.0,"turns":3.0},{"damage":3.0,"enemies":"Cultist","floor":5.0,"turns":3.0},{"damage":41.0,"enemies":"3 Sentries","floor":7.0,"turns":9.0},{"damage":24.0,"enemies":"Exordium Thugs","floor":8.0,"turns":5.0},{"damage":3.0,"enemies":"Large Slime","floor":12.0,"turns":3.0},{"damage":36.0,"enemies":"Gremlin Nob","floor":14.0,"turns":4.0},{"damage":34,"enemies":"Slime Boss","floor":16,"turns":7}],"seed_played":"8101374409287782833","potions_obtained":[{"floor":1.0,"key":"BloodPotion"},{"floor":5.0,"key":"Strength Potion"},{"floor":8.0,"key":"SteroidPotion"},{"floor":12.0,"key":"Fruit Juice"},{"floor":14.0,"key":"Explosive Potion"}],"is_trial":false,"path_per_floor":["M","?","?","M","M","R","E","M","T","T","?","M","R","E","R","B"],"character_chosen":"IRONCLAD","items_purchased":[],"campfire_rested":2,"item_purchase_floors":[],"current_hp_per_floor":[64,57,57,51,54,54,34,16,16,16,16,19,41,16,49,15,15],"gold":526,"neow_bonus":"RANDOM_COMMON_RELIC","is_daily":false,"chose_seed":false,"campfire_upgraded":1,"win_rate":0.0,"timestamp":1611599746,"path_taken":["M","?","?","M","M","R","E","?","T","?","?","M","R","E","R","BOSS"],"items_purchased_type":[],"build_version":"2020-12-22","purchased_purges":0,"victory":false,"max_hp_per_floor":[75,75,75,75,75,75,75,75,75,75,75,75,75,80,80,80,80],"card_choices":[{"not_picked":["Second Wind","Shrug It Off"],"picked":"Shockwave","floor":1.0},{"not_picked":["Warcry","Dark Embrace"],"picked":"Dropkick","floor":4.0},{"not_picked":["Second Wind","Shrug It Off"],"picked":"Pommel Strike","floor":5.0},{"not_picked":["Hemokinesis","Armaments","Blood for Blood"],"picked":"SKIP","floor":7.0},{"not_picked":["Body Slam","Sever Soul"],"picked":"Clash","floor":8.0},{"not_picked":["Warcry","Havoc","Heavy Blade"],"picked":"SKIP","floor":12.0},{"not_picked":["Bloodletting","Wild Strike"],"picked":"Pummel","floor":14.0}],"player_experience":2052192,"relics_obtained":[{"floor":7.0,"key":"Akabeko"},{"floor":9.0,"key":"White Beast Statue"},{"floor":10.0,"key":"Anchor"},{"floor":14.0,"key":"Eternal Feather"}],"event_choices":[{"cards_removed":["Strike_R"],"damage_healed":0.0,"max_hp_gain":0.0,"max_hp_loss":0.0,"gold_gain":0.0,"event_name":"Golden Wing","player_choice":"Card Removal","floor":2.0,"gold_loss":0.0,"damage_taken":7.0},{"damage_healed":0.0,"max_hp_gain":0.0,"max_hp_loss":0.0,"gold_gain":275.0,"event_name":"Golden Shrine","player_choice":"Desecrate","floor":3.0,"gold_loss":0.0,"damage_taken":0.0,"cards_obtained":["Regret"]},{"damage_healed":0.0,"max_hp_gain":0.0,"max_hp_loss":0.0,"gold_gain":0.0,"event_name":"Accursed Blacksmith","player_choice":"Forge","floor":11.0,"gold_loss":0.0,"damage_taken":0.0,"cards_upgraded":["Bash"]}],"is_beta":false,"boss_relics":[],"items_purged_floors":[],"is_endless":false,"potions_floor_spawned":[1,5,8,12,14],"killed_by":"Slime Boss","ascension_level":20}}