{"host":"jhy70w0yh8dayqay","time":1611556398,"event":{"mods":["AchievementEnabler","BaseMod","Colored Map","Colored Powertips","DeckTracker","Minty Spire (QoL Compilation)","Permanent Neow","SuperFastMode"],"gold_per_floor":[109,109,129,142,159,159,194,194,194,174,174,193,25,44,44,146,146,163,20,37,51,51,51,76,76,147,147,165,177,177,177,177],"floor_reached":31,"language":"KOR","playtime":1375,"items_purged":["Strike_P"],"score":515,"play_id":"086b2d09-63a3-4ae7-a3c4-e51260ea52a6","local_time":"20210125153318","is_ascension_mode":true,"campfire_choices":[{"data":"Eruption","floor":6.0,"key":"SMITH"},{"data":"WheelKick","floor":8.0,"key":"SMITH"},{"floor":11.0,"key":"REST"},{"data":"Adaptation","floor":15.0,"key":"SMITH"},{"data":"Omniscience","floor":23.0,"key":"SMITH"},{"data":"Tantrum","floor":25.0,"key":"SMITH"},{"data":"EmptyFist","floor":27.0,"key":"SMITH"}],"circlet_count":0,"master_deck":["Strike_P+1","Strike_P+1","Strike_P+1","Defend_P+1","Defend_P+1","Defend_P+1","Defend_P+1","Eruption+1","Vigilance+1","WheelKick+1","FlurryOfBlows+1","Halt","Adaptation+1","FlurryOfBlows","LessonLearned+1","Tantrum+1","Omniscience+1","TalkToTheHand","EmptyFist+1","FlurryOfBlows","FlurryOfBlows+1","SandsOfTime+1"],"relics":["HolyWater","Singing Bowl","Prayer Wheel","Omamori","Calipers","Bottled Tornado","TungstenRod"],"acts_visited":["Exordium","TheCity"],"potions_floor_usage":[28,28,29,31],"damage_taken":[{"damage":3.0,"enemies":"Small Slimes","floor":1.0,"turns":5.0},{"damage":8.0,"enemies":"Jaw Worm","floor":3.0,"turns":4.0},{"damage":0.0,"enemies":"Cultist","floor":4.0,"turns":2.0},{"damage":9.0,"enemies":"2 Fungi Beasts","floor":5.0,"turns":3.0},{"damage":22.0,"enemies":"3 Sentries","floor":7.0,"turns":7.0},{"damage":0.0,"enemies":"Large Slime","floor":12.0,"turns":5.0},{"damage":15.0,"enemies":"Lots of Slimes","floor":14.0,"turns":5.0},{"damage":0.0,"enemies":"Slime Boss","floor":16.0,"turns":4.0},{"damage":10.0,"enemies":"Shell Parasite","floor":18.0,"turns":5.0},{"damage":6.0,"enemies":"3 Byrds","floor":20.0,"turns":6.0},{"damage":13.0,"enemies":"Snecko","floor":21.0,"turns":5.0},{"damage":0.0,"enemies":"Gremlin Leader","floor":24.0,"turns":3.0},{"damage":0,"enemies":"Snake Plant","floor":28,"turns":2},{"damage":4,"enemies":"Cultist and Chosen","floor":29,"turns":3},{"damage":48,"enemies":"Slavers","floor":31,"turns":5}],"seed_played":"-4453664163713520943","potions_obtained":[{"floor":3.0,"key":"StancePotion"},{"floor":7.0,"key":"BlessingOfTheForge"},{"floor":10.0,"key":"ColorlessPotion"},{"floor":12.0,"key":"DuplicationPotion"},{"floor":16.0,"key":"SpeedPotion"},{"floor":20.0,"key":"SteroidPotion"},{"floor":24.0,"key":"LiquidMemories"},{"floor":29,"key":"Dexterity Potion"}],"is_trial":false,"path_per_floor":["M","?","M","M","M","R","E","R","T","?","R","M","$","M","R","B",null,"M","$","M","M","?","R","E","R","T","R","M","M","?","E"],"character_chosen":"WATCHER","items_purchased":["Adaptation","FlurryOfBlows","Omamori"],"campfire_rested":1,"item_purchase_floors":[13,13,19],"current_hp_per_floor":[62,62,54,54,45,45,25,25,25,25,47,49,49,34,34,34,66,58,58,54,45,45,45,45,45,45,45,47,45,45,0,0],"gold":177,"neow_bonus":"THREE_CARDS","is_daily":false,"chose_seed":false,"campfire_upgraded":6,"win_rate":0.0,"timestamp":1611556398,"path_taken":["M","?","M","M","M","R","E","R","T","?","R","M","$","M","R","BOSS","M","?","M","M","?","R","E","R","T","R","M","M","?","E"],"items_purchased_type":["Card","Card","Relic"],"build_version":"2020-12-22","purchased_purges":1,"victory":false,"max_hp_per_floor":[72,72,72,72,72,72,74,74,74,74,74,76,76,76,76,76,76,78,78,80,84,84,84,84,84,84,84,86,88,88,88,88],"card_choices":[{"not_picked":["FlyingSleeves","CarveReality"],"picked":"WheelKick","floor":0.0},{"not_picked":["Prostrate","Crescendo"],"picked":"FlurryOfBlows","floor":1.0},{"not_picked":["WheelKick","Weave","Protect"],"picked":"SKIP","floor":3.0},{"not_picked":["BattleHymn","Consecrate"],"picked":"Halt","floor":4.0},{"not_picked":["ClearTheMind","Perseverance","Prostrate"],"picked":"SKIP","floor":5.0},{"not_picked":["WheelKick","PathToVictory","JustLucky"],"picked":"Singing Bowl","floor":7.0},{"not_picked":["FlyingSleeves","InnerPeace","Halt"],"picked":"Singing Bowl","floor":12.0},{"not_picked":["Wireheading","InnerPeace","EmptyFist"],"picked":"SKIP","floor":12.0},{"not_picked":["EmptyFist","FlurryOfBlows"],"picked":"LessonLearned","floor":14.0},{"not_picked":["Meditate","ClearTheMind"],"picked":"Tantrum","floor":14.0},{"not_picked":["LessonLearned","Wish"],"picked":"Omniscience","floor":16.0},{"not_picked":["BowlingBash","ClearTheMind"],"picked":"TalkToTheHand","floor":18.0},{"not_picked":["Protect","Crescendo","Evaluate+1"],"picked":"Singing Bowl","floor":18.0},{"not_picked":["PathToVictory+1","FlyingSleeves","LikeWater"],"picked":"Singing Bowl","floor":20.0},{"not_picked":["MasterReality","LikeWater"],"picked":"EmptyFist","floor":20.0},{"not_picked":["EmptyBody","Wallop","PathToVictory+1"],"picked":"Singing Bowl","floor":21.0},{"not_picked":["CrushJoints","Crescendo","JustLucky"],"picked":"Singing Bowl","floor":21.0},{"not_picked":["FlyingSleeves","JustLucky"],"picked":"FlurryOfBlows","floor":24.0},{"not_picked":["PathToVictory","Judgement"],"picked":"FlurryOfBlows+1","floor":28},{"not_picked":["WaveOfTheHand+1","EmptyFist","Consecrate"],"picked":"Singing Bowl","floor":28},{"not_picked":["CutThroughFate","PathToVictory","Meditate+1"],"picked":"Singing Bowl","floor":29},{"not_picked":["WaveOfTheHand","DeceiveReality+1"],"picked":"SandsOfTime+1","floor":29}],"player_experience":420130,"relics_obtained":[{"floor":7.0,"key":"Singing Bowl"},{"floor":9.0,"key":"Prayer Wheel"},{"floor":24.0,"key":"Calipers"},{"floor":26.0,"key":"Bottled Tornado"}],"event_choices":[{"damage_healed":0.0,"max_hp_gain":0.0,"max_hp_loss":0.0,"gold_gain":0.0,"event_name":"Liars Game","player_choice":"Ignored","floor":2.0,"gold_loss":0.0,"damage_taken":0.0},{"damage_healed":0.0,"max_hp_gain":0.0,"max_hp_loss":0.0,"gold_gain":0.0,"event_name":"The Woman in Blue","player_choice":"Bought 1 Potion","floor":10.0,"gold_loss":0.0,"damage_taken":0.0},{"damage_healed":0.0,"max_hp_gain":0.0,"max_hp_loss":0.0,"gold_gain":0.0,"event_name":"Back to Basics","player_choice":"Simplicity","floor":22.0,"gold_loss":0.0,"damage_taken":0.0,"cards_upgraded":["Strike_P","Strike_P","Defend_P","Defend_P","Defend_P"]},{"damage_healed":0,"gold_gain":0,"player_choice":"Stole Relic","damage_taken":0,"relics_obtained":["TungstenRod"],"max_hp_gain":0,"max_hp_loss":0,"event_name":"Addict","floor":30,"gold_loss":0,"cards_obtained":["Shame"]}],"is_beta":false,"boss_relics":[{"not_picked":["Tiny House","Empty Cage"],"picked":"HolyWater"}],"items_purged_floors":[13],"is_endless":false,"potions_floor_spawned":[3,7,12,16,20,24,29],"killed_by":"Slavers","ascension_level":8}}