{"host":"0i8dz4ityulxi1rd","time":1611590401,"event":{"mods":["BaseMod","Colored Map","Colored Powertips","Custom Start","Highlight Path","Hubris","Keyboard Shortcuts","Minty Spire (QoL Compilation)","StSLib","SuperFastMode"],"gold_per_floor":[119,119,119,5,22,22,56,68,93,93,108,67,78,78,78,153,153,169,169,184,202,221,221,221],"floor_reached":23,"language":"KOR","playtime":727,"items_purged":[],"score":386,"play_id":"3042ba27-3c55-4090-a250-e3d26844b215","local_time":"20210126010001","is_ascension_mode":true,"campfire_choices":[{"data":"Uppercut","floor":6.0,"key":"SMITH"},{"data":"True Grit","floor":10.0,"key":"SMITH"},{"data":"Rupture","floor":15.0,"key":"SMITH"}],"circlet_count":0,"master_deck":["AscendersBane","Bash","True Grit+1","Uppercut+1","Power Through","Combust","Sword Boomerang","Reckless Charge","Inflame","Rupture+1","Reaper","Infernal Blade","Shockwave","Second Wind","Immolate","Warcry","Pommel Strike","Evolve","Infernal Blade","Brutality","Ghostly Armor","Reaper","Headbutt"],"relics":["Burning Blood","hubris:CuriousFeather","Lantern","Pen Nib","Pandora\u0027s Box"],"acts_visited":["Exordium","TheCity"],"potions_floor_usage":[23],"damage_taken":[{"damage":12.0,"enemies":"Cultist","floor":1.0,"turns":5.0},{"damage":7.0,"enemies":"Jaw Worm","floor":5.0,"turns":4.0},{"damage":33.0,"enemies":"Lagavulin","floor":7.0,"turns":7.0},{"damage":3.0,"enemies":"2 Louse","floor":8.0,"turns":3.0},{"damage":1.0,"enemies":"Looter","floor":11.0,"turns":3.0},{"damage":9.0,"enemies":"Exordium Wildlife","floor":13.0,"turns":5.0},{"damage":22.0,"enemies":"The Guardian","floor":16.0,"turns":8.0},{"damage":33.0,"enemies":"Shell Parasite","floor":18.0,"turns":4.0},{"damage":16.0,"enemies":"Spheric Guardian","floor":20.0,"turns":4.0},{"damage":50.0,"enemies":"Shelled Parasite and Fungi","floor":21.0,"turns":5.0},{"damage":65.0,"enemies":"Cultist and Chosen","floor":22.0,"turns":7.0},{"damage":37,"enemies":"Gremlin Leader","floor":23,"turns":2}],"seed_played":"8658452836282830440","potions_obtained":[{"floor":7.0,"key":"SpeedPotion"},{"floor":16.0,"key":"CultistPotion"}],"is_trial":false,"path_per_floor":["M","T","?","$","M","R","E","M","T","R","M","$","M","?","R","B",null,"M","?","M","M","M","E"],"character_chosen":"IRONCLAD","items_purchased":["Power Through","Combust","Inflame"],"campfire_rested":0,"item_purchase_floors":[4,4,12],"current_hp_per_floor":[62,62,51,51,50,50,23,26,26,26,31,31,28,53,53,37,66,51,51,54,50,36,0,0],"gold":221,"neow_bonus":"THREE_CARDS","is_daily":false,"chose_seed":false,"campfire_upgraded":3,"win_rate":0.0,"timestamp":1611590401,"path_taken":["M","?","?","$","?","R","E","M","T","R","M","$","M","?","R","BOSS","M","?","M","?","M","E"],"items_purchased_type":["Card","Card","Card"],"build_version":"2020-12-22","purchased_purges":0,"victory":false,"max_hp_per_floor":[75,75,75,75,75,75,75,75,75,75,75,75,75,75,75,75,75,75,75,75,75,75,75,75],"card_choices":[{"not_picked":["Dual Wield","Iron Wave"],"picked":"True Grit","floor":0.0},{"not_picked":["hubris:ReadiedAction","Heavy Blade"],"picked":"Uppercut","floor":1.0},{"not_picked":["Armaments","Combust","hubris:ReadiedAction"],"picked":"SKIP","floor":5.0},{"not_picked":["Carnage","Perfected Strike"],"picked":"Sword Boomerang","floor":7.0},{"not_picked":["Carnage","Perfected Strike","Thunderclap"],"picked":"SKIP","floor":8.0},{"not_picked":["Disarm","Infernal Blade"],"picked":"Reckless Charge","floor":11.0},{"not_picked":["Bludgeon","Twin Strike"],"picked":"Rupture","floor":13.0},{"not_picked":["Berserk","Bludgeon"],"picked":"Reaper","floor":16.0},{"not_picked":["Warcry","Heavy Blade"],"picked":"Ghostly Armor","floor":18.0},{"not_picked":["Perfected Strike","Sword Boomerang"],"picked":"Headbutt","floor":20.0},{"not_picked":["Warcry","Body Slam","Feed"],"picked":"SKIP","floor":21.0},{"not_picked":["Clash","Intimidate","Cleave"],"picked":"SKIP","floor":22.0}],"player_experience":1324068,"relics_obtained":[{"floor":2.0,"key":"hubris:CuriousFeather"},{"floor":7.0,"key":"Lantern"},{"floor":9.0,"key":"Pen Nib"}],"event_choices":[{"damage_healed":0.0,"max_hp_gain":0.0,"max_hp_loss":0.0,"gold_gain":0.0,"event_name":"Wheel of Change","player_choice":"Damaged","floor":3.0,"gold_loss":0.0,"damage_taken":11.0},{"damage_healed":25.0,"max_hp_gain":0.0,"max_hp_loss":0.0,"gold_gain":0.0,"event_name":"Big Fish","player_choice":"Banana","floor":14.0,"gold_loss":0.0,"damage_taken":0.0},{"damage_healed":0.0,"max_hp_gain":0.0,"max_hp_loss":0.0,"gold_gain":0.0,"event_name":"Duplicator","player_choice":"Copied","floor":19.0,"gold_loss":0.0,"damage_taken":0.0,"cards_obtained":["Reaper"]}],"is_beta":false,"boss_relics":[{"not_picked":["hubris:BlackHole","SlaversCollar"],"picked":"Pandora\u0027s Box"}],"items_purged_floors":[],"is_endless":false,"potions_floor_spawned":[7,16,18,21],"killed_by":"Gremlin Leader","ascension_level":20}}