{"host":"by9nexv7bw8pfn7u","time":1611591939,"event":{"mods":["BaseMod","Colored Powertips","Downfall","GifTheSpireLib","Minty Spire (QoL Compilation)","Random Character Button","StSLib","Unceasing Turn Reminder"],"gold_per_floor":[99,115,115,130,140,125,125,144,179,179,79,79,90,117,130,227,227,227,239,339,339,70,84,109,139,46,63,63,63,63,63,80,184,184,84,104,25,25,43,55,55,55,55,55,55,69,84,84,96,96],"floor_reached":51,"language":"ENG","playtime":3103,"items_purged":[],"score":829,"play_id":"acf2d695-502a-4dee-8823-5d047c45ee4a","local_time":"20210125172539","is_ascension_mode":true,"campfire_choices":[{"data":"Slimebound:Split","floor":1,"key":"SMITH"},{"floor":11,"key":"REST"},{"floor":18,"key":"RECALL"},{"floor":28,"key":"REST"},{"data":"expansioncontent:DashGenerateEvil","floor":30,"key":"SMITH"},{"data":"Slimebound:RollThrough","floor":35,"key":"SMITH"},{"data":"Slimebound:Teamwork","floor":43,"key":"SMITH"}],"circlet_count":0,"master_deck":["Slimebound:Strike_Slimebound+1","Slimebound:Strike_Slimebound","Slimebound:Strike_Slimebound+1","Slimebound:Tackle","Slimebound:Defend_Slimebound","Slimebound:Defend_Slimebound","Slimebound:Defend_Slimebound","Slimebound:Defend_Slimebound","Slimebound:Split+1","Slimebound:CorrosiveSpit","Slimebound:Recycling","Slimebound:Split+1","Slimebound:HungryTackle+1","Slimebound:ItLooksTasty","Slimebound:Nibble+1","Slimebound:RejuvenatingLick","Slimebound:RainOfGoop","downfall:Malfunctioning","Slimebound:SlimeTap","Slimebound:RollThrough+1","Slimebound:PrepareCrush+1","Slimebound:LeechEnergy+1","Slimebound:RollThrough","expansioncontent:DashGenerateEvil+1","Slimebound:LevelUp+1","Slimebound:SplitSpecialist+1","Slimebound:SpikyOuterGoop+1","Slimebound:Prepare+1","Slimebound:Teamwork+1","expansioncontent:Chronoboost+1","expansioncontent:LastStand+1"],"relics":["Slimebound:AbsorbEndCombat","Meat on the Bone","Unceasing Top","downfall:ShatteredFragment","downfall:HeartBlessingGreen","Calipers","Black Star","Incense Burner","Frozen Egg 2","Bottled Flame","Akabeko","StrikeDummy","Mummified Hand","Coffee Dripper","downfall:HeartBlessingRed","Bottled Lightning","Ornamental Fan"],"acts_visited":["Exordium","TheCity","TheBeyond"],"potions_floor_usage":[16,22,25,25,33,33,46,50,50],"damage_taken":[{"damage":3,"enemies":"Small Slimes","floor":2,"turns":4},{"damage":6,"enemies":"Cultist","floor":4,"turns":4},{"damage":8,"enemies":"2 Louse","floor":5,"turns":4},{"damage":11,"enemies":"downfall:FleeingMerchant","floor":6,"turns":4},{"damage":19,"enemies":"Exordium Wildlife","floor":8,"turns":4},{"damage":25,"enemies":"Lagavulin","floor":9,"turns":5},{"damage":7,"enemies":"Exordium Thugs","floor":13,"turns":3},{"damage":21,"enemies":"3 Sentries","floor":14,"turns":5},{"damage":0,"enemies":"Blue Slaver","floor":15,"turns":2},{"damage":12,"enemies":"WA_ARCHETYPE_RETAIN","floor":16,"turns":5},{"damage":16,"enemies":"3 Byrds","floor":19,"turns":4},{"damage":26,"enemies":"SI_SHIV_ARCHETYPE","floor":20,"turns":7},{"damage":15,"enemies":"downfall:FleeingMerchant","floor":22,"turns":4},{"damage":14,"enemies":"Shell Parasite","floor":23,"turns":4},{"damage":20,"enemies":"Book of Stabbing","floor":25,"turns":3},{"damage":14,"enemies":"downfall:FleeingMerchant","floor":26,"turns":4},{"damage":27,"enemies":"Snake Plant","floor":27,"turns":4},{"damage":20,"enemies":"Shelled Parasite and Fungi","floor":32,"turns":2},{"damage":34,"enemies":"IC_MUSHROOM_ARCHETYPE","floor":33,"turns":5},{"damage":14,"enemies":"3 Shapes","floor":36,"turns":3},{"damage":0,"enemies":"Orb Walker","floor":39,"turns":2},{"damage":0,"enemies":"Transient","floor":40,"turns":5},{"damage":6,"enemies":"Transient","floor":42,"turns":2},{"damage":15,"enemies":"Maw","floor":46,"turns":5},{"damage":4,"enemies":"4 Shapes","floor":47,"turns":4},{"damage":0,"enemies":"Spire Growth","floor":49,"turns":3},{"damage":17,"enemies":"SI_POISON_ARCHETYPE","floor":50,"turns":9}],"seed_played":"-66725517329128592","potions_obtained":[{"floor":9,"key":"Block Potion"},{"floor":13,"key":"Slimebound:SlimedPotion"},{"floor":14,"key":"Fire Potion"},{"floor":15,"key":"CultistPotion"},{"floor":16,"key":"Energy Potion"},{"floor":27,"key":"champ:CounterPotion"},{"floor":31,"key":"SneckoOil"},{"floor":31,"key":"LiquidBronze"},{"floor":32,"key":"Strength Potion"},{"floor":36,"key":"Weak Potion"},{"floor":38,"key":"downfall:CursedFountainPotion"},{"floor":46,"key":"FearPotion"}],"is_trial":false,"path_per_floor":["R","M","?","M","M","$","T","M","E","?","R","?","M","E","M","B",null,"R","M","?","?","$","M","T","E","$","M","R","?","R","?","M","B",null,"R","M","$","?","M","M","T","?","R","?","$","M","M","?","M","B",null],"character_chosen":"SLIMEBOUND","items_purchased":["Bottled Flame","expansioncontent:DashGenerateEvil","Mummified Hand","Slimebound:SpikyOuterGoop+1"],"campfire_rested":2,"item_purchase_floors":[22,26,26,37],"current_hp_per_floor":[65,64,64,63,57,54,54,41,36,18,37,37,38,37,45,41,65,65,51,33,25,30,36,36,36,42,35,54,43,43,43,41,27,70,70,62,62,62,66,70,70,68,68,63,63,54,50,50,58,49],"gold":96,"neow_bonus":"ONE_RANDOM_RARE_CARD","is_daily":false,"chose_seed":false,"campfire_upgraded":4,"win_rate":0.0,"timestamp":1611591939,"path_taken":["R","M","?","M","?","$","T","M","E","?","R","?","M","E","M","BOSS","R","M","?","?","$","M","T","E","$","?","R","?","R","?","M","BOSS","R","M","$","?","?","M","T","?","R","?","?","M","M","?","M","BOSS"],"items_purchased_type":["Relic","Card","Relic","Card"],"build_version":"2020-12-22","purchased_purges":0,"victory":true,"max_hp_per_floor":[65,65,65,65,65,65,65,65,65,65,65,65,65,65,65,65,65,65,65,65,65,65,65,65,65,65,65,65,70,70,70,70,70,70,70,70,70,70,70,70,70,70,70,70,70,70,70,70,70,70],"card_choices":[{"not_picked":["Slimebound:GoopTackle","Slimebound:SlimeSpikes","Slimebound:LeechingTouch"],"picked":"SKIP","floor":2},{"not_picked":["Slimebound:SplitMire","Slimebound:DisruptingSlam"],"picked":"Slimebound:HungryTackle","floor":4},{"not_picked":["Slimebound:WasteNot","Slimebound:LivingWall"],"picked":"Slimebound:ItLooksTasty","floor":5},{"not_picked":["Slimebound:FinishingTackle","Slimebound:Dissolve"],"picked":"Slimebound:Nibble","floor":6},{"not_picked":["Slimebound:PressTheAttack","Slimebound:SlimeSlap"],"picked":"Slimebound:RejuvenatingLick","floor":8},{"not_picked":["Slimebound:SplitLeeching","Slimebound:FlameTackle"],"picked":"Slimebound:RainOfGoop","floor":9},{"not_picked":["Slimebound:LeechingTouch","Slimebound:Prepare"],"picked":"Slimebound:SlimeTap","floor":13},{"not_picked":["Slimebound:RainOfGoop","Slimebound:FormOfPuddle"],"picked":"Slimebound:RollThrough","floor":14},{"not_picked":["Slimebound:Chomp","Slimebound:Nibble","Slimebound:LeadByExample"],"picked":"SKIP","floor":15},{"not_picked":["Slimebound:FirmFortitude","Slimebound:LeechLife"],"picked":"Slimebound:PrepareCrush","floor":16},{"not_picked":["Slimebound:SplitAcid","Slimebound:SplitBruiser","Slimebound:Nibble"],"picked":"SKIP","floor":19},{"not_picked":["Slimebound:Grow+1","Slimebound:SlimeBrawl+1","Slimebound:SplitLeeching+1"],"picked":"SKIP","floor":22},{"not_picked":["Slimebound:FlameTackle","Slimebound:RejuvenatingLick","Slimebound:LivingWall+1"],"picked":"SKIP","floor":23},{"not_picked":["Slimebound:RainOfGoop","Slimebound:Schlurp"],"picked":"Slimebound:LeechEnergy+1","floor":25},{"not_picked":["Slimebound:LeechEnergy","Slimebound:SplitMire"],"picked":"Slimebound:RollThrough","floor":26},{"not_picked":["Slimebound:ViciousTackle+1","Slimebound:HauntingLick"],"picked":"Slimebound:LevelUp+1","floor":27},{"not_picked":["Slimebound:SlimeBrawl","Slimebound:HauntingLick"],"picked":"Slimebound:SplitSpecialist+1","floor":32},{"not_picked":["Slimebound:TongueLash","Slimebound:LeechingTouch+1","Slimebound:ComboTackle+1"],"picked":"SKIP","floor":36},{"not_picked":["Slimebound:FormOfPuddle","Slimebound:LeechEnergy+1"],"picked":"Slimebound:Prepare+1","floor":39},{"not_picked":["Slimebound:PressTheAttack+1","Slimebound:Equalize","Slimebound:SamplingLick+1"],"picked":"SKIP","floor":40},{"not_picked":["Slimebound:SamplingLick","Slimebound:GrowthPunch"],"picked":"Slimebound:Teamwork","floor":42},{"not_picked":["expansioncontent:AwakenDeath+1","expansioncontent:Hexaburn+1"],"picked":"expansioncontent:Chronoboost+1","floor":44},{"not_picked":["expansioncontent:PolyBeam","expansioncontent:HyperBeam"],"picked":"expansioncontent:LastStand+1","floor":44},{"not_picked":["Slimebound:HauntingLick+1","Slimebound:PressTheAttack+1","Slimebound:SlimeBrawl+1"],"picked":"SKIP","floor":46},{"not_picked":["Slimebound:SlimeSpikes+1","Slimebound:FinishingTackle+1","Slimebound:LeechEnergy"],"picked":"SKIP","floor":47},{"not_picked":["Slimebound:SplitMire+1","Slimebound:DivideAndConquer+1","Slimebound:SplitBruiser+1"],"picked":"SKIP","floor":49}],"player_experience":1053888,"relics_obtained":[{"floor":7,"key":"Meat on the Bone"},{"floor":9,"key":"Unceasing Top"},{"floor":14,"key":"Calipers"},{"floor":20,"key":"Incense Burner"},{"floor":20,"key":"Frozen Egg 2"},{"floor":25,"key":"Akabeko"},{"floor":25,"key":"StrikeDummy"},{"floor":41,"key":"Bottled Lightning"},{"floor":48,"key":"Ornamental Fan"}],"event_choices":[{"damage_healed":0,"gold_gain":0,"player_choice":"Got Potions","damage_taken":0,"max_hp_gain":0,"max_hp_loss":0,"event_name":"Lab","floor":31,"gold_loss":0}],"is_beta":false,"boss_relics":[{"not_picked":["Velvet Choker","Fusion Hammer"],"picked":"Black Star"},{"not_picked":["Snecko Eye","bronze:MakeshiftBattery"],"picked":"Coffee Dripper"}],"items_purged_floors":[],"is_endless":false,"potions_floor_spawned":[9,13,14,15,16,27,32,36,39,46,49],"ascension_level":3}}