{"host":"kg61lsvem4dxoat8","time":1611582702,"event":{"mods":["BaseMod","Colored Powertips","Minty Spire (QoL Compilation)","Quick Restart","Rare Cards Sparkle","Relic Stats","slay the spire mod where everything is the same but ironclad has a cowboy hat"],"gold_per_floor":[53,112,187,187,57,207,207,235,235,235,265,265,299,310,310,310,384,384,396,127,143,193,203,203,16,16,16,16,16,43,57,103,103,176,176,188,188,201,151,451,451,483,483,483,495,457,457,61,111,111,111],"floor_reached":51,"language":"ENG","playtime":1447,"items_purged":["Strike_G","Doubt","Strike_G+1","Defend_G+1"],"score":1397,"play_id":"8ea9b235-4af6-42bd-9d1b-31c66a7acd92","local_time":"20210125215142","is_ascension_mode":true,"campfire_choices":[{"data":"Blade Dance","floor":6,"key":"SMITH"},{"data":"Neutralize","floor":8,"key":"SMITH"},{"data":"Blade Dance","floor":11,"key":"SMITH"},{"floor":15,"key":"REST"},{"floor":23,"key":"RECALL"},{"floor":25,"key":"REST"},{"floor":27,"key":"REST"},{"floor":32,"key":"REST"},{"floor":40,"key":"REST"},{"floor":42,"key":"REST"},{"floor":44,"key":"REST"},{"floor":46,"key":"REST"},{"floor":49,"key":"REST"}],"circlet_count":0,"master_deck":["AscendersBane","Defend_G+1","Defend_G+1","Defend_G+1","Defend_G+1","Survivor+1","Neutralize+1","Blade Dance+1","Blade Dance+1","Heel Hook+1","After Image","Calculated Gamble+1","Accuracy+1","Finesse+1","Blade Dance","Escape Plan","Blade Dance","Accuracy","Footwork","Footwork+1","Accuracy","Infinite Blades"],"relics":["Ring of the Snake","NeowsBlessing","Orichalcum","Kunai","Juzu Bracelet","Pen Nib","Whetstone","Fusion Hammer","Medical Kit","Regal Pillow","Matryoshka","Dream Catcher","War Paint","Empty Cage","Smiling Mask","MawBank","Potion Belt","HornCleat","Ice Cream"],"acts_visited":["Exordium","TheCity","TheBeyond"],"potions_floor_usage":[12,16,20,33,35,48,50],"damage_taken":[{"damage":0,"enemies":"Cultist","floor":1,"turns":1},{"damage":0,"enemies":"3 Sentries","floor":7,"turns":2},{"damage":0,"enemies":"Gremlin Nob","floor":10,"turns":1},{"damage":16,"enemies":"Lagavulin","floor":12,"turns":9},{"damage":0,"enemies":"Jaw Worm","floor":13,"turns":3},{"damage":3,"enemies":"Hexaghost","floor":16,"turns":12},{"damage":2,"enemies":"Chosen","floor":18,"turns":6},{"damage":6,"enemies":"3 Byrds","floor":20,"turns":5},{"damage":10,"enemies":"Snake Plant","floor":22,"turns":7},{"damage":1,"enemies":"Book of Stabbing","floor":29,"turns":5},{"damage":0,"enemies":"Centurion and Healer","floor":30,"turns":4},{"damage":49,"enemies":"Champ","floor":33,"turns":11},{"damage":0,"enemies":"3 Darklings","floor":35,"turns":6},{"damage":0,"enemies":"Orb Walker","floor":37,"turns":3},{"damage":3,"enemies":"Giant Head","floor":41,"turns":6},{"damage":14,"enemies":"2 Orb Walkers","floor":48,"turns":5},{"damage":13,"enemies":"Donu and Deca","floor":50,"turns":6}],"seed_played":"-8169249925914120888","potions_obtained":[{"floor":7,"key":"Dexterity Potion"},{"floor":13,"key":"FearPotion"},{"floor":18,"key":"Poison Potion"},{"floor":29,"key":"DuplicationPotion"},{"floor":30,"key":"DuplicationPotion"},{"floor":33,"key":"GhostInAJar"},{"floor":37,"key":"EssenceOfSteel"}],"is_trial":false,"path_per_floor":["M","?","?","$","?","R","E","R","T","E","R","E","M","T","R","B",null,"M","$","M","?","M","R","$","R","T","R","?","E","M","T","R","B",null,"M","?","M","?","?","R","E","R","T","R","$","R","$","?","R","B",null],"character_chosen":"THE_SILENT","items_purchased":["Blade Dance","Medical Kit","Accuracy","Finesse","HornCleat","Accuracy"],"campfire_rested":9,"item_purchase_floors":[4,19,24,24,47,47],"current_hp_per_floor":[45,59,48,41,41,41,41,41,41,41,41,41,25,25,25,44,41,60,58,58,52,52,42,42,42,61,61,66,66,65,65,65,66,17,54,54,54,54,54,54,66,63,66,66,66,66,66,66,52,66,53],"gold":111,"neow_bonus":"THREE_ENEMY_KILL","is_daily":false,"chose_seed":false,"campfire_upgraded":3,"win_rate":0.0,"timestamp":1611582702,"path_taken":["M","?","?","$","?","R","E","R","T","E","R","E","M","?","R","BOSS","M","$","M","?","M","R","$","R","T","R","?","E","M","?","R","BOSS","M","?","M","?","?","R","E","R","T","R","?","R","$","?","R","BOSS"],"items_purchased_type":["Card","Relic","Card","Card","Relic","Card"],"build_version":"2020-12-22","purchased_purges":4,"victory":true,"max_hp_per_floor":[66,66,66,66,66,66,66,66,66,66,66,66,66,66,66,66,66,66,66,66,66,66,66,66,66,66,66,66,66,66,66,66,66,66,66,66,66,66,66,66,66,66,66,66,66,66,66,66,66,66,66],"relic_stats":{"Regal Pillow":0,"counters":[17,92],"Pen Nib":[37],"Juzu Bracelet":2,"Whetstone":["Strike_G","Heel Hook"],"Orichalcum":[30],"War Paint":["Finesse","Survivor"],"Medical Kit":[8],"Smiling Mask":175,"MawBank":24,"Dream Catcher":6,"Kunai":[102],"obtain_stats":[{"Potion Belt":43,"Ice Cream":48,"Regal Pillow":26,"NeowsBlessing":0,"Pen Nib":12,"Juzu Bracelet":10,"Whetstone":14,"Orichalcum":7,"War Paint":31,"Medical Kit":19,"Empty Cage":34,"Smiling Mask":41,"MawBank":43,"Dream Catcher":31,"Matryoshka":29,"HornCleat":47,"Fusion Hammer":17,"Kunai":9,"Ring of the Snake":0},{"Potion Belt":15,"Ice Cream":16,"Regal Pillow":9,"NeowsBlessing":0,"Pen Nib":4,"Juzu Bracelet":3,"Whetstone":5,"Orichalcum":2,"War Paint":11,"Medical Kit":7,"Empty Cage":12,"Smiling Mask":15,"MawBank":15,"Dream Catcher":11,"Matryoshka":10,"HornCleat":15,"Fusion Hammer":6,"Kunai":2,"Ring of the Snake":0},{"Potion Belt":81,"Ice Cream":86,"Regal Pillow":46,"NeowsBlessing":0,"Pen Nib":13,"Juzu Bracelet":4,"Whetstone":16,"Orichalcum":3,"War Paint":55,"Medical Kit":34,"Empty Cage":66,"Smiling Mask":81,"MawBank":81,"Dream Catcher":55,"Matryoshka":51,"HornCleat":81,"Fusion Hammer":28,"Kunai":3,"Ring of the Snake":0}],"Ring of the Snake":[34]},"card_choices":[{"not_picked":["Quick Slash","Acrobatics","Sucker Punch"],"picked":"SKIP","floor":1},{"not_picked":["Skewer","Slice","Underhanded Strike"],"picked":"SKIP","floor":7},{"not_picked":["Blur","Crippling Poison"],"picked":"Blade Dance","floor":10},{"not_picked":["Poisoned Stab","Crippling Poison"],"picked":"Heel Hook","floor":12},{"not_picked":["Prepared","Endless Agony","Quick Slash"],"picked":"SKIP","floor":13},{"not_picked":["Adrenaline","Unload"],"picked":"After Image","floor":16},{"not_picked":["Deadly Poison","Underhanded Strike","Expertise"],"picked":"SKIP","floor":18},{"not_picked":["Dagger Spray","Expertise+1","Sucker Punch"],"picked":"SKIP","floor":20},{"not_picked":["Poisoned Stab+1","Flying Knee"],"picked":"Calculated Gamble+1","floor":22},{"not_picked":["Noxious Fumes","Caltrops","Calculated Gamble"],"picked":"SKIP","floor":29},{"not_picked":["Flying Knee","Acrobatics","Outmaneuver"],"picked":"SKIP","floor":30},{"not_picked":["Prepared","Deadly Poison"],"picked":"Blade Dance","floor":35},{"not_picked":["Noxious Fumes","Expertise+1"],"picked":"Escape Plan","floor":37},{"not_picked":["Heel Hook","Distraction"],"picked":"Blade Dance","floor":41},{"not_picked":["Flying Knee","Dodge and Roll"],"picked":"Accuracy","floor":42},{"not_picked":["Corpse Explosion","Heel Hook"],"picked":"Footwork","floor":44},{"not_picked":["Prepared","Flying Knee"],"picked":"Footwork+1","floor":46},{"not_picked":["Prepared","Expertise"],"picked":"Infinite Blades","floor":49}],"player_experience":1395052,"relics_obtained":[{"floor":7,"key":"Orichalcum"},{"floor":9,"key":"Kunai"},{"floor":10,"key":"Juzu Bracelet"},{"floor":12,"key":"Pen Nib"},{"floor":14,"key":"Whetstone"},{"floor":26,"key":"Regal Pillow"},{"floor":29,"key":"Matryoshka"},{"floor":31,"key":"Dream Catcher"},{"floor":31,"key":"War Paint"},{"floor":41,"key":"Smiling Mask"},{"floor":43,"key":"MawBank"},{"floor":43,"key":"Potion Belt"},{"floor":48,"key":"Ice Cream"}],"event_choices":[{"damage_healed":0,"gold_gain":75,"player_choice":"Gather Gold","damage_taken":11,"max_hp_gain":0,"max_hp_loss":0,"event_name":"World of Goop","floor":2,"gold_loss":0},{"cards_removed":["Strike_G"],"damage_healed":0,"gold_gain":0,"player_choice":"Card Removal","damage_taken":7,"max_hp_gain":0,"max_hp_loss":0,"event_name":"Golden Wing","floor":3,"gold_loss":0},{"damage_healed":0,"gold_gain":150,"player_choice":"AGREE","damage_taken":0,"max_hp_gain":0,"max_hp_loss":0,"event_name":"Liars Game","floor":5,"gold_loss":0,"cards_obtained":["Doubt"]},{"damage_healed":0,"gold_gain":50,"player_choice":"Stole From Cult","damage_taken":0,"max_hp_gain":0,"max_hp_loss":0,"event_name":"Nest","floor":21,"gold_loss":0},{"damage_healed":0,"gold_gain":0,"player_choice":"Simplicity","damage_taken":0,"max_hp_gain":0,"max_hp_loss":0,"event_name":"Back to Basics","floor":28,"gold_loss":0,"cards_upgraded":["Strike_G","Strike_G","Defend_G","Defend_G","Defend_G","Defend_G","Defend_G"]},{"damage_healed":0,"gold_gain":0,"player_choice":"Ignored","damage_taken":0,"max_hp_gain":0,"max_hp_loss":0,"event_name":"Tomb of Lord Red Mask","floor":36,"gold_loss":0},{"damage_healed":0,"gold_gain":0,"player_choice":"Upgrade","damage_taken":0,"max_hp_gain":0,"max_hp_loss":0,"event_name":"Designer","floor":38,"gold_loss":50,"cards_upgraded":["Accuracy"]},{"damage_healed":0,"gold_gain":300,"player_choice":"Gold","damage_taken":0,"max_hp_gain":0,"max_hp_loss":0,"event_name":"Wheel of Change","floor":39,"gold_loss":0},{"damage_healed":0,"gold_gain":0,"player_choice":"Fight","damage_taken":0,"max_hp_gain":0,"max_hp_loss":0,"event_name":"Mysterious Sphere","floor":48,"gold_loss":0}],"is_beta":false,"boss_relics":[{"not_picked":["SacredBark","Astrolabe"],"picked":"Fusion Hammer"},{"not_picked":["Ring of the Serpent","Sozu"],"picked":"Empty Cage"}],"items_purged_floors":[4,19,45,47],"is_endless":false,"potions_floor_spawned":[7,13,18,29,30,33,37,41],"ascension_level":17}}