{"host":"7sni158j623xchr2","time":1611547376,"event":{"mods":["BaseMod","Colored Map","Highlight Path","Minty Spire (QoL Compilation)","Permanent Neow","Potion Indicator Mod","Rare Cards Sparkle","Relic Sorter","Relic Stats","StSLib","everything is the same but u backflip on backflip"],"gold_per_floor":[117,117,4,4,15,15,15,15,15,26,26,40,66,48,48,150,150,170,85,85,105,13,13,13],"floor_reached":23,"language":"ENG","playtime":578,"items_purged":["Decay"],"score":217,"play_id":"fd049f79-77c5-424a-9724-c0112a501666","local_time":"20210124220256","is_ascension_mode":true,"campfire_choices":[{"data":"Defragment","floor":6,"key":"SMITH"},{"data":"Dualcast","floor":8,"key":"SMITH"},{"data":"Self Repair","floor":11,"key":"SMITH"},{"data":"FTL","floor":15,"key":"SMITH"}],"circlet_count":0,"master_deck":["Strike_B","Strike_B","Strike_B","Strike_B+1","Defend_B","Defend_B","Defend_B","Defend_B","Zap+1","Dualcast+1","Conserve Battery","Self Repair+1","Defragment+1","BootSequence","FTL+1","Ball Lightning","Seek","Sweeping Beam","Coolheaded"],"relics":["FrozenCore","TungstenRod","The Courier","HornCleat","Vajra","Kunai"],"acts_visited":["Exordium","TheCity"],"potions_floor_usage":[7,13],"damage_taken":[{"damage":0,"enemies":"Jaw Worm","floor":1,"turns":3},{"damage":0,"enemies":"Cultist","floor":5,"turns":2},{"damage":0,"enemies":"Gremlin Nob","floor":7,"turns":1},{"damage":0,"enemies":"Small Slimes","floor":10,"turns":3},{"damage":8,"enemies":"2 Fungi Beasts","floor":12,"turns":4},{"damage":12,"enemies":"3 Sentries","floor":13,"turns":6},{"damage":10,"enemies":"The Guardian","floor":16,"turns":9},{"damage":2,"enemies":"Spheric Guardian","floor":18,"turns":4},{"damage":9,"enemies":"2 Thieves","floor":21,"turns":4},{"damage":71,"enemies":"Gremlin Leader","floor":23,"turns":10}],"seed_played":"-6740431240361322236","potions_obtained":[{"floor":1,"key":"SmokeBomb"},{"floor":10,"key":"SkillPotion"}],"is_trial":false,"path_per_floor":["M","?","$","?","M","R","E","R","T","M","R","M","E","$","R","B",null,"M","?","?","M","?","E"],"character_chosen":"DEFECT","items_purchased":["Self Repair","Ball Lightning"],"campfire_rested":0,"item_purchase_floors":[3,14],"current_hp_per_floor":[54,54,54,40,47,47,47,47,47,54,54,56,54,54,54,54,75,75,75,62,63,63,0,0],"gold":13,"neow_bonus":"ONE_RARE_RELIC","is_daily":false,"chose_seed":false,"campfire_upgraded":4,"win_rate":0.0,"timestamp":1611547376,"path_taken":["M","?","?","?","M","R","E","R","T","M","R","M","E","$","R","BOSS","M","?","?","M","?","E"],"items_purchased_type":["Card","Card"],"build_version":"2020-12-22","purchased_purges":1,"victory":false,"max_hp_per_floor":[75,75,75,75,75,75,75,75,75,75,75,75,75,75,75,75,75,75,75,80,80,80,80,80],"relic_stats":{"counters":[10,46],"Kunai":[3],"obtain_stats":[{"HornCleat":13,"Vajra":19,"The Courier":9,"Kunai":22,"Cracked Core":0,"TungstenRod":0,"FrozenCore":17},{"HornCleat":6,"Vajra":8,"The Courier":3,"Kunai":9,"Cracked Core":0,"TungstenRod":0,"FrozenCore":7},{"HornCleat":19,"Vajra":32,"The Courier":6,"Kunai":36,"Cracked Core":0,"TungstenRod":0,"FrozenCore":28}],"TungstenRod":21,"FrozenCore":[6]},"card_choices":[{"not_picked":["Auto Shields","Streamline"],"picked":"Conserve Battery","floor":1},{"not_picked":["Conserve Battery","Reinforced Body"],"picked":"Defragment","floor":5},{"not_picked":["Consume","Leap"],"picked":"BootSequence","floor":10},{"not_picked":["Gash","Heatsinks"],"picked":"FTL","floor":12},{"not_picked":["Go for the Eyes","Steam","Gash"],"picked":"SKIP","floor":13},{"not_picked":["Buffer","Rainbow"],"picked":"Seek","floor":16},{"not_picked":["Gash","Stack"],"picked":"Sweeping Beam","floor":18},{"not_picked":["Steam Power","Genetic Algorithm"],"picked":"Coolheaded","floor":21}],"player_experience":1694304,"relics_obtained":[{"floor":9,"key":"The Courier"},{"floor":13,"key":"HornCleat"}],"event_choices":[{"damage_healed":0,"gold_gain":0,"player_choice":"Cursed","damage_taken":0,"max_hp_gain":0,"max_hp_loss":0,"event_name":"Wheel of Change","floor":2,"gold_loss":0,"cards_obtained":["Decay"]},{"damage_healed":0,"gold_gain":0,"player_choice":"Entered Light","damage_taken":15,"max_hp_gain":0,"max_hp_loss":0,"event_name":"Shining Light","floor":4,"gold_loss":0,"cards_upgraded":["Zap","Strike_B"]},{"damage_healed":0,"gold_gain":0,"player_choice":"Obtained Relic","damage_taken":0,"relics_obtained":["Vajra"],"max_hp_gain":0,"max_hp_loss":0,"event_name":"Addict","floor":19,"gold_loss":85},{"damage_healed":0,"gold_gain":0,"player_choice":"Shed Blood","damage_taken":19,"max_hp_gain":5,"max_hp_loss":0,"event_name":"Forgotten Altar","floor":20,"gold_loss":0},{"damage_healed":0,"gold_gain":0,"player_choice":"Paid Gold","damage_taken":0,"relics_obtained":["Kunai"],"max_hp_gain":0,"max_hp_loss":0,"event_name":"WeMeetAgain","floor":22,"gold_loss":92}],"is_beta":false,"boss_relics":[{"not_picked":["Ectoplasm","Philosopher\u0027s Stone"],"picked":"FrozenCore"}],"items_purged_floors":[3],"is_endless":false,"potions_floor_spawned":[1,7,10],"killed_by":"Gremlin Leader","ascension_level":2}}