{"host":"s2osy7q50b0b981m","time":1611611348,"event":{"mods":["2.2 Compatiblity","AchievementEnabler","Act Like it!","Aspiration","BaseMod","Better Match","Better Note","Better Skull","Better Vampires","BetterRewards","Block Reminder","Colored Map","Colored Powertips","Custom Start","DeckTracker","Downfall","Halation","Hermit","Highlight Path","Hubris","Jorbs\u0027s Wanderer Trilogy","Marisa????????","Minty Spire (QoL Compilation)","Permanent Neow","Quick Restart","Replay The Spire","Shade Mod","StSLib","The Bladedancer","The Bug Knight","The Construct","The Cursed","The Disciple","The Jungle","The Necromancer","The Servant 0.9.4"],"gold_per_floor":[14,32,32,46,46,46,46,65,65,65,140,159,159,8,8,112,112,112,112],"floor_reached":18,"language":"ENG","playtime":1054,"items_purged":[],"score":150,"play_id":"98a4d86f-42eb-470a-97b2-45c9a77008f0","local_time":"20210125224908","is_ascension_mode":false,"campfire_choices":[{"data":"KidneyShot","floor":6,"key":"SMITH"},{"data":"Read","floor":10,"key":"SMITH"},{"floor":13,"key":"REST"},{"data":"Defy","floor":15,"key":"SMITH"}],"circlet_count":0,"master_deck":["Strike_S","Strike_S","Strike_S","Strike_S","Defend_S","Defend_S","Defend_S","Defend_S","KidneyShot+1","Exchange","ShiftingGears","Read+1","Moonlight","Defy+1","InstantArmor","Moonlight","Solidify"],"relics":["Uniform","Snack Pack","halation:QuantumPhysicsTextbook","hubris:ScarierMask"],"acts_visited":["Exordium","TheCity"],"potions_floor_usage":[4,16,16],"damage_taken":[{"damage":5,"enemies":"Jaw Worm","floor":1,"turns":5},{"damage":0,"enemies":"Cultist","floor":2,"turns":4},{"damage":5,"enemies":"Small Slimes","floor":4,"turns":4},{"damage":8,"enemies":"Gremlin Gang","floor":8,"turns":9},{"damage":13,"enemies":"3 Louse","floor":12,"turns":3},{"damage":34,"enemies":"The Guardian","floor":16,"turns":26},{"damage":0,"enemies":"Chosen","floor":18,"turns":4}],"seed_played":"8960476214194893470","potions_obtained":[{"floor":2,"key":"SteroidPotion"},{"floor":8,"key":"FearPotion"},{"floor":12,"key":"Fire Potion"},{"floor":16,"key":"Doom Potion"}],"is_trial":false,"path_per_floor":["M","M","?","M","?","R","?","M","T","R","?","M","R","$","R","B",null,"M"],"character_chosen":"THE_SERVANT","items_purchased":["InstantArmor","Moonlight"],"campfire_rested":1,"item_purchase_floors":[14,14],"current_hp_per_floor":[72,72,72,69,69,69,69,63,63,63,56,45,68,68,68,38,77,77,77],"gold":112,"neow_bonus":"TWENTY_PERCENT_HP_BONUS","is_daily":false,"chose_seed":false,"campfire_upgraded":3,"win_rate":0.0,"timestamp":1611611348,"path_taken":["M","M","?","?","?","R","?","?","T","R","?","M","R","$","R","BOSS","M"],"items_purchased_type":["Card","Card"],"build_version":"2020-12-22","purchased_purges":0,"victory":false,"max_hp_per_floor":[77,77,77,77,77,77,77,77,77,77,77,77,77,77,77,77,77,77,77],"card_choices":[{"not_picked":["TimeWarp","BottledTime","Replace"],"picked":"SKIP","floor":1},{"not_picked":["Rewind","TimeWarp","Shuttle"],"picked":"SKIP","floor":2},{"not_picked":["DualDimension","LightFlow"],"picked":"ShiftingGears","floor":4},{"not_picked":["Potential","InstantArmor"],"picked":"Moonlight","floor":8},{"not_picked":["Ricochet","Rewind"],"picked":"Defy","floor":12},{"not_picked":["LightFlow","PendulumOfEternity"],"picked":"Solidify","floor":16}],"player_experience":199852,"relics_obtained":[{"floor":3,"key":"Snack Pack"},{"floor":9,"key":"halation:QuantumPhysicsTextbook"}],"event_choices":[{"damage_healed":0,"gold_gain":0,"player_choice":"Relic","damage_taken":0,"max_hp_gain":0,"max_hp_loss":0,"event_name":"Wheel of Change","floor":3,"gold_loss":0},{"damage_healed":0,"gold_gain":0,"player_choice":"Ignored","damage_taken":0,"max_hp_gain":0,"max_hp_loss":0,"event_name":"Golden Idol","floor":5,"gold_loss":0},{"damage_healed":0,"gold_gain":0,"player_choice":"Take","damage_taken":0,"max_hp_gain":0,"max_hp_loss":0,"event_name":"betterNote:BetterNote","floor":7,"gold_loss":0,"cards_obtained":["Read"]},{"damage_healed":0,"gold_gain":75,"player_choice":"Touch","damage_taken":7,"max_hp_gain":0,"max_hp_loss":0,"event_name":"FaceTrader","floor":11,"gold_loss":0}],"is_beta":false,"boss_relics":[{"not_picked":["aspiration:RunicSpoon","halation:Risk"],"picked":"hubris:ScarierMask"}],"items_purged_floors":[],"is_endless":false,"potions_floor_spawned":[2,8,12,16],"killed_by":"Chosen","ascension_level":0}}