{"host":"7rmsgc3rayi00cdt","time":1611596752,"event":{"mods":["BaseMod","Minty Spire (QoL Compilation)"],"gold_per_floor":[109,184,184,203,4,39,39,55,55,72,102,102,122,122,122,215,215,234,284,304,328,328,328,342,361,386,430,443,461,482,518,518,611,611,624,624,266,289,316,316,330,370,394,394,413,428,145,145,145,145],"floor_reached":51,"language":"ENG","playtime":2189,"items_purged":["Strike_B"],"score":1416,"play_id":"7f4d3051-7e35-4a72-92b6-557d418359e2","local_time":"20210125174552","is_ascension_mode":true,"campfire_choices":[{"data":"Zap","floor":7,"key":"SMITH"},{"data":"Go for the Eyes","floor":12,"key":"SMITH"},{"floor":15,"key":"REST"},{"data":"Leap","floor":23,"key":"SMITH"},{"floor":32,"key":"REST"},{"data":"Scrape","floor":40,"key":"SMITH"},{"data":"Dualcast","floor":44,"key":"SMITH"},{"floor":49,"key":"REST"}],"circlet_count":0,"master_deck":["AscendersBane","Strike_B","Strike_B","Defend_B","Defend_B","Defend_B","Zap+1","Dualcast+1","Cold Snap","Streamline","Leap+1","Reboot","Go for the Eyes+1","Gash","Scrape+1","All For One","FTL+1","Skim+1","Gash","Gash","Beam Cell","Master of Strategy"],"relics":["Cracked Core","Meat on the Bone","Orichalcum","Boot","Ornamental Fan","Omamori","Golden Idol","Busted Crown","MealTicket","Symbiotic Virus","Incense Burner","Empty Cage","Vajra","Membership Card","Centennial Puzzle","Bronze Scales","Potion Belt","HandDrill","Anchor"],"acts_visited":["Exordium","TheCity","TheBeyond"],"potions_floor_usage":[16,16,25,30,33,41,41,50,50,50,50],"damage_taken":[{"damage":1,"enemies":"Small Slimes","floor":1,"turns":4},{"damage":1,"enemies":"Jaw Worm","floor":4,"turns":3},{"damage":23,"enemies":"Gremlin Nob","floor":6,"turns":5},{"damage":1,"enemies":"2 Louse","floor":8,"turns":2},{"damage":0,"enemies":"2 Fungi Beasts","floor":10,"turns":3},{"damage":12,"enemies":"3 Sentries","floor":11,"turns":5},{"damage":0,"enemies":"Looter","floor":13,"turns":2},{"damage":12,"enemies":"Hexaghost","floor":16,"turns":8},{"damage":1,"enemies":"2 Thieves","floor":18,"turns":5},{"damage":4,"enemies":"Shell Parasite","floor":20,"turns":4},{"damage":16,"enemies":"Sentry and Sphere","floor":21,"turns":5},{"damage":0,"enemies":"Snecko","floor":24,"turns":3},{"damage":8,"enemies":"Cultist and Chosen","floor":25,"turns":5},{"damage":0,"enemies":"Gremlin Leader","floor":27,"turns":5},{"damage":4,"enemies":"3 Cultists","floor":28,"turns":5},{"damage":6,"enemies":"Shelled Parasite and Fungi","floor":29,"turns":4},{"damage":3,"enemies":"Centurion and Healer","floor":30,"turns":5},{"damage":15,"enemies":"Book of Stabbing","floor":31,"turns":5},{"damage":23,"enemies":"Automaton","floor":33,"turns":11},{"damage":0,"enemies":"3 Shapes","floor":35,"turns":6},{"damage":10,"enemies":"3 Darklings","floor":38,"turns":5},{"damage":21,"enemies":"Jaw Worm Horde","floor":41,"turns":4},{"damage":20,"enemies":"Giant Head","floor":42,"turns":6},{"damage":8,"enemies":"Spire Growth","floor":45,"turns":3},{"damage":2,"enemies":"4 Shapes","floor":46,"turns":6},{"damage":46,"enemies":"Time Eater","floor":50,"turns":7}],"seed_played":"552833386417693799","potions_obtained":[{"floor":4,"key":"Swift Potion"},{"floor":8,"key":"FocusPotion"},{"floor":13,"key":"Block Potion"},{"floor":16,"key":"BlessingOfTheForge"},{"floor":18,"key":"Dexterity Potion"},{"floor":25,"key":"FearPotion"},{"floor":35,"key":"Dexterity Potion"},{"floor":38,"key":"FearPotion"},{"floor":46,"key":"EssenceOfDarkness"}],"is_trial":false,"path_per_floor":["M","?","?","M","$","E","R","M","T","M","E","R","M","?","R","B",null,"M","?","M","M","?","R","M","M","T","E","M","M","M","E","R","B",null,"M","?","$","M","T","R","M","E","T","R","M","M","$","?","R","B",null],"character_chosen":"DEFECT","items_purchased":["Orichalcum","Leap","Vajra","Membership Card","Gash","HandDrill","Fire Potion","Swift Potion","FearPotion","Anchor"],"campfire_rested":3,"item_purchase_floors":[5,5,37,37,37,47,47,47,47,47],"current_hp_per_floor":[63,52,34,45,45,34,34,45,45,45,45,45,45,45,66,54,67,66,66,62,46,26,26,38,42,42,42,50,44,41,38,60,49,69,69,69,76,66,66,66,45,37,37,37,41,39,54,54,76,42],"gold":145,"neow_bonus":"ONE_RANDOM_RARE_CARD","is_daily":false,"chose_seed":false,"campfire_upgraded":5,"win_rate":0.0,"timestamp":1611596752,"path_taken":["M","?","?","M","?","E","R","M","T","M","E","R","M","?","R","BOSS","M","?","M","M","?","R","M","M","T","E","M","M","M","E","R","BOSS","M","?","?","M","?","R","M","E","T","R","?","M","$","?","R","BOSS"],"items_purchased_type":["Relic","Card","Relic","Relic","Card","Relic","Potion","Potion","Potion","Relic"],"build_version":"2020-12-22","purchased_purges":1,"victory":true,"max_hp_per_floor":[71,71,71,71,71,71,71,71,71,71,71,71,71,71,71,71,71,71,71,71,71,76,76,76,76,76,76,76,76,76,76,76,76,76,76,76,76,76,76,76,76,76,76,76,76,76,76,76,76,76],"card_choices":[{"not_picked":["Compile Driver","Redo"],"picked":"Cold Snap","floor":1},{"not_picked":["Redo","Compile Driver"],"picked":"Streamline","floor":4},{"not_picked":["Turbo","Barrage"],"picked":"Reboot","floor":6},{"not_picked":["Force Field","Barrage"],"picked":"Go for the Eyes","floor":8},{"not_picked":["Rebound","Stack"],"picked":"Gash","floor":10},{"not_picked":["Ball Lightning","Self Repair"],"picked":"Scrape","floor":11},{"not_picked":["Fusion","Chaos","Sunder"],"picked":"SKIP","floor":13},{"not_picked":["Seek","Machine Learning"],"picked":"All For One","floor":16},{"not_picked":["Sweeping Beam"],"picked":"SKIP","floor":18},{"not_picked":[],"picked":"FTL+1","floor":20},{"not_picked":[],"picked":"Skim+1","floor":21},{"not_picked":["Turbo"],"picked":"SKIP","floor":24},{"not_picked":["Cold Snap"],"picked":"SKIP","floor":25},{"not_picked":["Barrage"],"picked":"SKIP","floor":27},{"not_picked":["Darkness"],"picked":"SKIP","floor":28},{"not_picked":["Aggregate"],"picked":"SKIP","floor":29},{"not_picked":["Doom and Gloom"],"picked":"SKIP","floor":30},{"not_picked":["Compile Driver"],"picked":"SKIP","floor":31},{"not_picked":["Sweeping Beam+1"],"picked":"SKIP","floor":35},{"not_picked":[],"picked":"Gash","floor":38},{"not_picked":[],"picked":"Beam Cell","floor":41},{"not_picked":["Cold Snap"],"picked":"SKIP","floor":42},{"not_picked":["Go for the Eyes"],"picked":"SKIP","floor":45},{"not_picked":["Cold Snap"],"picked":"SKIP","floor":46},{"not_picked":[],"picked":"Master of Strategy","floor":48}],"player_experience":784824,"relics_obtained":[{"floor":6,"key":"Boot"},{"floor":9,"key":"Ornamental Fan"},{"floor":11,"key":"Omamori"},{"floor":26,"key":"MealTicket"},{"floor":27,"key":"Symbiotic Virus"},{"floor":31,"key":"Incense Burner"},{"floor":39,"key":"Centennial Puzzle"},{"floor":42,"key":"Bronze Scales"},{"floor":43,"key":"Potion Belt"}],"event_choices":[{"damage_healed":0,"gold_gain":75,"player_choice":"Gather Gold","damage_taken":11,"max_hp_gain":0,"max_hp_loss":0,"event_name":"World of Goop","floor":2,"gold_loss":0},{"damage_healed":0,"gold_gain":0,"player_choice":"Success","damage_taken":18,"relics_obtained":["Meat on the Bone"],"max_hp_gain":0,"max_hp_loss":0,"event_name":"Scrap Ooze","floor":3,"gold_loss":0},{"damage_healed":0,"gold_gain":0,"player_choice":"Take Wound","damage_taken":0,"relics_obtained":["Golden Idol"],"max_hp_gain":0,"max_hp_loss":0,"event_name":"Golden Idol","floor":14,"gold_loss":0,"cards_obtained":["Injury"]},{"damage_healed":0,"gold_gain":50,"player_choice":"Stole From Cult","damage_taken":0,"max_hp_gain":0,"max_hp_loss":0,"event_name":"Nest","floor":19,"gold_loss":0},{"damage_healed":0,"gold_gain":0,"player_choice":"Shed Blood","damage_taken":25,"max_hp_gain":5,"max_hp_loss":0,"event_name":"Forgotten Altar","floor":22,"gold_loss":0},{"cards_removed":["Biased Cognition"],"damage_healed":0,"gold_gain":0,"player_choice":"Removed Power","damage_taken":0,"max_hp_gain":0,"max_hp_loss":0,"event_name":"Falling","floor":36,"gold_loss":0},{"damage_healed":0,"gold_gain":0,"player_choice":"Memory 1","damage_taken":0,"max_hp_gain":0,"max_hp_loss":0,"event_name":"SensoryStone","floor":48,"gold_loss":0}],"is_beta":false,"boss_relics":[{"not_picked":["Astrolabe","Velvet Choker"],"picked":"Busted Crown"},{"not_picked":["Sozu","Runic Dome"],"picked":"Empty Cage"}],"items_purged_floors":[47],"is_endless":false,"potions_floor_spawned":[4,8,13,16,18,20,24,25,27,35,38,46],"ascension_level":18}}