{"host":"df48i9djcn92c5sx","time":1611568966,"event":{"mods":["Act Like it!","Arknights The Spire","BaseMod","Decade(王小明)","Downfall","Gensokyo","Marisa（F雨　魔理沙）","Minty Spire (QoL Compilation)","READ ME - Guardian Mod","READ ME - Snecko Mod","Reimu（博丽灵梦）","Remilia（蕾米莉亚）","Shop Mod","StSLib","The Jungle","The Servant 0.9.4"],"gold_per_floor":[117,137,152,224,235,235,252,252,305,65,65,65,97,117,117,220,220,234,59,59,70,83,83,110,28,98,98,85,102,102,115,115,115,115],"floor_reached":33,"language":"ZHS","playtime":1053,"items_purged":[],"score":497,"play_id":"10afc6ad-64cb-4165-9c4e-f91f4f3b977d","local_time":"20210125180246","is_ascension_mode":true,"campfire_choices":[{"data":"MasterSpark","floor":6.0,"key":"SMITH"},{"data":"MagicAbsorber","floor":8.0,"key":"SMITH"},{"floor":15,"key":"REST"},{"data":"Gensokyo:CrescentMoonSlash","floor":23,"key":"SMITH"},{"floor":27,"key":"REST"},{"floor":32,"key":"REST"}],"circlet_count":0,"master_deck":["AscendersBane","Strike_MRS","Strike_MRS","Strike_MRS","Strike_MRS","Defend_MRS","Defend_MRS","Defend_MRS","Defend_MRS","MasterSpark+1","UpSweep","MagicAbsorber+1","ManaRampage+1","Gensokyo:CrescentMoonSlash+1","Clumsy","GalacticHalo+1","BlazeAway+1","UltimateShortwave+1","CurseOfTheBell","GrandCross+1","Acceleration+1","Gensokyo:BlemishedSteel","downfall:Icky","Writhe","AsteroidBelt+1","Night Terror+1","OpenUniverse+1"],"relics":["MiniHakkero","NeowsBlessing","Toxic Egg 2","Frozen Egg 2","downfall:ExtraCursedKey","PureWhite:ReiMu","MerchantsRug","Molten Egg 2","Bronze Scales","HornCleat"],"acts_visited":["Exordium","Gensokyo:Gensokyo"],"potions_floor_usage":[16,24,24,33],"damage_taken":[{"damage":0.0,"enemies":"Gensokyo:Gryphon","floor":1.0,"turns":1.0},{"damage":0.0,"enemies":"Gensokyo:Python","floor":2.0,"turns":1.0},{"damage":0.0,"enemies":"Gensokyo:2_Kodama","floor":3.0,"turns":2.0},{"damage":11.0,"enemies":"Gensokyo:CorruptedTreant","floor":5.0,"turns":4.0},{"damage":11.0,"enemies":"Gensokyo:Gryphon_and_Rabbit","floor":7.0,"turns":5.0},{"damage":8.0,"enemies":"Gensokyo:Cirno","floor":13.0,"turns":5.0},{"damage":4,"enemies":"Gensokyo:3_Kodama","floor":14,"turns":3},{"damage":9,"enemies":"Gensokyo:Kokoro","floor":16,"turns":5},{"damage":0,"enemies":"Gensokyo:CosmicMonolith","floor":18,"turns":2},{"damage":0,"enemies":"Gensokyo:Chomper","floor":21,"turns":3},{"damage":11,"enemies":"Gensokyo:Swordslinger","floor":22,"turns":3},{"damage":31,"enemies":"Gensokyo:Tenshi","floor":24,"turns":3},{"damage":16,"enemies":"Gensokyo:Chomper_and_Gloop","floor":29,"turns":5},{"damage":0,"enemies":"Gensokyo:Monolith_and_Dog","floor":31,"turns":3},{"damage":66,"enemies":"Gensokyo:Kaguya","floor":33,"turns":9}],"seed_played":"1665332884051396819","potions_obtained":[{"floor":3.0,"key":"Slimebound:ThreeZeroPotion"},{"floor":7.0,"key":"AttackPotion"},{"floor":13.0,"key":"PowerPotion"},{"floor":18,"key":"Energy Potion"},{"floor":22,"key":"AttackPotion"},{"floor":31,"key":"SpeedPotion"}],"is_trial":false,"path_per_floor":["M","M","M","T","M","R","M","R","T","$","?","?","E","M","R","B",null,"M","$","?","M","M","R","E","COS","T","R","?","M","?","M","R","B"],"character_chosen":"MARISA","items_purchased":["Frozen Egg 2","MerchantsRug","Molten Egg 2"],"campfire_rested":3,"item_purchase_floors":[10,19,19],"current_hp_per_floor":[68,68,68,68,57,57,46,46,46,46,35,40,32,28,52,43,71,71,71,71,71,60,60,29,29,29,53,64,48,40,40,64,0,0],"gold":115,"neow_bonus":"THREE_ENEMY_KILL","is_daily":false,"chose_seed":false,"campfire_upgraded":3,"win_rate":0.0,"timestamp":1611568966,"path_taken":["M","M","?","?","M","R","?","R","T","$","?","?","E","?","R","BOSS","M","?","?","M","M","R","E","COS","T","R","?","?","?","?","R","BOSS"],"items_purchased_type":["Relic","Relic","Relic"],"build_version":"2020-12-22","purchased_purges":0,"victory":false,"max_hp_per_floor":[75,75,75,75,75,75,75,75,75,75,75,80,80,80,80,80,80,80,80,80,80,80,80,80,80,80,80,80,80,80,80,80,80,80],"card_choices":[{"not_picked":["WitchOfGreed","DoubleSpark","EventHorizon"],"picked":"SKIP","floor":1.0},{"not_picked":["PropBag","GalacticHalo","IllusionStar"],"picked":"SKIP","floor":2.0},{"not_picked":["WitchLeyline","MysteriousBeam"],"picked":"MagicAbsorber","floor":3.0},{"not_picked":["DarkSpark","MilkyWay+1","OneTimeOff+1"],"picked":"SKIP","floor":5.0},{"not_picked":["DC","GalacticHalo+1"],"picked":"ManaRampage+1","floor":7.0},{"not_picked":["SuperPerseids+1","NonDirectionalLaser"],"picked":"GalacticHalo+1","floor":13.0},{"not_picked":["DarkSpark","SporeBomb+1"],"picked":"BlazeAway+1","floor":14},{"not_picked":["TreasureHunter","JA"],"picked":"UltimateShortwave+1","floor":16},{"not_picked":["MagicAbsorber+1","6A+1","MysteriousBeam","StarlightTyphoon+1"],"picked":"SKIP","floor":18},{"not_picked":["LuminesStrike+1","NonDirectionalLaser+1"],"picked":"GrandCross+1","floor":21},{"not_picked":["WitchLeyline+1","Robbery+1","PowerUp+1"],"picked":"SKIP","floor":22},{"not_picked":["JA+1","BlazeAway+1"],"picked":"Acceleration+1","floor":24},{"not_picked":["Singularity+1","ChargingUp+1"],"picked":"AsteroidBelt+1","floor":29},{"not_picked":["WitchOfGreed+1","LuminesStrike+1"],"picked":"OpenUniverse+1","floor":31}],"player_experience":1472394,"relics_obtained":[{"floor":4.0,"key":"Toxic Egg 2"},{"floor":9.0,"key":"Bag of Preparation"},{"floor":13.0,"key":"InkBottle"},{"floor":17,"key":"Boot"},{"floor":17,"key":"Question Card"},{"floor":17,"key":"PureWhite:ReiMu"},{"floor":24,"key":"Bronze Scales"},{"floor":26,"key":"HornCleat"}],"event_choices":[],"is_beta":false,"boss_relics":[{"not_picked":["RampagingMagicTools","SacredBark"],"picked":"Calling Bell"}],"items_purged_floors":[],"is_endless":false,"potions_floor_spawned":[3,7,13,18,22,31],"killed_by":"Gensokyo:Kaguya","ascension_level":11}}