{"host":"hk3n60c9tb8azi3z","time":1611545140,"event":{"mods":["AchievementEnabler","BaseMod","Minty Spire (QoL Compilation)","Relic Sorter","Relic Stats"],"gold_per_floor":[109,125,143,143,160,160,160,160,160,195,195,195,195,211,211,302,302,315,329,254,254,7,7,7,28,82,82,121,121,164,185,185,185,185],"floor_reached":33,"language":"ENG","playtime":1270,"items_purged":["Shame"],"score":666,"play_id":"6227914b-89cb-4ff1-b799-b464b5c1da6e","local_time":"20210125042540","is_ascension_mode":true,"campfire_choices":[{"data":"Sunder","floor":6,"key":"SMITH"},{"data":"Genetic Algorithm","floor":11,"key":"SMITH"},{"data":"Rip and Tear","floor":13,"key":"SMITH"},{"data":"Electrodynamics","floor":15,"key":"SMITH"},{"data":"Buffer","floor":23,"key":"SMITH"},{"floor":27,"key":"REST"},{"floor":29,"key":"REST"},{"floor":32,"key":"REST"}],"circlet_count":0,"master_deck":["AscendersBane","Strike_B+1","Strike_B","Defend_B+1","Defend_B","Defend_B","Defend_B","Zap","Dualcast","Sunder+1","Ball Lightning","Skim","Rip and Tear+1","Genetic Algorithm+1","Electrodynamics+1","Buffer+1","Undo","Barrage+1","White Noise","Decay","Meteor Strike","Consume","Cold Snap+1"],"relics":["Cracked Core","Strawberry","Mercury Hourglass","Orichalcum","InkBottle","Golden Idol","Cursed Key","Potion Belt","Runic Capacitor","Centennial Puzzle","Frozen Egg 2","Bag of Marbles"],"acts_visited":["TheCity"],"potions_floor_usage":[6,28,31],"damage_taken":[{"damage":9,"enemies":"2 Louse","floor":1,"turns":3},{"damage":0,"enemies":"Cultist","floor":2,"turns":3},{"damage":0,"enemies":"Small Slimes","floor":3,"turns":2},{"damage":11,"enemies":"Blue Slaver","floor":5,"turns":3},{"damage":28,"enemies":"Lagavulin","floor":10,"turns":5},{"damage":0,"enemies":"Exordium Wildlife","floor":14,"turns":1},{"damage":0,"enemies":"Slime Boss","floor":16,"turns":5},{"damage":28,"enemies":"2 Thieves","floor":18,"turns":3},{"damage":0,"enemies":"Spheric Guardian","floor":19,"turns":3},{"damage":10,"enemies":"Snecko","floor":25,"turns":3},{"damage":28,"enemies":"Book of Stabbing","floor":28,"turns":5},{"damage":11,"enemies":"Gremlin Leader","floor":30,"turns":5},{"damage":12,"enemies":"Centurion and Healer","floor":31,"turns":4},{"damage":65,"enemies":"Collector","floor":33,"turns":9}],"seed_played":"2653017730388889515","potions_obtained":[{"floor":3,"key":"GamblersBrew"},{"floor":5,"key":"Fruit Juice"},{"floor":25,"key":"Dexterity Potion"},{"floor":30,"key":"Explosive Potion"}],"is_trial":false,"path_per_floor":["M","M","M","?","M","R","?","?","T","E","R","?","R","M","R","B",null,"M","M","?","?","$","R","?","M","T","R","E","R","E","M","R","B"],"character_chosen":"DEFECT","items_purchased":["Runic Capacitor"],"campfire_rested":3,"item_purchase_floors":[22],"current_hp_per_floor":[62,62,62,62,51,56,31,58,58,30,30,30,30,30,30,30,64,36,36,36,36,36,36,36,26,26,48,20,42,31,19,41,0,0],"gold":185,"neow_bonus":"RANDOM_COMMON_RELIC","is_daily":false,"chose_seed":false,"campfire_upgraded":5,"win_rate":0.0,"timestamp":1611545140,"path_taken":["M","M","M","?","?","R","?","?","T","E","R","?","R","M","R","BOSS","M","M","?","?","$","R","?","M","T","R","E","R","E","?","R","BOSS"],"items_purchased_type":["Relic"],"build_version":"2020-12-22","purchased_purges":1,"victory":false,"max_hp_per_floor":[78,78,78,78,78,83,83,83,83,83,83,75,75,75,75,75,75,75,75,75,75,75,75,75,75,75,75,75,75,75,75,75,75,75],"relic_stats":{"Centennial Puzzle":[12],"counters":[14,53],"Golden Idol":52,"Orichalcum":[114],"Cursed Key":1,"obtain_stats":[{"Potion Belt":21,"Centennial Puzzle":26,"Golden Idol":12,"Strawberry":0,"Runic Capacitor":22,"Bag of Marbles":30,"Orichalcum":9,"Frozen Egg 2":28,"Cracked Core":0,"Cursed Key":17,"InkBottle":10,"Mercury Hourglass":4},{"Potion Belt":9,"Centennial Puzzle":10,"Golden Idol":5,"Strawberry":0,"Runic Capacitor":9,"Bag of Marbles":12,"Orichalcum":4,"Frozen Egg 2":11,"Cracked Core":0,"Cursed Key":7,"InkBottle":5,"Mercury Hourglass":3},{"Potion Belt":27,"Centennial Puzzle":30,"Golden Idol":16,"Strawberry":0,"Runic Capacitor":27,"Bag of Marbles":40,"Orichalcum":11,"Frozen Egg 2":35,"Cracked Core":0,"Cursed Key":21,"InkBottle":16,"Mercury Hourglass":8}],"InkBottle":[10],"Mercury Hourglass":[192]},"card_choices":[{"not_picked":["Turbo","Static Discharge"],"picked":"Sunder","floor":1},{"not_picked":["Compile Driver","Fusion"],"picked":"Ball Lightning","floor":2},{"not_picked":["Compile Driver","Turbo"],"picked":"Skim","floor":3},{"not_picked":["Steam","Consume"],"picked":"Rip and Tear","floor":5},{"not_picked":["Storm","Skim"],"picked":"Genetic Algorithm","floor":10},{"not_picked":["Steam Power","Redo"],"picked":"Electrodynamics","floor":14},{"not_picked":["Thunder Strike","Electrodynamics"],"picked":"Buffer","floor":16},{"not_picked":["Gash","Turbo"],"picked":"Undo","floor":18},{"not_picked":["Turbo","Storm"],"picked":"Barrage+1","floor":19},{"not_picked":["Hyperbeam","Rebound"],"picked":"White Noise","floor":25},{"not_picked":["Hologram","Sweeping Beam"],"picked":"Meteor Strike","floor":28},{"not_picked":["Turbo","Stack"],"picked":"Consume","floor":30},{"not_picked":["Sunder","Hello World+1"],"picked":"Cold Snap+1","floor":31}],"player_experience":1605458,"relics_obtained":[{"floor":9,"key":"Orichalcum"},{"floor":10,"key":"InkBottle"},{"floor":26,"key":"Centennial Puzzle"},{"floor":28,"key":"Frozen Egg 2"},{"floor":30,"key":"Bag of Marbles"}],"event_choices":[{"damage_healed":0,"gold_gain":0,"player_choice":"Gave Potion","damage_taken":0,"relics_obtained":["Mercury Hourglass"],"max_hp_gain":0,"max_hp_loss":0,"event_name":"WeMeetAgain","floor":4,"gold_loss":0},{"damage_healed":0,"gold_gain":0,"player_choice":"Entered Light","damage_taken":25,"max_hp_gain":0,"max_hp_loss":0,"event_name":"Shining Light","floor":7,"gold_loss":0,"cards_upgraded":["Defend_B","Strike_B"]},{"damage_healed":27,"gold_gain":0,"player_choice":"Banana","damage_taken":0,"max_hp_gain":0,"max_hp_loss":0,"event_name":"Big Fish","floor":8,"gold_loss":0},{"damage_healed":0,"gold_gain":0,"player_choice":"Lose Max HP","damage_taken":0,"relics_obtained":["Golden Idol"],"max_hp_gain":0,"max_hp_loss":8,"event_name":"Golden Idol","floor":12,"gold_loss":0},{"cards_removed":["Strike_B"],"damage_healed":0,"gold_gain":0,"player_choice":"Gave Gold","damage_taken":0,"max_hp_gain":0,"max_hp_loss":0,"event_name":"Beggar","floor":20,"gold_loss":75},{"damage_healed":0,"gold_gain":0,"player_choice":"Stole Relic","damage_taken":0,"relics_obtained":["Potion Belt"],"max_hp_gain":0,"max_hp_loss":0,"event_name":"Addict","floor":21,"gold_loss":0,"cards_obtained":["Shame"]},{"cards_removed":["Strike_B"],"damage_healed":0,"gold_gain":0,"player_choice":"Purged","damage_taken":0,"max_hp_gain":0,"max_hp_loss":0,"event_name":"Purifier","floor":24,"gold_loss":0}],"is_beta":false,"boss_relics":[{"not_picked":["Calling Bell","Nuclear Battery"],"picked":"Cursed Key"}],"items_purged_floors":[22],"is_endless":false,"potions_floor_spawned":[3,5,25,30],"killed_by":"Collector","ascension_level":20}}