{"host":"gc0hqzwg2gd3zszy","time":1611596777,"event":{"mods":["BaseMod","DeckTracker","Minty Spire (QoL Compilation)","Relic Stats","SuperFastMode"],"gold_per_floor":[113,133,133,133,2,2,37,37,37,37,66,66,84,118,118,194,194,214,59,59,59,73,106,106,139,220,237,250,263,291,301,301,380,380,398,423,423,441,441,441,474,490,543,562,605,605,605,655,664,664,664,664,664,67,103,103],"floor_reached":57,"language":"KOR","playtime":3223,"items_purged":["Strike_R","Strike_R","Strike_R+1"],"score":3397,"play_id":"537aad09-5a43-4596-aed5-d57421cc3912","local_time":"20210126024617","is_ascension_mode":true,"campfire_choices":[{"data":"Bash","floor":6,"key":"SMITH"},{"data":"Immolate","floor":10,"key":"SMITH"},{"data":"Clothesline","floor":12,"key":"SMITH"},{"data":"Burning Pact","floor":15,"key":"SMITH"},{"data":"Feel No Pain","floor":24,"key":"SMITH"},{"data":"Evolve","floor":32,"key":"SMITH"},{"floor":40,"key":"RECALL"},{"floor":46,"key":"REST"},{"floor":49,"key":"REST"},{"floor":53,"key":"REST"}],"circlet_count":0,"master_deck":["AscendersBane","Defend_R","Defend_R","Defend_R","Defend_R","Bash+1","Clothesline+1","Shrug It Off","Immolate+1","Feel No Pain+1","Pummel+1","Burning Pact+1","Offering","Evolve+1","Shrug It Off","Flame Barrier","Feel No Pain","Shockwave+1","Flame Barrier+1","Corruption","Power Through+1","Warcry+1","Uppercut+1","Burning Pact+1","Shrug It Off+1","Secret Technique+1","Panacea+1","Master of Strategy+1","Second Wind+1","Heavy Blade+1","Master of Strategy+1","Armaments+1"],"relics":["Burning Blood","FossilizedHelix","Ancient Tea Set","Eternal Feather","Dead Branch","Pear","Snecko Eye","Charon\u0027s Ashes","Sundial","Toxic Egg 2","Dream Catcher","Fusion Hammer","Du-Vu Doll","Anchor","Whetstone","CeramicFish","Kunai","Torii"],"acts_visited":["Exordium","TheCity","TheBeyond","TheEnding"],"potions_floor_usage":[5,11,23,30,55],"damage_taken":[{"damage":7,"enemies":"Cultist","floor":1,"turns":4},{"damage":12,"enemies":"Small Slimes","floor":2,"turns":4},{"damage":29,"enemies":"3 Sentries","floor":7,"turns":17},{"damage":18,"enemies":"Gremlin Nob","floor":11,"turns":4},{"damage":0,"enemies":"Jaw Worm","floor":13,"turns":5},{"damage":4,"enemies":"Lagavulin","floor":14,"turns":7},{"damage":31,"enemies":"The Guardian","floor":16,"turns":10},{"damage":7,"enemies":"Shell Parasite","floor":18,"turns":3},{"damage":0,"enemies":"2 Thieves","floor":22,"turns":3},{"damage":0,"enemies":"Slavers","floor":23,"turns":2},{"damage":8,"enemies":"Gremlin Leader","floor":25,"turns":5},{"damage":0,"enemies":"3 Cultists","floor":27,"turns":3},{"damage":6,"enemies":"Snake Plant","floor":28,"turns":3},{"damage":0,"enemies":"Sentry and Sphere","floor":29,"turns":4},{"damage":14,"enemies":"Slavers","floor":30,"turns":2},{"damage":0,"enemies":"Shelled Parasite and Fungi","floor":31,"turns":2},{"damage":6,"enemies":"Collector","floor":33,"turns":3},{"damage":0,"enemies":"Orb Walker","floor":35,"turns":2},{"damage":0,"enemies":"Mind Bloom Boss Battle","floor":36,"turns":3},{"damage":0,"enemies":"3 Shapes","floor":38,"turns":3},{"damage":0,"enemies":"Nemesis","floor":41,"turns":3},{"damage":6,"enemies":"Transient","floor":42,"turns":4},{"damage":0,"enemies":"Spire Growth","floor":44,"turns":2},{"damage":0,"enemies":"Reptomancer","floor":45,"turns":3},{"damage":17,"enemies":"Time Eater","floor":50,"turns":6},{"damage":14,"enemies":"Awakened One","floor":51,"turns":3},{"damage":12,"enemies":"Shield and Spear","floor":55,"turns":4},{"damage":9,"enemies":"The Heart","floor":56,"turns":6}],"seed_played":"8178904258430759379","potions_obtained":[{"floor":2,"key":"Weak Potion"},{"floor":11,"key":"DuplicationPotion"},{"floor":14,"key":"Ancient Potion"},{"floor":27,"key":"BlessingOfTheForge"},{"floor":30,"key":"DistilledChaos"},{"floor":35,"key":"Block Potion"}],"is_trial":false,"path_per_floor":["M","M","T","?","$","R","E","$","T","R","E","R","M","E","R","B",null,"M","$","?","?","M","E","R","E","T","M","M","M","E","M","R","B",null,"M","?","?","M","?","R","E","M","T","M","E","R","?","?","R","B","B",null,"R","$","E","B",null],"character_chosen":"IRONCLAD","items_purchased":["BloodPotion","Shrug It Off","Kunai","Master of Strategy+1"],"campfire_rested":3,"item_purchase_floors":[5,19,54,54],"current_hp_per_floor":[67,61,61,35,50,50,27,27,27,33,21,27,33,45,54,29,71,70,70,45,45,51,57,66,64,64,70,70,76,68,74,86,86,89,90,90,90,90,80,90,90,90,90,90,90,90,90,90,90,79,71,85,90,90,84,81],"gold":103,"neow_bonus":"REMOVE_CARD","is_daily":false,"chose_seed":false,"campfire_upgraded":6,"win_rate":0.0,"timestamp":1611596777,"path_taken":["M","?","?","?","$","R","E","?","T","R","E","R","?","E","R","BOSS","M","$","?","?","M","E","R","E","T","M","M","M","E","M","R","BOSS","M","?","?","?","?","R","E","M","T","M","E","R","?","?","R","BOSS","BOSS","R","$","E","BOSS"],"items_purchased_type":["Potion","Card","Relic","Card"],"build_version":"2020-12-22","purchased_purges":3,"victory":true,"max_hp_per_floor":[75,75,75,75,75,75,75,75,75,75,75,75,75,85,85,85,85,85,85,90,90,90,90,90,90,90,90,90,90,90,90,90,90,90,90,90,90,90,90,90,90,90,90,90,90,90,90,90,90,90,90,90,90,90,90,90],"relic_stats":{"Torii":0,"counters":[28,120],"Dead Branch":[472],"CeramicFish":36,"Eternal Feather":57,"Charon\u0027s Ashes":[1606],"Whetstone":["Pummel","Strike_R"],"Burning Blood":133,"Dream Catcher":3,"Sundial":[10],"Snecko Eye":[158,187,171,158],"Kunai":[7],"obtain_stats":[{"Pear":14,"Torii":55,"Dead Branch":11,"CeramicFish":45,"Eternal Feather":7,"Charon\u0027s Ashes":23,"Whetstone":43,"Ancient Tea Set":4,"Burning Blood":0,"Du-Vu Doll":36,"Dream Catcher":30,"Anchor":41,"Sundial":25,"Snecko Eye":17,"Fusion Hammer":34,"Kunai":54,"Toxic Egg 2":26,"FossilizedHelix":3},{"Pear":6,"Torii":27,"Dead Branch":4,"CeramicFish":24,"Eternal Feather":3,"Charon\u0027s Ashes":10,"Whetstone":22,"Ancient Tea Set":2,"Burning Blood":0,"Du-Vu Doll":19,"Dream Catcher":15,"Anchor":21,"Sundial":11,"Snecko Eye":7,"Fusion Hammer":17,"Kunai":26,"Toxic Egg 2":11,"FossilizedHelix":2},{"Pear":41,"Torii":114,"Dead Branch":29,"CeramicFish":101,"Eternal Feather":25,"Charon\u0027s Ashes":59,"Whetstone":96,"Ancient Tea Set":8,"Burning Blood":0,"Du-Vu Doll":86,"Dream Catcher":76,"Anchor":92,"Sundial":64,"Snecko Eye":51,"Fusion Hammer":81,"Kunai":110,"Toxic Egg 2":64,"FossilizedHelix":8}]},"card_choices":[{"not_picked":["Thunderclap","Flex"],"picked":"Clothesline","floor":1},{"not_picked":["Dark Embrace","Rampage"],"picked":"Shrug It Off","floor":2},{"not_picked":["Thunderclap","Rampage"],"picked":"Immolate","floor":7},{"not_picked":["Entrench","Headbutt"],"picked":"Feel No Pain","floor":11},{"not_picked":["Spot Weakness","Thunderclap"],"picked":"Pummel","floor":13},{"not_picked":["Double Tap","Fire Breathing"],"picked":"Burning Pact","floor":14},{"not_picked":["Berserk","Double Tap"],"picked":"Offering","floor":16},{"not_picked":["Clothesline","Rampage"],"picked":"Evolve","floor":18},{"not_picked":["Intimidate+1","Twin Strike"],"picked":"Flame Barrier","floor":22},{"not_picked":["Sword Boomerang","Inflame","Feed"],"picked":"SKIP","floor":23},{"not_picked":["Sever Soul","Inflame"],"picked":"Feel No Pain","floor":25},{"not_picked":["Warcry+1","Clothesline"],"picked":"Shockwave+1","floor":27},{"not_picked":["Clothesline","Cleave"],"picked":"Flame Barrier+1","floor":28},{"not_picked":["Shrug It Off+1","Inflame"],"picked":"Corruption","floor":29},{"not_picked":["Clothesline","Warcry+1"],"picked":"Power Through+1","floor":30},{"not_picked":["Iron Wave","Perfected Strike"],"picked":"Warcry+1","floor":31},{"not_picked":["Shockwave+1","Clothesline"],"picked":"Uppercut+1","floor":35},{"not_picked":["Whirlwind+1","Sword Boomerang"],"picked":"Burning Pact+1","floor":36},{"not_picked":["Anger","Heavy Blade"],"picked":"Shrug It Off+1","floor":38},{"not_picked":["Good Instincts+1","Secret Weapon+1"],"picked":"Secret Technique+1","floor":39},{"not_picked":["PanicButton+1","Transmutation+1"],"picked":"Panacea+1","floor":39},{"not_picked":["Panacea+1","Chrysalis+1"],"picked":"Master of Strategy+1","floor":39},{"not_picked":["Wild Strike","Power Through+1","Berserk"],"picked":"SKIP","floor":41},{"not_picked":["Fire Breathing","Clash","Wild Strike"],"picked":"SKIP","floor":42},{"not_picked":["Sword Boomerang","Pommel Strike+1","Reckless Charge"],"picked":"SKIP","floor":44},{"not_picked":["Pommel Strike","Headbutt+1"],"picked":"Second Wind+1","floor":45},{"not_picked":["Corruption","Pommel Strike"],"picked":"Heavy Blade+1","floor":49},{"not_picked":["Heavy Blade+1","Cleave"],"picked":"Armaments+1","floor":55}],"player_experience":1359265,"relics_obtained":[{"floor":3,"key":"FossilizedHelix"},{"floor":7,"key":"Eternal Feather"},{"floor":11,"key":"Dead Branch"},{"floor":14,"key":"Pear"},{"floor":23,"key":"Charon\u0027s Ashes"},{"floor":25,"key":"Sundial"},{"floor":26,"key":"Toxic Egg 2"},{"floor":30,"key":"Dream Catcher"},{"floor":36,"key":"Du-Vu Doll"},{"floor":41,"key":"Anchor"},{"floor":43,"key":"Whetstone"},{"floor":45,"key":"CeramicFish"},{"floor":55,"key":"Torii"}],"event_choices":[{"damage_healed":0,"gold_gain":0,"player_choice":"Success","damage_taken":26,"relics_obtained":["Ancient Tea Set"],"max_hp_gain":0,"max_hp_loss":0,"event_name":"Scrap Ooze","floor":4,"gold_loss":0},{"damage_healed":0,"gold_gain":0,"player_choice":"Shed Blood","damage_taken":30,"max_hp_gain":5,"max_hp_loss":0,"event_name":"Forgotten Altar","floor":20,"gold_loss":0},{"damage_healed":0,"gold_gain":0,"player_choice":"Ignored","damage_taken":0,"max_hp_gain":0,"max_hp_loss":0,"event_name":"Vampires","floor":21,"gold_loss":0},{"damage_healed":0,"gold_gain":0,"player_choice":"Fight","damage_taken":0,"max_hp_gain":0,"max_hp_loss":0,"event_name":"MindBloom","floor":36,"gold_loss":0},{"damage_healed":0,"gold_gain":0,"cards_transformed":["Strike_R"],"player_choice":"Transformed","damage_taken":0,"max_hp_gain":0,"max_hp_loss":0,"event_name":"Transmorgrifier","floor":37,"gold_loss":0,"cards_obtained":["Rupture"]},{"damage_healed":0,"gold_gain":0,"player_choice":"Memory 3","damage_taken":10,"max_hp_gain":0,"max_hp_loss":0,"event_name":"SensoryStone","floor":39,"gold_loss":0},{"cards_removed":["Rupture"],"damage_healed":0,"gold_gain":0,"player_choice":"Removed Power","damage_taken":0,"max_hp_gain":0,"max_hp_loss":0,"event_name":"Falling","floor":47,"gold_loss":0},{"damage_healed":0,"gold_gain":50,"player_choice":"Pray","damage_taken":0,"max_hp_gain":0,"max_hp_loss":0,"event_name":"Golden Shrine","floor":48,"gold_loss":0}],"is_beta":false,"boss_relics":[{"not_picked":["Philosopher\u0027s Stone","Cursed Key"],"picked":"Snecko Eye"},{"not_picked":["Busted Crown","SacredBark"],"picked":"Fusion Hammer"}],"items_purged_floors":[5,19,54],"is_endless":false,"potions_floor_spawned":[2,11,14,16,18,27,28,29,30,31,35,36,42],"ascension_level":20}}