{"host":"1qxljlv0g0hslid3","time":1611559681,"event":{"mods":["2.2 Compatiblity","AchievementEnabler","Act Like it!","Astrologer","BaseMod","Beaked The Cultist","BetterRewards","Clawfect","Conspire","Custom Start","Dio Mod","Elementarium","Energized Spire","GungeonMod","Hallownest","Hermit","Hero for Fun","Hubris","Infinite Spire","Lobotomy","LobotomyExtend","Magitek Elite","Marisa????????","Minty Spire (QoL Compilation)","Prisma Mod","Remilia??????","Replay The Spire","Shop Mod","StSLib","The Administrix","The Alterego","The Animator","The Bug Knight","The Cursed","The Death Knight","The Elementalist","The Hierophant","The Jungle","The Necromancer","The Runesmith","The Senshi","The Servant 0.9.4","Wandering Minibosses","everything is the same but u backflip on backflip","slay the spire mod where everything is the same but ironclad has a cowboy hat"],"gold_per_floor":[113,113,126,126,141,173,184,218,244,277,277,294,294,307,307,403,403,421,432,463,479,479,506,506,522,522,522,522,548,559,220,220,319,319,335,351,369,389,406,406,435,446,446,464,476,476,491,545,545,545,545],"floor_reached":50,"language":"ENG","playtime":6563,"items_purged":[],"score":765,"play_id":"f2e87ac2-8b54-4586-b683-c3ee19c9726d","local_time":"20210125012801","is_ascension_mode":false,"campfire_choices":[{"floor":49,"key":"RECALL"}],"circlet_count":0,"master_deck":["BodiesMountain","BodiesMountain","QueenOfHatred","SpecialBullet","SpecialBullet","SpecialBullet","SpecialBullet","SpecialBullet","SpecialBullet","SpecialBullet","SpecialBullet","ControlCode","InformationCode","SecurityCode","conspire:Banana+1","FairyFestival","Regret_ego","infinitespire:Collect","Wellcheers","SolemnVow","SpiderBud","Scarecrow","GreedKing","Soda","QueenBee","Diffraction","Noise","LittleHelper","WristCuter","WelfareCode","TrainingCode","MeatLantern","Adoration","Soda+1","WallGazer","CherryBlossom+1","Soda","ShedSkin","SnowQueen","CherryBlossom+1","BlackSwan_ego","TT2Protocol","FourthMatchFlame","CUTE","Regret_ego+1","Regret_ego+1","DaCapo","RecordCode","DisciplinaryCode","Christmas+1","RedShoes","Regret_ego+1","Parasite","Hornet+1"],"relics":["CogitoBucket","LetterFromLob","TungstenRod","hubris:SlimyHat","Angel_Ring","InTheNameOfLoveAndHate_r","Bottled Flame","BehaviorAdjustment","Sozu","wanderingMiniBosses:ThiefScarf","infinitespire:Broken Mirror","Genji_Glove","Calipers","Theresia","DemoMod:LamentConfigurum","Boot","Frozen Egg 2","HollowMod:LifeEnderRelic","Genji_Glove","ReplayFunnel","Elementarium:ElementariumTrophy","Philosopher\u0027s Stone","Blue Doll","Pondfish Scales","SkinProphecy","AtMidnight","conspire:Flyswatter","Pen Nib","TheSmile_r","conspire:RunicOctahedron","TheAbacus","hubris:CuriousFeather","hubris:AstralHammer","OrangePellets","AntiCross","ReplayTheSpireMod:Ninjato"],"acts_visited":["Exordium","Elementarium:Elementarium","TheBeyond"],"potions_floor_usage":[8,8,10,12],"damage_taken":[{"damage":11,"enemies":"conspire:RoseBush","floor":1,"turns":2},{"damage":0,"enemies":"Small Slimes","floor":3,"turns":3},{"damage":4,"enemies":"Cultist","floor":5,"turns":3},{"damage":45,"enemies":"HollowMod:MossKnight","floor":6,"turns":11},{"damage":12,"enemies":"Red Slaver","floor":7,"turns":2},{"damage":37,"enemies":"3 Sentries","floor":8,"turns":5},{"damage":48,"enemies":"Replay:BlueRogue","floor":10,"turns":8},{"damage":18,"enemies":"Large Slime","floor":12,"turns":2},{"damage":0,"enemies":"2 Fungi Beasts","floor":14,"turns":3},{"damage":30,"enemies":"Slime Boss","floor":16,"turns":6},{"damage":24,"enemies":"Elementarium:MUD_AND_TAR_GOLEMS","floor":18,"turns":4},{"damage":0,"enemies":"Elementarium:2_ELEMENTALS","floor":19,"turns":4},{"damage":49,"enemies":"conspire:MimicChest","floor":20,"turns":5},{"damage":11,"enemies":"Elementarium:STONE_GOLEMS","floor":21,"turns":3},{"damage":50,"enemies":"Elementarium:FIRE_NOBILITY","floor":23,"turns":6},{"damage":3,"enemies":"Elementarium:3_ELEMENTALS","floor":25,"turns":2},{"damage":47,"enemies":"Elementarium:ElementalPortal","floor":29,"turns":6},{"damage":18,"enemies":"Elementarium:VOID_CORRUPTION_AND_ORB_OF_FIRE","floor":30,"turns":4},{"damage":34,"enemies":"Elementarium:PHOENIXES","floor":33,"turns":6},{"damage":8,"enemies":"3 Darklings","floor":35,"turns":7},{"damage":17,"enemies":"3 Shapes","floor":36,"turns":2},{"damage":5,"enemies":"Spire Growth","floor":37,"turns":3},{"damage":9,"enemies":"Sphere and 2 Shapes","floor":38,"turns":3},{"damage":25,"enemies":"Maw","floor":39,"turns":6},{"damage":0,"enemies":"Nightmare","floor":41,"turns":4},{"damage":4,"enemies":"Jaw Worm Horde","floor":42,"turns":3},{"damage":4,"enemies":"3 Darklings","floor":44,"turns":4},{"damage":2,"enemies":"Spire Growth","floor":45,"turns":2},{"damage":0,"enemies":"Writhing Mass","floor":47,"turns":2},{"damage":14,"enemies":"2 Orb Walkers","floor":48,"turns":2},{"damage":200,"enemies":"hubris:GrandSnecko","floor":50,"turns":3}],"seed_played":"-898854282823061192","potions_obtained":[{"floor":1,"key":"LiquidBronze"},{"floor":3,"key":"SkillPotion"},{"floor":6,"key":"SkillPotion"},{"floor":8,"key":"DeathKnight:RimePotion"},{"floor":16,"key":"Dexterity Potion"}],"is_trial":false,"path_per_floor":["M","?","M","?","M","E","M","E","T","E","R","M","R","M","R","B",null,"M","M","?","M","AVR","E","?","M","T","?","R","E","M","$","R","B",null,"M","M","M","M","M","R","NM","M","T","M","M","AVR","M","?","R","B"],"character_chosen":"Angela","items_purchased":["Regret_ego+1","Genji_Glove","ReplayFunnel"],"campfire_rested":0,"item_purchase_floors":[31,31,31],"current_hp_per_floor":[68,50,61,61,72,55,61,54,54,20,20,27,27,45,45,52,84,72,88,78,92,92,90,90,94,94,94,94,90,98,98,98,97,104,106,107,116,120,130,130,134,138,138,144,148,148,152,154,154,0,0],"gold":545,"neow_bonus":"RANDOM_COLORLESS","is_daily":false,"chose_seed":false,"campfire_upgraded":0,"win_rate":0.0,"timestamp":1611559681,"path_taken":["M","?","M","?","M","E","M","E","T","E","R","M","R","M","R","BOSS","M","M","?","M","AVR","E","?","M","T","?","R","E","M","$","R","BOSS","M","M","M","M","?","R","NM","M","T","M","M","AVR","M","?","R","BOSS"],"items_purchased_type":["Card","Relic","Relic"],"build_version":"2020-12-22","purchased_purges":0,"victory":false,"max_hp_per_floor":[71,71,72,72,74,76,76,78,78,80,80,80,80,82,82,84,84,86,88,90,92,92,94,94,94,94,94,94,96,98,98,98,104,104,106,108,116,120,130,130,134,138,138,144,148,148,152,154,154,160,160],"card_choices":[{"not_picked":["Discovery","Panacea"],"picked":"conspire:Banana","floor":0},{"not_picked":["CherryBlossoms","MHz"],"picked":"FairyFestival","floor":1},{"not_picked":["TodaysExpression"],"picked":"Regret_ego","floor":1},{"not_picked":["infinitespire:Starlight","hubris:Rewind"],"picked":"infinitespire:Collect","floor":2},{"not_picked":["LaLuna","Murderer"],"picked":"Wellcheers","floor":3},{"not_picked":["Logging"],"picked":"SolemnVow","floor":3},{"not_picked":["WallGazer","Alriune"],"picked":"SpiderBud","floor":5},{"not_picked":["BlueScar","TodaysExpression"],"picked":"SKIP","floor":5},{"not_picked":["CherryBlossoms","Bloodbath"],"picked":"Scarecrow","floor":6},{"not_picked":["TodaysExpression","Beak"],"picked":"SKIP","floor":6},{"not_picked":["Scorched","LaLuna"],"picked":"GreedKing","floor":7},{"not_picked":["MagicBullet"],"picked":"Soda","floor":7},{"not_picked":["BeautyBeast","OSAHOGD"],"picked":"QueenOfHatred","floor":8},{"not_picked":["Beak","Horn"],"picked":"SKIP","floor":8},{"not_picked":["PunishingBird","BeautyBeast"],"picked":"QueenBee","floor":10},{"not_picked":["Moonlight"],"picked":"Diffraction","floor":10},{"not_picked":["RedEyes"],"picked":"Noise","floor":12},{"not_picked":["Variant","BigBird"],"picked":"LittleHelper","floor":14},{"not_picked":["TodaysExpression"],"picked":"WristCuter","floor":14},{"not_picked":["Bloodbath","OldLady"],"picked":"MeatLantern","floor":16},{"not_picked":["DaCapo"],"picked":"Adoration","floor":16},{"not_picked":["CUTE"],"picked":"Soda+1","floor":18},{"not_picked":["PunishingBird","Laetitia"],"picked":"WallGazer","floor":19},{"not_picked":["GrinderMk4"],"picked":"CherryBlossom+1","floor":19},{"not_picked":["Noise"],"picked":"Soda","floor":20},{"not_picked":["Adoration"],"picked":"ShedSkin","floor":21},{"not_picked":["LongBird","CENSORED"],"picked":"SnowQueen","floor":23},{"not_picked":["Pleasure"],"picked":"CherryBlossom+1","floor":23},{"not_picked":["Tough","Galaxy+1"],"picked":"SKIP","floor":25},{"not_picked":["Harmony"],"picked":"FourthMatchFlame","floor":29},{"not_picked":["TodaysExpression"],"picked":"CUTE","floor":30},{"not_picked":["Mimicry+1"],"picked":"DaCapo","floor":33},{"not_picked":["Freischutz","BlackArmy"],"picked":"BodiesMountain","floor":35},{"not_picked":["Loneliness+1","ScreamingWedge"],"picked":"SKIP","floor":35},{"not_picked":["RedEyes","BearPaw+1"],"picked":"SKIP","floor":36},{"not_picked":["Moonlight+1","Noise"],"picked":"SKIP","floor":37},{"not_picked":["Wingbeat","Hypocrisy+1"],"picked":"SKIP","floor":38},{"not_picked":["Spore+1","Reverberation"],"picked":"SKIP","floor":39},{"not_picked":["Noise","Beak+1"],"picked":"SKIP","floor":41},{"not_picked":["Noise","Beak+1"],"picked":"SKIP","floor":41},{"not_picked":["DreamingCurrent","RedShoes"],"picked":"DespairKnight","floor":42},{"not_picked":["FrostShard","Pleasure"],"picked":"SKIP","floor":42},{"not_picked":["Wingbeat+1"],"picked":"Christmas+1","floor":44},{"not_picked":["WhitesApple","NakedNest"],"picked":"RedShoes","floor":45},{"not_picked":["Beak"],"picked":"Regret_ego+1","floor":45},{"not_picked":["RedEyes","Loneliness+1"],"picked":"SKIP","floor":47},{"not_picked":["Noise"],"picked":"Hornet+1","floor":48}],"player_experience":594865,"relics_obtained":[{"floor":1,"key":"LetterFromLob"},{"floor":6,"key":"TungstenRod"},{"floor":8,"key":"hubris:SlimyHat"},{"floor":9,"key":"Angel_Ring"},{"floor":10,"key":"Bottled Flame"},{"floor":18,"key":"wanderingMiniBosses:ThiefScarf"},{"floor":20,"key":"infinitespire:Broken Mirror"},{"floor":23,"key":"Boot"},{"floor":26,"key":"Frozen Egg 2"},{"floor":29,"key":"HollowMod:LifeEnderRelic"},{"floor":35,"key":"AtMidnight"},{"floor":41,"key":"conspire:Flyswatter"},{"floor":43,"key":"Pen Nib"},{"floor":48,"key":"hubris:CuriousFeather"}],"event_choices":[{"damage_healed":0,"gold_gain":0,"player_choice":"Upgraded","damage_taken":0,"max_hp_gain":0,"max_hp_loss":0,"event_name":"Upgrade Shrine","floor":4,"gold_loss":0,"cards_upgraded":["conspire:Banana"]},{"damage_healed":0,"gold_gain":0,"player_choice":"Ignored","damage_taken":0,"max_hp_gain":0,"max_hp_loss":0,"event_name":"Elementarium:ElementalBlades","floor":24,"gold_loss":0},{"damage_healed":0,"gold_gain":0,"player_choice":"Fight","damage_taken":0,"max_hp_gain":0,"max_hp_loss":0,"event_name":"Mysterious Sphere","floor":48,"gold_loss":0}],"is_beta":false,"boss_relics":[{"not_picked":["energizedSpire:RedRose","Astrolabe"],"picked":"Sozu"},{"not_picked":["ChewingGum","Tiny House"],"picked":"Philosopher\u0027s Stone"}],"items_purged_floors":[],"is_endless":false,"potions_floor_spawned":[1,3,6,8,16,19,20,21,25,30,35,37,42,44,47,48],"killed_by":"hubris:GrandSnecko","ascension_level":0}}