{"host":"takgv9cv6xf64vhq","time":1611566158,"event":{"mods":["BaseMod","Colored Powertips","Downfall","Hubris","LagranYue(拉格朗・月)","Marisa（F雨　魔理沙）","Minty Spire (QoL Compilation)","Replay The Spire","StSLib","The Cursed","The Jungle","TheHeartMod"],"gold_per_floor":[118,68,129,129,149,149,163,163,189,189,204,204,222,237,237,341,341,361,110,126,126,126],"floor_reached":21,"language":"ZHS","playtime":1150,"items_purged":[],"score":171,"play_id":"d6ab0ca4-e28b-429c-a32f-69909935546d","local_time":"20210125171558","is_ascension_mode":false,"campfire_choices":[{"data":"theHeart:HyperTrophy","floor":6,"key":"SMITH"},{"data":"theHeart:AntiCoagulant","floor":12,"key":"SMITH"},{"data":"theHeart:Tachycardia","floor":15,"key":"SMITH"}],"circlet_count":0,"master_deck":["theHeart:BloodDrop+1","theHeart:Scab","theHeart:theHeartDefend","theHeart:theHeartDefend","theHeart:theHeartDefend","theHeart:theHeartDefend","theHeart:theHeartCommonAttack","theHeart:theHeartCommonAttack","theHeart:theHeartCommonAttack","theHeart:theHeartCommonAttack","theHeart:Tachycardia+1","ReplayTheSpireMod:Splinters","theHeart:Cleanse","theHeart:HyperTrophy+1","theHeart:AncientEvil","theHeart:AntiCoagulant+1","Spreading Infection","theHeart:Crush","theHeart:Crush","theHeart:Devour","theHeart:Buff","theHeart:Betablocker+1","theHeart:Coagulation+1","theHeart:ArterialFlow"],"relics":["theHeart:BeatOfDeath","LagranYue:RandomDrawCardRelic","NeowsBlessing","Pear","ReplayTheSpireMod:Ring of Challenge","Ring of Hypnosis","LagranYue:MagicReflectiveArmorRelic","hubris:FunFungus","hubris:GrandSneckoEye","ReplayTheSpireMod:Lightbulb"],"acts_visited":["Exordium","TheCity"],"potions_floor_usage":[16,21],"damage_taken":[{"damage":0,"enemies":"2 Louse","floor":1,"turns":1},{"damage":44,"enemies":"Jaw Worm","floor":5,"turns":2},{"damage":0,"enemies":"Small Slimes","floor":7,"turns":1},{"damage":71,"enemies":"2 Fungi Beasts","floor":11,"turns":5},{"damage":88,"enemies":"Large Slime","floor":13,"turns":7},{"damage":65,"enemies":"Looter","floor":14,"turns":4},{"damage":109,"enemies":"Fading Forest","floor":16,"turns":11},{"damage":13,"enemies":"Shell Parasite","floor":18,"turns":6},{"damage":181,"enemies":"Spheric Guardian","floor":20,"turns":6},{"damage":0,"enemies":"3 Cultists","floor":21,"turns":1}],"seed_played":"1554263138352112379","potions_obtained":[{"floor":7,"key":"PowerPotion"},{"floor":16,"key":"Weak Potion"},{"floor":18,"key":"PowerPotion"}],"is_trial":false,"path_per_floor":["M","?","?","?","M","R","M","?","T","T","M","R","M","M","R","B",null,"M","$","M","M"],"character_chosen":"THE_HEART","items_purchased":["theHeart:Coagulation+1","ReplayTheSpireMod:Lightbulb"],"campfire_rested":0,"item_purchase_floors":[19,19],"current_hp_per_floor":[75,75,85,85,85,85,85,85,85,85,85,85,85,74,74,76,85,73,73,73,73,73],"gold":126,"neow_bonus":"THREE_ENEMY_KILL","is_daily":false,"chose_seed":false,"campfire_upgraded":3,"win_rate":0.0,"timestamp":1611566158,"path_taken":["M","?","?","?","M","R","M","?","T","?","M","R","?","M","R","BOSS","M","$","M","M"],"items_purchased_type":["Card","Relic"],"build_version":"2020-12-22","purchased_purges":0,"victory":false,"max_hp_per_floor":[75,75,85,85,85,85,85,85,85,85,85,85,85,85,85,85,85,85,85,85,85,85],"card_choices":[{"not_picked":["theHeart:Cleanse","theHeart:NoxiousBlood"],"picked":"theHeart:Tachycardia","floor":1},{"not_picked":["theHeart:Toil","theHeart:Tachycardia"],"picked":"theHeart:Cleanse","floor":3},{"not_picked":["theHeart:GrayPlatelets","theHeart:TentacleWhip"],"picked":"theHeart:HyperTrophy","floor":3},{"not_picked":["theHeart:PainfulStabs","theHeart:BloodClots"],"picked":"theHeart:AncientEvil","floor":5},{"not_picked":["theHeart:Cleanse","theHeart:CapillaryExchange"],"picked":"theHeart:AntiCoagulant","floor":7},{"not_picked":["theHeart:Arrhythmia","theHeart:PrecisionCut"],"picked":"theHeart:Crush","floor":11},{"not_picked":["theHeart:Arrhythmia","theHeart:FattyMembrane"],"picked":"theHeart:Crush","floor":13},{"not_picked":["theHeart:CapillaryExchange","theHeart:Embolism"],"picked":"theHeart:Devour","floor":14},{"not_picked":["theHeart:HyperCoagulation","theHeart:PrecisionCut"],"picked":"theHeart:Buff","floor":16},{"not_picked":["theHeart:Virus","theHeart:Tachycardia"],"picked":"theHeart:Betablocker+1","floor":18},{"not_picked":["theHeart:Cleanse","theHeart:Devour"],"picked":"theHeart:ArterialFlow","floor":20}],"player_experience":73335,"relics_obtained":[{"floor":3,"key":"Pear"},{"floor":8,"key":"ReplayTheSpireMod:Ring of Challenge"},{"floor":8,"key":"Ring of Hypnosis"},{"floor":9,"key":"LagranYue:MagicReflectiveArmorRelic"},{"floor":10,"key":"hubris:FunFungus"}],"event_choices":[{"cards_removed":["theHeart:theHeartCommonAttack"],"damage_healed":0,"gold_gain":0,"player_choice":"Card Removal","damage_taken":0,"max_hp_gain":0,"max_hp_loss":0,"event_name":"The Cleric","floor":2,"gold_loss":50}],"is_beta":false,"boss_relics":[{"not_picked":["hubris:RunicObelisk","Velvet Choker"],"picked":"hubris:GrandSneckoEye"}],"items_purged_floors":[],"is_endless":false,"potions_floor_spawned":[7,16,18],"killed_by":"3 Cultists","ascension_level":0}}