{"host":"mai03x2ekbjy4059","time":1611544272,"event":{"mods":["2.2 Compatiblity","BaseMod","Colored Map","DeckTracker","Keyboard Shortcuts","Minty Spire (QoL Compilation)","Permanent Neow","Quick Restart","SuperFastMode","everything is the same but u backflip on backflip"],"gold_per_floor":[12,23,23,47,47,86,11,25,25,60,78,119,135,12,12,137,137,158,33,52,52,52,90,90,121,121,161,161,186,210,210,210,210,210,234,254,279,342,675,707,707,732,732,762,762,794,809,819,819,819,819,819,157,184,184],"floor_reached":56,"language":"KOR","playtime":1834,"items_purged":["Strike_G","Strike_G","Defend_G","Strike_G"],"score":1788,"play_id":"b980ba22-63cb-442f-b936-0fb9dedb470a","local_time":"20210125121112","is_ascension_mode":true,"campfire_choices":[{"data":"A Thousand Cuts","floor":15.0,"key":"SMITH"},{"data":"Cloak And Dagger","floor":24.0,"key":"SMITH"},{"data":"Cloak And Dagger","floor":28.0,"key":"SMITH"},{"data":"Blade Dance","floor":32.0,"key":"SMITH"},{"data":"Blade Dance","floor":41.0,"key":"SMITH"},{"data":"Adrenaline","floor":45.0,"key":"SMITH"},{"floor":49.0,"key":"RECALL"},{"data":"Adrenaline","floor":52.0,"key":"SMITH"}],"circlet_count":0,"master_deck":["Strike_G","Defend_G","Defend_G","Survivor","Neutralize","Backstab","Deflect","Backflip","Cloak And Dagger+1","Infinite Blades","A Thousand Cuts+1","Escape Plan","Cloak And Dagger+1","Adrenaline+1","Blade Dance+1","Backstab+1","Blade Dance+1","Blur","Adrenaline","Accuracy+1","Escape Plan+1","Adrenaline+1","Blade Dance+1","Accuracy","Trip","After Image"],"relics":["Ring of the Snake","Thread and Needle","Happy Flower","Paper Crane","InkBottle","Snake Skull","Darkstone Periapt","Empty Cage","Molten Egg 2","Matryoshka","Letter Opener","Ninja Scroll","StrikeDummy","WristBlade","Gambling Chip","TungstenRod","Smiling Mask","Boot","Pocketwatch","Sling","Pen Nib","Bag of Marbles","Shuriken"],"acts_visited":["Exordium","TheCity","TheBeyond","TheEnding"],"potions_floor_usage":[55,55,55],"damage_taken":[{"damage":0.0,"enemies":"2 Louse","floor":1.0,"turns":3.0},{"damage":0.0,"enemies":"Jaw Worm","floor":2.0,"turns":3.0},{"damage":29.0,"enemies":"Lagavulin","floor":6.0,"turns":11.0},{"damage":0.0,"enemies":"Cultist","floor":8.0,"turns":3.0},{"damage":2.0,"enemies":"3 Sentries","floor":10.0,"turns":11.0},{"damage":0.0,"enemies":"Exordium Thugs","floor":11.0,"turns":8.0},{"damage":1.0,"enemies":"Lagavulin","floor":12.0,"turns":8.0},{"damage":0.0,"enemies":"Gremlin Gang","floor":13.0,"turns":4.0},{"damage":0.0,"enemies":"Hexaghost","floor":16.0,"turns":9.0},{"damage":0.0,"enemies":"3 Byrds","floor":18.0,"turns":6.0},{"damage":0.0,"enemies":"Chosen","floor":20.0,"turns":3.0},{"damage":5.0,"enemies":"Slavers","floor":23.0,"turns":4.0},{"damage":2.0,"enemies":"Gremlin Leader","floor":25.0,"turns":4.0},{"damage":0.0,"enemies":"Slavers","floor":27.0,"turns":3.0},{"damage":0.0,"enemies":"Snecko","floor":29.0,"turns":2.0},{"damage":0.0,"enemies":"3 Cultists","floor":30.0,"turns":3.0},{"damage":0.0,"enemies":"Collector","floor":33.0,"turns":6.0},{"damage":5.0,"enemies":"3 Darklings","floor":35.0,"turns":2.0},{"damage":0.0,"enemies":"3 Shapes","floor":36.0,"turns":3.0},{"damage":1.0,"enemies":"3 Darklings","floor":37.0,"turns":2.0},{"damage":0.0,"enemies":"Mind Bloom Boss Battle","floor":38.0,"turns":2.0},{"damage":0.0,"enemies":"Nemesis","floor":40.0,"turns":3.0},{"damage":0.0,"enemies":"Reptomancer","floor":42.0,"turns":1.0},{"damage":0.0,"enemies":"Nemesis","floor":44.0,"turns":2.0},{"damage":0.0,"enemies":"Giant Head","floor":46.0,"turns":1.0},{"damage":0.0,"enemies":"Jaw Worm Horde","floor":47.0,"turns":1.0},{"damage":0.0,"enemies":"Transient","floor":48.0,"turns":5.0},{"damage":0.0,"enemies":"Awakened One","floor":50.0,"turns":5.0},{"damage":0.0,"enemies":"Shield and Spear","floor":54.0,"turns":1.0},{"damage":20,"enemies":"The Heart","floor":55,"turns":5}],"seed_played":"-4819074725684515480","potions_obtained":[{"floor":1.0,"key":"LiquidMemories"},{"floor":2.0,"key":"SpeedPotion"},{"floor":6.0,"key":"Energy Potion"},{"floor":13.0,"key":"LiquidBronze"},{"floor":16.0,"key":"Ancient Potion"},{"floor":23.0,"key":"LiquidMemories"},{"floor":29.0,"key":"Swift Potion"},{"floor":30.0,"key":"Dexterity Potion"}],"is_trial":false,"path_per_floor":["M","M","?","T","?","E","$","M","T","E","M","E","M","$","R","B",null,"M","$","M","?","$","E","R","E","T","E","R","M","M","?","R","B",null,"M","M","M","?","?","E","R","E","T","E","R","E","M","M","R","B",null,"R","$","E","B",null],"character_chosen":"THE_SILENT","items_purchased":["Cloak And Dagger","Sling","Pen Nib","Bag of Marbles","Accuracy","Trip"],"campfire_rested":0,"item_purchase_floors":[14,53,53,53,53,53],"current_hp_per_floor":[70,70,53,53,53,24,24,24,24,22,22,21,21,21,21,21,70,70,70,70,70,70,65,65,63,63,63,63,63,63,63,63,63,70,65,65,64,64,64,64,64,64,64,64,64,64,64,64,64,64,70,70,70,70,50],"gold":184,"neow_bonus":"ONE_RARE_RELIC","is_daily":false,"chose_seed":false,"campfire_upgraded":7,"win_rate":0.0,"timestamp":1611544272,"path_taken":["M","M","?","?","?","E","$","M","T","E","?","E","M","?","R","BOSS","M","$","?","?","$","E","R","E","T","E","R","M","M","?","R","BOSS","M","M","M","?","?","E","R","E","T","E","R","E","M","M","R","BOSS","R","$","E","BOSS"],"items_purchased_type":["Card","Relic","Relic","Relic","Card","Card"],"build_version":"2020-12-22","purchased_purges":4,"victory":true,"max_hp_per_floor":[70,70,70,70,70,70,70,70,70,70,70,70,70,70,70,70,70,70,70,70,70,70,70,70,70,70,70,70,70,70,70,70,70,70,70,70,70,70,70,70,70,70,70,70,70,70,70,70,70,70,70,70,70,70,70],"card_choices":[{"not_picked":["Outmaneuver","Heel Hook"],"picked":"Backstab","floor":1.0},{"not_picked":["Flying Knee","Slice"],"picked":"Deflect","floor":2.0},{"not_picked":["Deflect","Caltrops"],"picked":"Backflip","floor":6.0},{"not_picked":["Escape Plan","Slice"],"picked":"Cloak And Dagger","floor":8.0},{"not_picked":["Poisoned Stab","Catalyst","All Out Attack"],"picked":"SKIP","floor":10.0},{"not_picked":["Heel Hook","Caltrops"],"picked":"Infinite Blades","floor":11.0},{"not_picked":["Quick Slash","Expertise"],"picked":"A Thousand Cuts","floor":12.0},{"not_picked":["Dash","Crippling Poison"],"picked":"Escape Plan","floor":13.0},{"not_picked":["Die Die Die","Grand Finale"],"picked":"Adrenaline","floor":16.0},{"not_picked":["Quick Slash","Masterful Stab+1"],"picked":"Blade Dance","floor":18.0},{"not_picked":["Dagger Spray","Deadly Poison","Slice+1"],"picked":"SKIP","floor":20.0},{"not_picked":["Setup","Slice+1"],"picked":"Backstab+1","floor":23.0},{"not_picked":["Bullet Time","Predator+1"],"picked":"Blade Dance","floor":25.0},{"not_picked":["Outmaneuver","PiercingWail","Tactician+1"],"picked":"SKIP","floor":27.0},{"not_picked":["Prepared","Bane+1","PiercingWail"],"picked":"SKIP","floor":29.0},{"not_picked":["Flying Knee+1","Slice+1"],"picked":"Blur","floor":30.0},{"not_picked":["All Out Attack+1","Underhanded Strike+1","PiercingWail"],"picked":"SKIP","floor":35.0},{"not_picked":["Acrobatics+1","Infinite Blades"],"picked":"Accuracy+1","floor":36.0},{"not_picked":["Underhanded Strike+1","Poisoned Stab+1","Noxious Fumes"],"picked":"SKIP","floor":37.0},{"not_picked":["Dodge and Roll","Sucker Punch+1"],"picked":"Escape Plan+1","floor":38.0},{"not_picked":["Backstab+1","Deflect+1"],"picked":"Adrenaline","floor":40.0},{"not_picked":["Backflip","Tactician+1","Skewer+1"],"picked":"SKIP","floor":42.0},{"not_picked":["Corpse Explosion","Calculated Gamble","Eviscerate+1"],"picked":"SKIP","floor":44.0},{"not_picked":["Bouncing Flask+1","Poisoned Stab+1","Dodge and Roll"],"picked":"SKIP","floor":46.0},{"not_picked":["Infinite Blades+1","Bane+1"],"picked":"Blade Dance+1","floor":47.0},{"not_picked":["Bouncing Flask","Backflip","Cloak And Dagger"],"picked":"SKIP","floor":48.0},{"not_picked":["Bouncing Flask+1","Deflect+1"],"picked":"After Image","floor":54.0}],"player_experience":1135907,"relics_obtained":[{"floor":4.0,"key":"Happy Flower"},{"floor":6.0,"key":"Paper Crane"},{"floor":9.0,"key":"InkBottle"},{"floor":10.0,"key":"Snake Skull"},{"floor":12.0,"key":"Darkstone Periapt"},{"floor":23.0,"key":"Molten Egg 2"},{"floor":25.0,"key":"Matryoshka"},{"floor":26.0,"key":"Letter Opener"},{"floor":26.0,"key":"Ninja Scroll"},{"floor":27.0,"key":"StrikeDummy"},{"floor":40.0,"key":"Gambling Chip"},{"floor":42.0,"key":"TungstenRod"},{"floor":43.0,"key":"Smiling Mask"},{"floor":44.0,"key":"Boot"},{"floor":46.0,"key":"Pocketwatch"},{"floor":54.0,"key":"Shuriken"}],"event_choices":[{"damage_healed":0.0,"max_hp_gain":0.0,"max_hp_loss":0.0,"gold_gain":0.0,"event_name":"Golden Idol","player_choice":"Take Damage","floor":3.0,"gold_loss":0.0,"damage_taken":17.0,"relics_obtained":["Golden Idol"]},{"cards_removed":["Defend_G"],"damage_healed":0.0,"max_hp_gain":0.0,"max_hp_loss":0.0,"gold_gain":0.0,"event_name":"Purifier","player_choice":"Purged","floor":5.0,"gold_loss":0.0,"damage_taken":0.0},{"damage_healed":0.0,"max_hp_gain":0.0,"max_hp_loss":0.0,"gold_gain":0.0,"event_name":"Ghosts","player_choice":"Ignored","floor":21.0,"gold_loss":0.0,"damage_taken":0.0},{"damage_healed":0.0,"max_hp_gain":0.0,"max_hp_loss":0.0,"gold_gain":0.0,"event_name":"Duplicator","player_choice":"Copied","floor":31.0,"gold_loss":0.0,"damage_taken":0.0,"cards_obtained":["Adrenaline"]},{"damage_healed":0.0,"max_hp_gain":0.0,"max_hp_loss":0.0,"gold_gain":0.0,"event_name":"MindBloom","player_choice":"Fight","floor":38.0,"gold_loss":0.0,"damage_taken":0.0},{"damage_healed":0.0,"max_hp_gain":0.0,"max_hp_loss":0.0,"gold_gain":333.0,"event_name":"The Moai Head","player_choice":"Gave Idol","floor":39.0,"relics_lost":["Golden Idol"],"gold_loss":0.0,"damage_taken":0.0}],"is_beta":false,"boss_relics":[{"not_picked":["SlaversCollar","Snecko Eye"],"picked":"Empty Cage"},{"not_picked":["Busted Crown","Velvet Choker"],"picked":"WristBlade"}],"items_purged_floors":[7,14,19,53],"is_endless":false,"potions_floor_spawned":[1,2,6,13,16,20,23,29,30,35,36,37,44,46],"ascension_level":1}}