{"host":"9n6i2vl93jt4o42q","time":1611597378,"event":{"mods":["BaseMod","Minty Spire (QoL Compilation)","Relic Stats"],"gold_per_floor":[117,42,42,55,74,74,84,84,84,99,99,114,140,156,156,230,230,248,248,264,264,281,281,307,307,332,363,381,381,408,22,22,22,22],"floor_reached":33,"language":"ENG","playtime":2339,"items_purged":[],"score":614,"play_id":"92a6f231-1b3d-4c01-9b6b-ef26ef158917","local_time":"20210125185618","is_ascension_mode":true,"campfire_choices":[{"data":"Immolate","floor":6.0,"key":"SMITH"},{"data":"Bash","floor":8.0,"key":"SMITH"},{"data":"Burning Pact","floor":11.0,"key":"SMITH"},{"data":"Anger","floor":15.0,"key":"SMITH"},{"data":"Seeing Red","floor":23,"key":"SMITH"},{"data":"Rage","floor":25,"key":"SMITH"},{"data":"Power Through","floor":29,"key":"SMITH"},{"data":"True Grit","floor":32,"key":"SMITH"}],"circlet_count":0,"master_deck":["AscendersBane","Strike_R+1","Strike_R","Strike_R","Defend_R","Defend_R","Defend_R","Defend_R","Bash+1","Immolate+1","Twin Strike","Flame Barrier","Inflame","Seeing Red+1","Sword Boomerang+1","Headbutt","Burning Pact+1","Pommel Strike","Anger+1","Reaper","Power Through+1","Shrug It Off","Rage+1","Seeing Red+1","True Grit+1"],"relics":["Burning Blood","Eternal Feather","Charon\u0027s Ashes","Philosopher\u0027s Stone","Toy Ornithopter","Oddly Smooth Stone","Whetstone","Shovel","PreservedInsect","Akabeko"],"acts_visited":["Exordium","TheCity"],"potions_floor_usage":[27,27],"damage_taken":[{"damage":15.0,"enemies":"Cultist","floor":1.0,"turns":5.0},{"damage":6.0,"enemies":"2 Louse","floor":4.0,"turns":3.0},{"damage":1.0,"enemies":"Small Slimes","floor":5.0,"turns":3.0},{"damage":39.0,"enemies":"Gremlin Gang","floor":7.0,"turns":4.0},{"damage":2.0,"enemies":"3 Louse","floor":10.0,"turns":2.0},{"damage":0.0,"enemies":"Lots of Slimes","floor":12.0,"turns":1.0},{"damage":13.0,"enemies":"3 Sentries","floor":13.0,"turns":4.0},{"damage":0.0,"enemies":"Gremlin Gang","floor":14.0,"turns":1.0},{"damage":41.0,"enemies":"Slime Boss","floor":16.0,"turns":8.0},{"damage":28.0,"enemies":"Shell Parasite","floor":18.0,"turns":3.0},{"damage":5.0,"enemies":"Chosen","floor":20.0,"turns":4.0},{"damage":0,"enemies":"Centurion and Healer","floor":22,"turns":4},{"damage":24,"enemies":"Gremlin Leader","floor":24,"turns":5},{"damage":46,"enemies":"Slavers","floor":27,"turns":6},{"damage":7,"enemies":"Cultist and Chosen","floor":28,"turns":4},{"damage":51,"enemies":"Gremlin Leader","floor":30,"turns":7},{"damage":62,"enemies":"Collector","floor":33,"turns":5}],"seed_played":"-3981323229046550884","potions_obtained":[{"floor":4.0,"key":"Regen Potion"},{"floor":12.0,"key":"Weak Potion"},{"floor":20.0,"key":"ColorlessPotion"},{"floor":27,"key":"FearPotion"}],"is_trial":false,"path_per_floor":["M","$","?","M","M","R","M","R","T","M","R","M","E","M","R","B",null,"M","?","M","?","M","R","E","R","T","E","M","R","E","$","R","B"],"character_chosen":"IRONCLAD","items_purchased":["Flame Barrier","True Grit","PreservedInsect","Akabeko"],"campfire_rested":0,"item_purchase_floors":[2,31,31,31],"current_hp_per_floor":[59,59,59,59,64,64,31,31,31,35,44,50,43,49,61,26,58,45,45,52,52,67,68,50,62,62,36,41,53,29,29,44,0,0],"gold":22,"neow_bonus":"THREE_RARE_CARDS","is_daily":false,"chose_seed":false,"campfire_upgraded":8,"win_rate":0.0,"timestamp":1611597378,"path_taken":["M","?","?","M","M","R","?","R","T","M","R","?","E","M","R","BOSS","M","?","?","?","?","R","E","R","T","E","M","R","E","$","R","BOSS"],"items_purchased_type":["Card","Card","Relic","Relic"],"build_version":"2020-12-22","purchased_purges":0,"victory":false,"max_hp_per_floor":[68,68,68,68,68,68,68,68,68,68,68,68,68,68,68,68,68,68,68,68,68,68,68,68,68,68,68,68,68,68,68,68,68,68],"relic_stats":{"Shovel":0,"counters":[17,69],"Eternal Feather":61,"Charon\u0027s Ashes":[134],"PreservedInsect":0,"Whetstone":["Strike_R","Sword Boomerang"],"obtain_stats":[{"Shovel":30,"Oddly Smooth Stone":26,"Eternal Feather":9,"Philosopher\u0027s Stone":17,"Charon\u0027s Ashes":13,"PreservedInsect":31,"Whetstone":27,"Burning Blood":0,"Toy Ornithopter":24,"Akabeko":31},{"Shovel":16,"Oddly Smooth Stone":13,"Eternal Feather":4,"Philosopher\u0027s Stone":9,"Charon\u0027s Ashes":7,"PreservedInsect":16,"Whetstone":14,"Burning Blood":0,"Toy Ornithopter":13,"Akabeko":16},{"Shovel":64,"Oddly Smooth Stone":47,"Eternal Feather":15,"Philosopher\u0027s Stone":31,"Charon\u0027s Ashes":22,"PreservedInsect":64,"Whetstone":53,"Burning Blood":0,"Toy Ornithopter":47,"Akabeko":64}],"Burning Blood":96,"Toy Ornithopter":10},"card_choices":[{"not_picked":["Bludgeon","Exhume"],"picked":"Immolate","floor":0.0},{"not_picked":["Dual Wield","Clash"],"picked":"Twin Strike","floor":1.0},{"not_picked":["Headbutt","Flex"],"picked":"Seeing Red","floor":4.0},{"not_picked":["Twin Strike","Hemokinesis"],"picked":"Sword Boomerang","floor":5.0},{"not_picked":["Disarm","Twin Strike"],"picked":"Headbutt","floor":7.0},{"not_picked":["Searing Blow","Ghostly Armor"],"picked":"Burning Pact","floor":10.0},{"not_picked":["Rage","Flex"],"picked":"Pommel Strike","floor":12.0},{"not_picked":["Burning Pact","Rupture","Heavy Blade"],"picked":"SKIP","floor":13.0},{"not_picked":["Bludgeon","Shrug It Off"],"picked":"Anger","floor":14.0},{"not_picked":["Demon Form","Berserk"],"picked":"Reaper","floor":16.0},{"not_picked":["Pummel","Havoc"],"picked":"Power Through","floor":18.0},{"not_picked":["Warcry","Pommel Strike+1"],"picked":"Shrug It Off","floor":20.0},{"not_picked":["Cleave","Hemokinesis"],"picked":"Rage","floor":22},{"not_picked":["Juggernaut","Hemokinesis","Sword Boomerang"],"picked":"SKIP","floor":24},{"not_picked":["Juggernaut","Hemokinesis","Sword Boomerang"],"picked":"SKIP","floor":24},{"not_picked":["Flame Barrier","Twin Strike+1"],"picked":"Seeing Red+1","floor":27},{"not_picked":["Inflame","Flex","Carnage"],"picked":"SKIP","floor":28},{"not_picked":["Twin Strike","Burning Pact","Flame Barrier"],"picked":"SKIP","floor":30}],"player_experience":2274403,"relics_obtained":[{"floor":9.0,"key":"Eternal Feather"},{"floor":13.0,"key":"Charon\u0027s Ashes"},{"floor":24,"key":"Toy Ornithopter"},{"floor":26,"key":"Oddly Smooth Stone"},{"floor":27,"key":"Whetstone"},{"floor":30,"key":"Shovel"}],"event_choices":[{"damage_healed":0.0,"max_hp_gain":0.0,"max_hp_loss":0.0,"gold_gain":0.0,"event_name":"Match and Keep!","player_choice":"1 cards matched","floor":3.0,"gold_loss":0.0,"damage_taken":0.0,"cards_obtained":["Inflame"]},{"cards_removed":["Strike_R"],"damage_healed":0.0,"max_hp_gain":0.0,"max_hp_loss":0.0,"gold_gain":0.0,"event_name":"Purifier","player_choice":"Purged","floor":19.0,"gold_loss":0.0,"damage_taken":0.0},{"cards_removed":["Strike_R"],"damage_healed":0,"gold_gain":0,"player_choice":"Offered Basic","damage_taken":0,"max_hp_gain":0,"max_hp_loss":0,"event_name":"Bonfire Elementals","floor":21,"gold_loss":0}],"is_beta":false,"boss_relics":[{"not_picked":["Pandora\u0027s Box","Runic Cube"],"picked":"Philosopher\u0027s Stone"}],"items_purged_floors":[],"is_endless":false,"potions_floor_spawned":[4,12,13,16,20,24,27],"killed_by":"Collector","ascension_level":20}}