{"host":"jcc708ahli6wuwir","time":1611603380,"event":{"mods":["AchievementEnabler","BaseMod","Better Altar","Better Match","Better Note","Better Sensory Stone","Better Skull","Better Third Choice","Better Vampires","Block Reminder","Colored Map","Colored Powertips","Curses Come First","Displayed Cursed Tome","Highlight Path","Keyboard Shortcuts","Minty Spire (QoL Compilation)","Rare Cards Sparkle","Relic Stats","Shop Mod","StSLib"],"gold_per_floor":[111,111,125,125,200,210,210,222,222,222,233,233,262,68,68,164,164,175,175,48,48,323,323,323,323,323],"floor_reached":25,"language":"POL","playtime":1444,"items_purged":[],"score":199,"play_id":"9f5e54e3-0b17-462d-95ea-f98903e4a6f7","local_time":"20210125203620","is_ascension_mode":false,"campfire_choices":[{"data":"Cloak And Dagger","floor":7,"key":"SMITH"},{"floor":10,"key":"REST"},{"floor":12,"key":"REST"},{"data":"Cloak And Dagger","floor":15,"key":"SMITH"},{"data":"Envenom","floor":23,"key":"SMITH"}],"circlet_count":0,"master_deck":["Strike_G","Strike_G","Strike_G","Strike_G","Defend_G","Defend_G","Defend_G","Survivor","Neutralize","Cloak And Dagger+1","Cloak And Dagger+1","Well Laid Plans","Choke","Accuracy","Envenom+1","Dark Shackles","Burst","Accuracy","Accuracy","Sucker Punch","Choke","Regret"],"relics":["Singing Bowl","TungstenRod","MerchantsRug"],"acts_visited":["Exordium","TheCity"],"potions_floor_usage":[24,25],"damage_taken":[{"damage":1,"enemies":"Cultist","floor":1,"turns":4},{"damage":3,"enemies":"Jaw Worm","floor":3,"turns":5},{"damage":1,"enemies":"Small Slimes","floor":6,"turns":4},{"damage":5,"enemies":"Exordium Thugs","floor":8,"turns":6},{"damage":3,"enemies":"Large Slime","floor":11,"turns":4},{"damage":8,"enemies":"Lagavulin","floor":13,"turns":5},{"damage":60,"enemies":"The Guardian","floor":16,"turns":9},{"damage":3,"enemies":"Chosen","floor":18,"turns":4},{"damage":23,"enemies":"Spheric Guardian","floor":24,"turns":4},{"damage":49,"enemies":"Cultist and Chosen","floor":25,"turns":5}],"seed_played":"-5019251639666267163","potions_obtained":[{"floor":3,"key":"SmokeBomb"},{"floor":16,"key":"Strength Potion"},{"floor":19,"key":"Weak Potion"}],"is_trial":false,"path_per_floor":["M","?","M","?","?","M","R","M","T","R","M","R","E","$","R","B",null,"M","?","$","?","?","R","M","M"],"character_chosen":"THE_SILENT","items_purchased":["MerchantsRug","Envenom","Dark Shackles","Accuracy","Sucker Punch"],"campfire_rested":2,"item_purchase_floors":[14,14,14,20,20],"current_hp_per_floor":[69,62,59,59,48,47,47,42,42,63,62,72,64,64,64,4,72,69,69,69,69,69,69,46,0,0],"gold":323,"neow_bonus":"BOSS_RELIC","is_daily":false,"chose_seed":false,"campfire_upgraded":3,"win_rate":0.0,"timestamp":1611603380,"path_taken":["M","?","M","?","?","M","R","M","T","R","?","R","E","$","R","BOSS","M","?","$","?","?","R","M","?"],"items_purchased_type":["Relic","Card","Card","Card","Card"],"build_version":"2020-12-22","purchased_purges":0,"victory":false,"max_hp_per_floor":[70,70,70,70,70,70,70,70,70,70,72,72,72,72,72,72,72,72,72,72,72,72,72,72,72,72],"relic_stats":{"Singing Bowl":2,"counters":[10,50],"obtain_stats":[{"MerchantsRug":14,"Singing Bowl":9,"Snecko Eye":0,"TungstenRod":13,"Ring of the Snake":0},{"MerchantsRug":6,"Singing Bowl":4,"Snecko Eye":0,"TungstenRod":6,"Ring of the Snake":0},{"MerchantsRug":28,"Singing Bowl":19,"Snecko Eye":0,"TungstenRod":28,"Ring of the Snake":0}],"TungstenRod":23},"card_choices":[{"not_picked":["Underhanded Strike","Predator"],"picked":"Cloak And Dagger","floor":1},{"not_picked":["Footwork","Slice"],"picked":"Cloak And Dagger","floor":3},{"not_picked":["Deadly Poison","Underhanded Strike"],"picked":"Well Laid Plans","floor":6},{"not_picked":["Dagger Spray","Dodge and Roll"],"picked":"Choke","floor":8},{"not_picked":["Riddle With Holes","Calculated Gamble","Prepared"],"picked":"Singing Bowl","floor":11},{"not_picked":["Riddle With Holes","Slice"],"picked":"Accuracy","floor":13},{"not_picked":["Wraith Form v2","Bullet Time"],"picked":"Burst","floor":16},{"not_picked":["Acrobatics","Outmaneuver"],"picked":"Accuracy","floor":18}],"player_experience":110150,"relics_obtained":[{"floor":9,"key":"Singing Bowl"},{"floor":13,"key":"TungstenRod"}],"event_choices":[{"cards_removed":["Defend_G"],"damage_healed":0,"gold_gain":0,"player_choice":"Card Removal","damage_taken":7,"max_hp_gain":0,"max_hp_loss":0,"event_name":"Golden Wing","floor":2,"gold_loss":0},{"cards_removed":["Strike_G"],"damage_healed":0,"gold_gain":0,"player_choice":"Forget","damage_taken":0,"max_hp_gain":0,"max_hp_loss":0,"event_name":"Living Wall","floor":4,"gold_loss":0},{"damage_healed":0,"gold_gain":75,"player_choice":"Gold","damage_taken":11,"max_hp_gain":0,"max_hp_loss":0,"event_name":"betterThird:BetterGoop","floor":5,"gold_loss":0},{"damage_healed":0,"gold_gain":0,"player_choice":"Got Potions","damage_taken":0,"max_hp_gain":0,"max_hp_loss":0,"event_name":"Lab","floor":19,"gold_loss":0},{"damage_healed":0,"gold_gain":0,"cards_transformed":["Defend_G"],"player_choice":"Transformed","damage_taken":0,"max_hp_gain":0,"max_hp_loss":0,"event_name":"Transmorgrifier","floor":21,"gold_loss":0,"cards_obtained":["Choke"]},{"damage_healed":0,"gold_gain":275,"player_choice":"Desecrate","damage_taken":0,"max_hp_gain":0,"max_hp_loss":0,"event_name":"Golden Shrine","floor":22,"gold_loss":0,"cards_obtained":["Regret"]}],"is_beta":false,"boss_relics":[{"not_picked":["Sozu","Ectoplasm","Pandora\u0027s Box"]}],"items_purged_floors":[],"is_endless":false,"potions_floor_spawned":[3,16,24],"killed_by":"Cultist and Chosen","ascension_level":0}}