{"host":"j1eo1fqrqta44853","time":1611568618,"event":{"mods":["Act Like it!","Bartender","BaseMod","CatGirl Mod","Custom Start","Downfall","Elementarium","Gensokyo","GungeonMod","HololiveMod","Hubris","Infinite Spire","KinomotoSakuraMod(????)","Koishi","Lobotomy","LobotomyExtend","Marisa????????","Minty Spire (QoL Compilation)","Pale of the Ancients","Rare Cards Sparkle","Reimu??????","Reliquary","Replay The Spire","SIMod","Shedinja","Spire Arcade","StSLib","The Alterego","The Jungle","The Marked","The Mystic","The Runesmith","The Senshi","The Vixen","TheBandit","Waifu the Spire","WarShipGirlsR/????R mod","Yakumo Yukari mod"],"gold_per_floor":[118,23,41,55,55,55,87,87,87,122,135,170,46,56,56,157,157,170,190,202,53,53,53,73,105,105,105,188,23,23,23,23,175,175,186,186,199,48,48,48,48,48,72,72,90,106,106,106,106,106,106],"floor_reached":50,"language":"ENG","playtime":5523,"items_purged":["alterego_mod:InsideBaseball","alterego_mod:DeftHands","alterego_mod:Defend"],"score":521,"play_id":"57df9be3-c3ec-42e4-86aa-d96cc417695a","local_time":"20210125035658","is_ascension_mode":false,"campfire_choices":[{"floor":6.0,"key":"RECALL"},{"data":"alterego_mod:Nekomimi","floor":8.0,"key":"SMITH"},{"data":"alterego_mod:MagicResistance","floor":15.0,"key":"SMITH"},{"data":"alterego_mod:Pet","floor":23,"key":"SMITH"},{"data":"alterego_mod:Mirror","floor":27,"key":"SMITH"},{"data":"alterego_mod:Nekomimi","floor":30,"key":"SMITH"},{"floor":32,"key":"REST"},{"data":"alterego_mod:PainIsPleasure","floor":40,"key":"SMITH"},{"data":"alterego_mod:Rip","floor":42,"key":"SMITH"},{"data":"alterego_mod:BrynhildrsRune","floor":44,"key":"SMITH"},{"data":"alterego_mod:STier","floor":47,"key":"SMITH"},{"data":"alterego_mod:GachaTicket","floor":49,"key":"SMITH"}],"circlet_count":0,"master_deck":["alterego_mod:Strike","alterego_mod:Strike","alterego_mod:Strike","alterego_mod:Strike","alterego_mod:Defend","alterego_mod:Defend","alterego_mod:Defend","alterego_mod:Impale","alterego_mod:BigMeatyClaws","alterego_mod:BrynhildrsRune+1","alterego_mod:MaintainEyeContact","alterego_mod:Nekomimi+1","alterego_mod:Birthday","alterego_mod:GachaTicket+1","alterego_mod:Rip+1","alterego_mod:TrickOrTreatment","alterego_mod:Mirror+1","alterego_mod:MagicResistance+1","alterego_mod:Venus+1","alterego_mod:Rip+1","alterego_mod:Pet+1","alterego_mod:Nekomimi+1","RitualDagger","alterego_mod:PainIsPleasure+1","alterego_mod:STier+1"],"relics":["alterego_mod:MasochisticConstitution","hubris:SlimyHat","hubris:CrystalStatue","Singing Bowl","reliquary:RedPaperclip","hubris:MobiusCoin","Question Card","infinitespire:Lychee Nut","Busted Crown","reliquary:Knoch","hubris:Towel","Replay:WaspNest","Oddly Smooth Stone"],"acts_visited":["Exordium","TheCity","TheBeyond"],"potions_floor_usage":[24,25,28,37,37,50,50,50],"damage_taken":[{"damage":1.0,"enemies":"2 Louse","floor":1.0,"turns":5.0},{"damage":2.0,"enemies":"Cultist","floor":3.0,"turns":8.0},{"damage":9.0,"enemies":"Small Slimes","floor":4.0,"turns":8.0},{"damage":11.0,"enemies":"Lagavulin","floor":7.0,"turns":17.0},{"damage":41.0,"enemies":"3 Sentries","floor":10.0,"turns":28.0},{"damage":14.0,"enemies":"Exordium Wildlife","floor":11.0,"turns":8.0},{"damage":6.0,"enemies":"Lagavulin","floor":12.0,"turns":12.0},{"damage":7.0,"enemies":"Blue Slaver","floor":14.0,"turns":5.0},{"damage":39.0,"enemies":"Fading Forest","floor":16.0,"turns":11.0},{"damage":23,"enemies":"Spheric Guardian","floor":18,"turns":7},{"damage":9,"enemies":"3 Byrds","floor":19,"turns":5},{"damage":31,"enemies":"Centurion and Healer","floor":20,"turns":5},{"damage":28,"enemies":"Sentry and Sphere","floor":24,"turns":6},{"damage":20,"enemies":"Replay:Snechameleon","floor":25,"turns":10},{"damage":36,"enemies":"Slavers","floor":28,"turns":7},{"damage":59,"enemies":"hubris:MusketHawk","floor":33,"turns":11},{"damage":19,"enemies":"3 Shapes","floor":35,"turns":8},{"damage":13,"enemies":"Orb Walker","floor":37,"turns":5},{"damage":25,"enemies":"Jaw Worm Horde","floor":45,"turns":6},{"damage":39,"enemies":"Sphere and 2 Shapes","floor":46,"turns":5},{"damage":139,"enemies":"hubris:GrandSnecko","floor":50,"turns":13}],"seed_played":"-3408761901481070071","potions_obtained":[{"floor":1.0,"key":"Regen Potion"},{"floor":4.0,"key":"Weak Potion"},{"floor":14.0,"key":"Toxic Potion"},{"floor":18,"key":"ZuzhouPotion:ReiMu"},{"floor":20,"key":"Adrenaline Potion"},{"floor":25,"key":"Adrenaline Potion"},{"floor":33,"key":"DemoMod:LeadSkinPotion"},{"floor":35,"key":"Explosive Potion"},{"floor":37,"key":"Weak Potion"},{"floor":46,"key":"hexamod:SoulburnPotion"},{"floor":48,"key":"LiquidBronze"},{"floor":48,"key":"Adrenaline Potion"},{"floor":48,"key":"Fruit Juice"}],"is_trial":false,"path_per_floor":["M","$","M","M","?","R","E","R","T","E","M","E","$","M","R","B",null,"M","M","M","$","?","R","M","E","T","R","E","$","R","?","R","B",null,"M","?","M","$","?","R","T","R","T","R","M","M","R","?","R","B"],"character_chosen":"The_Alterego","items_purchased":["alterego_mod:Nekomimi","alterego_mod:Birthday","alterego_mod:Mirror","alterego_mod:Pet","alterego_mod:Nekomimi","reliquary:Knoch"],"campfire_rested":1,"item_purchase_floors":[2,2,13,21,29,38],"current_hp_per_floor":[71,71,72,73,73,73,74,74,74,50,46,62,62,74,74,80,81,78,85,73,73,56,56,57,59,59,59,52,52,52,46,68,46,76,75,75,76,76,76,76,76,76,76,76,75,70,70,70,70,0,0],"gold":106,"neow_bonus":"RANDOM_COMMON_RELIC","is_daily":false,"chose_seed":false,"campfire_upgraded":10,"win_rate":0.0,"timestamp":1611568618,"path_taken":["M","$","M","M","?","R","E","R","T","E","M","E","$","M","R","BOSS","M","M","M","$","?","R","M","E","T","R","E","$","R","?","R","BOSS","M","?","M","$","?","R","?","R","T","R","M","M","R","?","R","BOSS"],"items_purchased_type":["Card","Card","Card","Card","Card","Relic"],"build_version":"2020-12-22","purchased_purges":3,"victory":false,"max_hp_per_floor":[71,71,72,73,73,73,74,74,74,75,76,79,79,80,80,81,81,82,85,86,86,91,91,94,97,97,97,75,75,75,75,75,76,76,79,75,78,78,78,78,78,78,78,78,81,82,82,82,82,87,87],"card_choices":[{"not_picked":["alterego_mod:BoobPocket","alterego_mod:GoddessCore"],"picked":"alterego_mod:MaintainEyeContact","floor":1.0},{"not_picked":["alterego_mod:DeftHands","alterego_mod:Cycle"],"picked":"alterego_mod:InsideBaseball","floor":3.0},{"not_picked":["alterego_mod:Cycle","alterego_mod:Pet"],"picked":"alterego_mod:GachaTicket","floor":4.0},{"not_picked":["alterego_mod:BusterCard+1","alterego_mod:DustData+1","alterego_mod:PerceptionDisorder"],"picked":"SKIP","floor":7.0},{"not_picked":["alterego_mod:Complex+1","alterego_mod:Stockings+1"],"picked":"alterego_mod:Rip","floor":10.0},{"not_picked":["alterego_mod:PresenceConcealment","alterego_mod:Schoolgirl"],"picked":"alterego_mod:TrickOrTreatment","floor":11.0},{"not_picked":["alterego_mod:Birthday","alterego_mod:Skirt+1","alterego_mod:Clap"],"picked":"Singing Bowl","floor":12.0},{"not_picked":["alterego_mod:Jiggle","alterego_mod:HighServant"],"picked":"alterego_mod:MagicResistance","floor":14.0},{"not_picked":["alterego_mod:STier","alterego_mod:InsideBaseball"],"picked":"alterego_mod:Venus+1","floor":16.0},{"not_picked":["alterego_mod:GoddessCore","alterego_mod:Collar"],"picked":"alterego_mod:Rip+1","floor":18},{"not_picked":["alterego_mod:Cushion","alterego_mod:Jiggle","alterego_mod:HighServant"],"picked":"Singing Bowl","floor":19},{"not_picked":["alterego_mod:Cycle+1","alterego_mod:HighServant+1"],"picked":"alterego_mod:DeftHands","floor":20},{"not_picked":["alterego_mod:Bounce","alterego_mod:Schoolgirl","alterego_mod:Santa+1"],"picked":"Singing Bowl","floor":24},{"not_picked":["alterego_mod:Exercise+1","alterego_mod:HighServant","alterego_mod:BusterCard+1"],"picked":"Singing Bowl","floor":25},{"not_picked":["alterego_mod:Cycle","alterego_mod:Clap+1","alterego_mod:Undulate","alterego_mod:GIGAMILK"],"picked":"Singing Bowl","floor":28},{"not_picked":["alterego_mod:Antipathy","alterego_mod:IdEs","alterego_mod:STier"],"picked":"alterego_mod:PainIsPleasure","floor":33},{"not_picked":["alterego_mod:Skirt+1","alterego_mod:BiFurious"],"picked":"Singing Bowl","floor":35},{"not_picked":["alterego_mod:Bounce+1","alterego_mod:BiFurious"],"picked":"Singing Bowl","floor":37},{"not_picked":["alterego_mod:DeftHands","alterego_mod:Bounce+1"],"picked":"Singing Bowl","floor":45},{"not_picked":["alterego_mod:BreastValley"],"picked":"alterego_mod:STier","floor":46}],"player_experience":1117796,"relics_obtained":[{"floor":7.0,"key":"Molten Egg 2"},{"floor":10.0,"key":"hubris:CrystalStatue"},{"floor":12.0,"key":"Singing Bowl"},{"floor":25,"key":"hubris:MobiusCoin"},{"floor":26,"key":"Question Card"},{"floor":28,"key":"infinitespire:Lychee Nut"},{"floor":41,"key":"Replay:WaspNest"},{"floor":43,"key":"Oddly Smooth Stone"}],"event_choices":[{"damage_healed":0.0,"max_hp_gain":0.0,"max_hp_loss":0.0,"gold_gain":0.0,"event_name":"NoteForYourself","player_choice":"Ignored","floor":5.0,"gold_loss":0.0,"damage_taken":0.0},{"damage_healed":0,"gold_gain":0,"player_choice":"Shed Blood","damage_taken":22,"max_hp_gain":5,"max_hp_loss":0,"event_name":"Forgotten Altar","floor":22,"gold_loss":0},{"damage_healed":0,"gold_gain":0,"player_choice":"Joined the Cult","damage_taken":6,"max_hp_gain":0,"max_hp_loss":0,"event_name":"Nest","floor":31,"gold_loss":0,"cards_obtained":["RitualDagger"]},{"damage_healed":0,"gold_gain":0,"player_choice":"Max HP","damage_taken":0,"max_hp_gain":0,"max_hp_loss":4,"event_name":"Winding Halls","floor":36,"gold_loss":0},{"damage_healed":0,"gold_gain":0,"player_choice":"Got Potions","damage_taken":0,"max_hp_gain":0,"max_hp_loss":0,"event_name":"Lab","floor":48,"gold_loss":0}],"is_beta":false,"boss_relics":[{"not_picked":["ReplayTheSpireMod:SealedPack","RedLine:ReiMu"],"picked":"reliquary:RedPaperclip"},{"not_picked":["SacredBark","Coffee Dripper"],"picked":"Busted Crown"}],"items_purged_floors":[13,21,29],"is_endless":false,"potions_floor_spawned":[1,4,14,18,20,25,33,35,37,46],"killed_by":"hubris:GrandSnecko","ascension_level":0}}