{"host":"qgrlfjrqk9z96gfi","time":1611542641,"event":{"mods":["BaseMod","Block Reminder","Colored Map","Custom Start","DeckTracker","Minty Spire (QoL Compilation)"],"gold_per_floor":[111,111,211,40,54,88,88,105,105,105,180,194,194,226,226,303,303,323,172,111,131,145,145,145,145,145,145,17,42,42,68,80,168,180,207,40,65,76,76,76,109,59,82,82,114,131,149,177,177,177,177,177,177,121,148,148],"floor_reached":57,"language":"ENG","playtime":2936,"items_purged":["Grand Finale","Writhe"],"score":2964,"play_id":"b37f4d73-aea2-477b-9ee7-cfa5448668dd","local_time":"20210124164401","is_ascension_mode":true,"campfire_choices":[{"data":"Wraith Form v2","floor":7,"key":"SMITH"},{"data":"Poisoned Stab","floor":10,"key":"SMITH"},{"data":"Neutralize","floor":13,"key":"SMITH"},{"data":"Bouncing Flask","floor":15,"key":"SMITH"},{"data":"Envenom","floor":23,"key":"SMITH"},{"data":"Noxious Fumes","floor":25,"key":"SMITH"},{"data":"Adrenaline","floor":27,"key":"SMITH"},{"data":"Tactician","floor":30,"key":"SMITH"},{"data":"Accuracy","floor":32,"key":"SMITH"},{"floor":40,"key":"DIG"},{"floor":44,"key":"RECALL"},{"floor":49,"key":"DIG"},{"floor":53,"key":"DIG"}],"circlet_count":0,"master_deck":["AscendersBane","Survivor","Neutralize+1","Poisoned Stab+1","Die Die Die","Concentrate","Wraith Form v2+1","Dagger Throw","PiercingWail","Bouncing Flask+1","Adrenaline+1","Infinite Blades","Accuracy+1","Envenom+1","Choke","Cloak And Dagger","Reflex","Venomology","Acrobatics","PiercingWail","Noxious Fumes+1","Tactician+1","Blade Dance","Deflect+1","Night Terror+1","Terror+1","Tools of the Trade","Wraith Form v2","Backflip+1","Thinking Ahead+1","Purity+1","Accuracy+1","Blade Dance+1","Well Laid Plans+1","Parasite","Acrobatics+1","Outmaneuver+1"],"relics":["Ring of the Snake","NeowsBlessing","Orichalcum","Meat on the Bone","Anchor","Pandora\u0027s Box","Ancient Tea Set","Toxic Egg 2","HornCleat","Lantern","MawBank","Fusion Hammer","Shovel","Snake Skull","Du-Vu Doll","Bird Faced Urn","Boot","Letter Opener","StrikeDummy","Ornamental Fan"],"acts_visited":["Exordium","TheCity","TheBeyond","TheEnding"],"potions_floor_usage":[14,18,21,22,22,29,33,33,35,41,45,45,48,50,51,51,56,56,56],"damage_taken":[{"damage":0,"enemies":"2 Louse","floor":1,"turns":1},{"damage":0,"enemies":"Small Slimes","floor":5,"turns":1},{"damage":0,"enemies":"3 Sentries","floor":6,"turns":1},{"damage":0,"enemies":"Cultist","floor":8,"turns":3},{"damage":2,"enemies":"3 Louse","floor":12,"turns":2},{"damage":0,"enemies":"Gremlin Nob","floor":14,"turns":4},{"damage":18,"enemies":"The Guardian","floor":16,"turns":11},{"damage":0,"enemies":"Chosen","floor":18,"turns":6},{"damage":3,"enemies":"Shell Parasite","floor":21,"turns":4},{"damage":15,"enemies":"3 Cultists","floor":22,"turns":7},{"damage":0,"enemies":"Slavers","floor":29,"turns":4},{"damage":8,"enemies":"Book of Stabbing","floor":31,"turns":5},{"damage":36,"enemies":"Automaton","floor":33,"turns":7},{"damage":0,"enemies":"3 Shapes","floor":35,"turns":4},{"damage":0,"enemies":"Mind Bloom Boss Battle","floor":37,"turns":6},{"damage":0,"enemies":"Orb Walker","floor":38,"turns":3},{"damage":0,"enemies":"Reptomancer","floor":41,"turns":5},{"damage":19,"enemies":"Nemesis","floor":45,"turns":5},{"damage":0,"enemies":"Writhing Mass","floor":46,"turns":5},{"damage":2,"enemies":"Sphere and 2 Shapes","floor":47,"turns":5},{"damage":0,"enemies":"Reptomancer","floor":48,"turns":5},{"damage":67,"enemies":"Donu and Deca","floor":50,"turns":7},{"damage":16,"enemies":"Time Eater","floor":51,"turns":9},{"damage":6,"enemies":"Shield and Spear","floor":55,"turns":6},{"damage":75,"enemies":"The Heart","floor":56,"turns":9}],"seed_played":"7063556686194934454","potions_obtained":[{"floor":5,"key":"Energy Potion"},{"floor":12,"key":"CunningPotion"},{"floor":16,"key":"Dexterity Potion"},{"floor":18,"key":"Regen Potion"},{"floor":29,"key":"Ancient Potion"},{"floor":33,"key":"Fire Potion"}],"is_trial":false,"path_per_floor":["M","?","?","$","M","E","R","M","T","R","?","M","R","E","R","B",null,"M","$","?","M","M","R","?","R","T","R","$","E","R","E","R","B",null,"M","$","?","M","?","R","E","$","T","R","E","M","M","E","R","B","B",null,"R","$","E","B",null],"character_chosen":"THE_SILENT","items_purchased":["Die Die Die","Noxious Fumes","Deflect+1","Wraith Form v2","Blade Dance+1","SteroidPotion"],"campfire_rested":0,"item_purchase_floors":[4,19,28,36,42,54],"current_hp_per_floor":[59,64,64,64,64,64,64,64,64,64,53,51,51,51,51,45,65,65,65,65,62,56,56,56,56,56,56,56,56,56,48,48,24,59,59,59,59,59,54,54,54,54,54,54,47,63,71,71,71,29,50,66,66,66,65,24],"gold":148,"neow_bonus":"THREE_ENEMY_KILL","is_daily":false,"chose_seed":false,"campfire_upgraded":9,"win_rate":0.0,"timestamp":1611542641,"path_taken":["M","?","?","$","?","E","R","M","T","R","?","M","R","E","R","BOSS","M","$","?","?","M","R","?","R","T","R","$","E","R","E","R","BOSS","M","$","?","M","?","R","E","?","T","R","E","M","M","E","R","BOSS","BOSS","R","$","E","BOSS"],"items_purchased_type":["Card","Card","Card","Card","Card","Potion"],"build_version":"2020-12-22","purchased_purges":2,"victory":true,"max_hp_per_floor":[66,71,71,71,71,71,71,71,71,71,71,71,71,71,71,71,71,71,71,71,71,71,71,71,71,71,71,71,71,71,71,71,71,71,71,71,71,71,71,71,71,71,71,71,71,71,71,71,71,71,71,71,71,71,71,71],"card_choices":[{"not_picked":["Footwork","Prepared"],"picked":"Poisoned Stab","floor":1},{"not_picked":["Blur","Backflip"],"picked":"Concentrate","floor":5},{"not_picked":["Masterful Stab","Quick Slash"],"picked":"Wraith Form v2","floor":6},{"not_picked":["Riddle With Holes","Dodge and Roll"],"picked":"Dagger Throw","floor":8},{"not_picked":["Outmaneuver","Distraction"],"picked":"PiercingWail","floor":12},{"not_picked":["PiercingWail","Footwork"],"picked":"Bouncing Flask","floor":14},{"not_picked":["Tools of the Trade","Malaise"],"picked":"Adrenaline","floor":16},{"not_picked":["Dagger Spray","All Out Attack+1","Masterful Stab"],"picked":"SKIP","floor":18},{"not_picked":["Leg Sweep","Masterful Stab"],"picked":"Tactician","floor":21},{"not_picked":["Bane","Quick Slash"],"picked":"Blade Dance","floor":22},{"not_picked":["Leg Sweep+1","Footwork"],"picked":"Night Terror+1","floor":29},{"not_picked":["Leg Sweep+1","Blade Dance+1"],"picked":"Terror+1","floor":31},{"not_picked":["After Image","Malaise+1"],"picked":"Tools of the Trade","floor":33},{"not_picked":["Masterful Stab","Dagger Throw","Bane"],"picked":"SKIP","floor":35},{"not_picked":["Flying Knee+1","Slice"],"picked":"Backflip+1","floor":38},{"not_picked":["Blind+1","Jack Of All Trades+1"],"picked":"Thinking Ahead+1","floor":39},{"not_picked":["Dramatic Entrance","Mind Blast"],"picked":"Purity+1","floor":39},{"not_picked":["Acrobatics+1","Underhanded Strike"],"picked":"Accuracy+1","floor":41},{"not_picked":["Eviscerate","Blur+1"],"picked":"Well Laid Plans+1","floor":45},{"not_picked":["Expertise+1","PiercingWail+1","Bouncing Flask+1"],"picked":"SKIP","floor":46},{"not_picked":["Distraction+1","Flechettes+1"],"picked":"Acrobatics+1","floor":47},{"not_picked":["Flying Knee","Infinite Blades+1"],"picked":"Outmaneuver+1","floor":48},{"not_picked":["Slice","Acrobatics+1","Quick Slash+1"],"picked":"SKIP","floor":55}],"player_experience":1059139,"relics_obtained":[{"floor":6,"key":"Orichalcum"},{"floor":9,"key":"Meat on the Bone"},{"floor":14,"key":"Anchor"},{"floor":26,"key":"HornCleat"},{"floor":29,"key":"Lantern"},{"floor":31,"key":"MawBank"},{"floor":37,"key":"Shovel"},{"floor":40,"key":"Snake Skull"},{"floor":41,"key":"Du-Vu Doll"},{"floor":45,"key":"Bird Faced Urn"},{"floor":48,"key":"Boot"},{"floor":49,"key":"Letter Opener"},{"floor":53,"key":"StrikeDummy"},{"floor":55,"key":"Ornamental Fan"}],"event_choices":[{"damage_healed":0,"gold_gain":0,"player_choice":"Donut","damage_taken":0,"max_hp_gain":5,"max_hp_loss":0,"event_name":"Big Fish","floor":2,"gold_loss":0},{"damage_healed":0,"gold_gain":100,"player_choice":"Gold","damage_taken":0,"max_hp_gain":0,"max_hp_loss":0,"event_name":"Wheel of Change","floor":3,"gold_loss":0},{"damage_healed":0,"gold_gain":75,"player_choice":"Gather Gold","damage_taken":11,"max_hp_gain":0,"max_hp_loss":0,"event_name":"World of Goop","floor":11,"gold_loss":0},{"damage_healed":0,"gold_gain":0,"player_choice":"Paid Gold","damage_taken":0,"relics_obtained":["Ancient Tea Set"],"max_hp_gain":0,"max_hp_loss":0,"event_name":"WeMeetAgain","floor":20,"gold_loss":61},{"damage_healed":0,"gold_gain":0,"player_choice":"Opened","damage_taken":0,"relics_obtained":["Toxic Egg 2"],"max_hp_gain":0,"max_hp_loss":0,"event_name":"The Mausoleum","floor":24,"gold_loss":0,"cards_obtained":["Writhe"]},{"damage_healed":0,"gold_gain":0,"player_choice":"Fight","damage_taken":0,"max_hp_gain":0,"max_hp_loss":0,"event_name":"MindBloom","floor":37,"gold_loss":0},{"damage_healed":0,"gold_gain":0,"player_choice":"Memory 2","damage_taken":5,"max_hp_gain":0,"max_hp_loss":0,"event_name":"SensoryStone","floor":39,"gold_loss":0}],"is_beta":false,"boss_relics":[{"not_picked":["Busted Crown","Black Star"],"picked":"Pandora\u0027s Box"},{"not_picked":["WristBlade","Philosopher\u0027s Stone"],"picked":"Fusion Hammer"}],"items_purged_floors":[19,28],"is_endless":false,"potions_floor_spawned":[5,12,16,18,29,33,37,41,46,48],"ascension_level":20}}