{"host":"u19jhb6amotr3ucl","time":1611538271,"event":{"mods":["Act Like it!","Astrologer","BaseMod","Better Match","BetterRewards","Conspire","Duelist Mod","Hubris","Infinite Spire","Jorbs\u0027s Wanderer Trilogy","Marisa????????","Minty Spire (QoL Compilation)","Quick Restart","Replay The Spire","Spicy Shops","StSLib","The Animator"],"gold_per_floor":[117,132,6,6,6,6,341,341,341,368,402,415,415,435,435,537,537,548,548,647,138,138,172,172,191,191,232,80,80,108,131,131,238,238,264,264,486,386,386],"floor_reached":38,"language":"ENG","playtime":2212,"items_purged":["Overencumbered","theDuelist:CurseArmaments"],"score":857,"play_id":"8e2c1d9d-087f-4c13-ba69-615d34ca2506","local_time":"20210124203111","is_ascension_mode":true,"campfire_choices":[{"floor":6,"key":"RECALL"},{"data":"MysteriousBeam","floor":8,"key":"SMITH"},{"floor":15,"key":"REST"},{"floor":32,"key":"REST"}],"circlet_count":0,"master_deck":["Strike_MRS","Strike_MRS","Strike_MRS","Strike_MRS","Defend_MRS+1","Defend_MRS","Defend_MRS","Defend_MRS+1","MasterSpark","UpSweep","IllusionStar+1","MysteriousBeam+1","WitchLeyline","ChargingUp","MeteoricShower+1","RefractionSpark","ShootingEcho+1","WitchLeyline+1","ShootTheMoon+1","stsjorbsmod:Withering","infinitespire:Starlight","WitchLeyline+1","BlazingStar+1","BinaryStars","stsjorbsmod:PollutedStrike","theDuelist:CurseArmaments","OortCloud+1","DragonMeteor+1","WitchLeyline+1","IllusionStar","MagicChant","GrandCross+1","hubris:Greed","hubris:Greed","TreasureHunter+1","MachineGunSpark+1","PulseMagic+1","NonDirectionalLaser+1","ManaRampage","MilkyWay+1"],"relics":["MiniHakkero","Juzu Bracelet","infinitespire:Lychee Nut","Replay:Ancient Bell","War Paint","infinitespire:WardingShard","Old Coin","Dream Catcher","Molten Egg 2","Torii","Bag of Preparation","hubris:PeanutButter","Red Mask","BargainBundle","Strawberry","ClockworkSouvenir","Replay:Wax Seal","Replay:Rubber Ducky","Strange Spoon","hubris:CrackedHourglass"],"acts_visited":["Exordium","TheCity","TheBeyond"],"potions_floor_usage":[14,16,27,27,31,33],"damage_taken":[{"damage":7,"enemies":"Jaw Worm","floor":1,"turns":2},{"damage":1,"enemies":"Cultist","floor":2,"turns":3},{"damage":10,"enemies":"Gremlin Nob","floor":7,"turns":3},{"damage":19,"enemies":"Lagavulin","floor":10,"turns":4},{"damage":35,"enemies":"conspire:MimicChest","floor":11,"turns":5},{"damage":0,"enemies":"Small Slimes","floor":12,"turns":2},{"damage":1,"enemies":"Looter","floor":14,"turns":3},{"damage":4,"enemies":"Slime Boss","floor":16,"turns":5},{"damage":7,"enemies":"Shell Parasite","floor":18,"turns":2},{"damage":10,"enemies":"Book of Stabbing","floor":23,"turns":3},{"damage":8,"enemies":"3 Byrds","floor":25,"turns":6},{"damage":37,"enemies":"Gremlin Leader","floor":27,"turns":4},{"damage":20,"enemies":"Centurion and Healer","floor":30,"turns":4},{"damage":3,"enemies":"Chosen and Byrds","floor":31,"turns":6},{"damage":31,"enemies":"Champ","floor":33,"turns":7},{"damage":0,"enemies":"3 Shapes","floor":35,"turns":3},{"damage":47,"enemies":"infinitespire:Three Voidlings","floor":38,"turns":5},{"damage":44,"enemies":"Nightmare_Alpha","floor":38,"turns":4}],"seed_played":"3088645507133085448","potions_obtained":[{"floor":1,"key":"BlessingOfTheForge"},{"floor":7,"key":"FearPotion"},{"floor":11,"key":"SkillPotion"},{"floor":12,"key":"BottledSpark"},{"floor":23,"key":"PowerPotion"},{"floor":27,"key":"Cursed Concoction"},{"floor":30,"key":"Fruit Juice"},{"floor":33,"key":"Venom Potion"}],"is_trial":false,"path_per_floor":["M","M","$","?","?","R","E","R","T","E","?","M","?","M","R","B",null,"M","?","?","$","?","E","?","M","T","E","$","?","M","M","R","B",null,"M","?","?","?"],"character_chosen":"MARISA","items_purchased":["IllusionStar","Juzu Bracelet","MysteriousBeam","War Paint","MeteoricShower+1","BargainBundle","DragonMeteor+1","WitchLeyline+1","IllusionStar","Strawberry","ClockworkSouvenir","Strange Spoon"],"campfire_rested":2,"item_purchase_floors":[0,0,0,3,3,21,21,21,21,21,21,28],"current_hp_per_floor":[49,53,53,53,53,53,48,48,48,35,6,9,9,23,39,51,56,49,49,49,56,56,51,51,59,59,27,27,27,13,21,41,16,68,68,78,78,0,0],"gold":386,"neow_bonus":"","is_daily":false,"chose_seed":false,"campfire_upgraded":1,"win_rate":0.0,"timestamp":1611538271,"path_taken":["M","M","$","?","?","R","E","R","T","E","?","M","?","M","R","BOSS","M","?","?","$","?","E","?","M","T","E","$","?","M","M","R","BOSS","M","?","?","?"],"items_purchased_type":["Card","Relic","Card","Relic","Card","Relic","Card","Card","Card","Relic","Relic","Relic"],"build_version":"2020-12-22","purchased_purges":2,"victory":false,"max_hp_per_floor":[56,56,56,56,56,56,56,56,56,56,56,56,56,56,56,56,56,56,56,56,63,63,63,63,63,63,63,63,63,63,68,68,68,68,68,78,78,78,78],"card_choices":[{"not_picked":["AsteroidBelt","LuminesStrike"],"picked":"WitchLeyline","floor":1},{"not_picked":["LuminesStrike","DC"],"picked":"ChargingUp","floor":2},{"not_picked":["6A","FairyDestructionRay"],"picked":"RefractionSpark","floor":7},{"not_picked":["6A+1","EnergyFlow"],"picked":"ShootingEcho+1","floor":10},{"not_picked":["NonDirectionalLaser+1","OrrerysSun"],"picked":"WitchLeyline+1","floor":11},{"not_picked":["DarkMatter","MagicChant"],"picked":"ShootTheMoon+1","floor":12},{"not_picked":["infinitespire:SevenWalls","infinitespire:FinalStrike"],"picked":"infinitespire:Starlight","floor":13},{"not_picked":["PowerUp","DC+1"],"picked":"WitchLeyline+1","floor":14},{"not_picked":["GravityBeat+1","PulseMagic"],"picked":"BlazingStar+1","floor":15},{"not_picked":["AbsoluteMagnitude+1","SatelliteIllusion"],"picked":"BinaryStars","floor":16},{"not_picked":["CommonCold","Hallucinations"],"picked":"theDuelist:CurseArmaments","floor":17},{"not_picked":["theDuelist:PsiCurse","theDuelist:GravekeeperCurse"],"picked":"stsjorbsmod:PollutedStrike","floor":17},{"not_picked":["ReplayTheSpireMod:Faulty Equipment","Languid"],"picked":"theDuelist:CurseArmaments","floor":17},{"not_picked":["OrrerysSun","ShootingEcho+1"],"picked":"OortCloud+1","floor":18},{"not_picked":["DragonMeteor+1","DC+1"],"picked":"GrandCross+1","floor":23},{"not_picked":["WitchOfGreed","OneTimeOff"],"picked":"TreasureHunter+1","floor":25},{"not_picked":["Singularity","DarkSpark+1"],"picked":"TreasureHunter+1","floor":27},{"not_picked":["GravityBeat+1","6A+1"],"picked":"MachineGunSpark+1","floor":30},{"not_picked":["GalacticHalo","PowerUp"],"picked":"PulseMagic+1","floor":31},{"not_picked":["SporeBomb","Singularity+1"],"picked":"NonDirectionalLaser+1","floor":32},{"not_picked":["SatelliteIllusion","MillisecondPulsars"],"picked":"ManaRampage","floor":33},{"not_picked":["DarkMatter","UnstableBomb+1"],"picked":"MilkyWay+1","floor":35}],"player_experience":346746,"relics_obtained":[{"floor":7,"key":"Old Coin"},{"floor":9,"key":"Dream Catcher"},{"floor":10,"key":"Molten Egg 2"},{"floor":11,"key":"Torii"},{"floor":19,"key":"Red Mask"},{"floor":23,"key":"Replay:Wax Seal"},{"floor":27,"key":"Replay:Rubber Ducky"}],"event_choices":[{"damage_healed":0,"gold_gain":0,"player_choice":"Gave Potion","damage_taken":0,"relics_obtained":["infinitespire:WardingShard"],"max_hp_gain":0,"max_hp_loss":0,"event_name":"WeMeetAgain","floor":4,"gold_loss":0},{"damage_healed":0,"gold_gain":0,"player_choice":"Upgraded","damage_taken":0,"max_hp_gain":0,"max_hp_loss":0,"event_name":"Upgrade Shrine","floor":5,"gold_loss":0,"cards_upgraded":["IllusionStar"]},{"damage_healed":0,"gold_gain":99,"player_choice":"Stole From Cult","damage_taken":0,"max_hp_gain":0,"max_hp_loss":0,"event_name":"Nest","floor":20,"gold_loss":0},{"cards_removed":["TreasureHunter"],"damage_healed":0,"gold_gain":0,"player_choice":"Offered Rare","damage_taken":0,"max_hp_gain":10,"max_hp_loss":0,"event_name":"Bonfire Elementals","floor":36,"gold_loss":0},{"damage_healed":0,"gold_gain":222,"player_choice":"Wore Mask","damage_taken":0,"max_hp_gain":0,"max_hp_loss":0,"event_name":"Tomb of Lord Red Mask","floor":37,"gold_loss":0}],"is_beta":false,"boss_relics":[{"not_picked":["Gremlin Food","Oddly Smooth Stone"],"picked":"Bag of Preparation"},{"not_picked":["Replay:WaspNest","infinitespire:Midas Blood"],"picked":"hubris:PeanutButter"},{"not_picked":["Pocketwatch","hubris:Teleporter"],"picked":"Gambling Chip"},{"not_picked":["hubris:TerracottaHorce","conspire:SpecialSausage"],"picked":"hubris:CrackedHourglass"}],"items_purged_floors":[21,28],"is_endless":false,"potions_floor_spawned":[1,7,11,12,23,27,30,33,38],"killed_by":"Nightmare_Alpha","ascension_level":3}}