{"host":"yd6hhqps9de4qmof","time":1611584171,"event":{"mods":["BaseMod","Downfall","Hermit","Highlight Path","Jorbs\u0027s Wanderer Trilogy","Minty Spire (QoL Compilation)","Relic Stats","Robot Space Explorer","Shade Mod","StSLib","The Cursed","The Disciple","The Marked","The Servant 0.9.4"],"gold_per_floor":[110,121,133,233,249,283,283,315,315,6,20,20,48,59,59,154,154,173,192,211,231,83,98,98,124,124,134,134,84,84,97,97,195,195,212,223,70,88,88,118,118,147,195,195,207,207,207,219,219,219],"floor_reached":51,"language":"ENG","playtime":2760,"items_purged":["RobotSpaceExplorer:Strike"],"score":796,"play_id":"d16cce07-1976-44ac-ba7e-52284f4a4a80","local_time":"20210125151611","is_ascension_mode":true,"campfire_choices":[{"floor":7,"key":"REST"},{"data":"Apotheosis","floor":12,"key":"SMITH"},{"data":"RobotSpaceExplorer:FreezeRay","floor":15,"key":"SMITH"},{"data":"RobotSpaceExplorer:Pulsar","floor":24,"key":"SMITH"},{"floor":30,"key":"REST"},{"floor":32,"key":"REST"},{"data":"RobotSpaceExplorer:TrailblazerForm","floor":41,"key":"SMITH"},{"data":"RobotSpaceExplorer:FrostMissile","floor":44,"key":"SMITH"},{"floor":46,"key":"REST"},{"data":"Metamorphosis","floor":49,"key":"SMITH"}],"circlet_count":0,"master_deck":["RobotSpaceExplorer:Strike","RobotSpaceExplorer:Strike","RobotSpaceExplorer:Strike","RobotSpaceExplorer:Defend","RobotSpaceExplorer:Defend","RobotSpaceExplorer:Defend","RobotSpaceExplorer:Defend","RobotSpaceExplorer:Scan","RobotSpaceExplorer:MiniLasers","Writhe","RobotSpaceExplorer:FrostMissile+1","RobotSpaceExplorer:FreezeRay+1","RobotSpaceExplorer:ScrapMissile","RobotSpaceExplorer:TrailblazerForm+1","RobotSpaceExplorer:Pulsar+1","Apotheosis+1","RobotSpaceExplorer:PowerGlove+1","RobotSpaceExplorer:DroneSwarm+1","RobotSpaceExplorer:MiniDrones+1","RobotSpaceExplorer:TrailblazerForm+1","RobotSpaceExplorer:Fix","Necronomicurse","RobotSpaceExplorer:MiniBoosters+1","RobotSpaceExplorer:DoubleFind+1","Metamorphosis+1"],"relics":["RobotSpaceExplorer:RoboCore","Dead Branch","Gambling Chip","Frozen Egg 2","StrikeDummy","Anchor","MealTicket","Busted Crown","DollysMirror","Potion Belt","Bottled Tornado","Necronomicon","SlaversCollar","Mango","Smiling Mask","Omamori"],"acts_visited":["Exordium","TheCity","TheBeyond"],"potions_floor_usage":[11,13,25,40,42,50,50,50,50,50],"damage_taken":[{"damage":0,"enemies":"Cultist","floor":1,"turns":4},{"damage":1,"enemies":"Small Slimes","floor":2,"turns":4},{"damage":0,"enemies":"2 Louse","floor":3,"turns":3},{"damage":8,"enemies":"Looter","floor":5,"turns":4},{"damage":14,"enemies":"3 Sentries","floor":6,"turns":7},{"damage":2,"enemies":"Lagavulin","floor":8,"turns":10},{"damage":0,"enemies":"Gremlin Gang","floor":11,"turns":3},{"damage":3,"enemies":"3 Sentries","floor":13,"turns":5},{"damage":0,"enemies":"3 Louse","floor":14,"turns":3},{"damage":21,"enemies":"The Guardian","floor":16,"turns":13},{"damage":4,"enemies":"Shell Parasite","floor":18,"turns":6},{"damage":0,"enemies":"Spheric Guardian","floor":19,"turns":4},{"damage":2,"enemies":"Centurion and Healer","floor":20,"turns":6},{"damage":5,"enemies":"Snake Plant","floor":21,"turns":5},{"damage":7,"enemies":"Shelled Parasite and Fungi","floor":23,"turns":7},{"damage":31,"enemies":"Slavers","floor":25,"turns":5},{"damage":12,"enemies":"Sentry and Sphere","floor":27,"turns":5},{"damage":2,"enemies":"Chosen and Byrds","floor":31,"turns":6},{"damage":11,"enemies":"Collector","floor":33,"turns":12},{"damage":0,"enemies":"3 Shapes","floor":35,"turns":5},{"damage":30,"enemies":"3 Darklings","floor":36,"turns":6},{"damage":0,"enemies":"Jaw Worm Horde","floor":38,"turns":6},{"damage":13,"enemies":"Reptomancer","floor":40,"turns":7},{"damage":9,"enemies":"Giant Head","floor":42,"turns":9},{"damage":14,"enemies":"Sphere and 2 Shapes","floor":45,"turns":5},{"damage":4,"enemies":"4 Shapes","floor":48,"turns":3},{"damage":20,"enemies":"Awakened One","floor":50,"turns":10}],"seed_played":"-8938050864773953212","potions_obtained":[{"floor":3,"key":"SteroidPotion"},{"floor":6,"key":"Explosive Potion"},{"floor":11,"key":"Swift Potion"},{"floor":16,"key":"Weak Potion"},{"floor":19,"key":"PowerPotion"},{"floor":25,"key":"SkillPotion"},{"floor":33,"key":"Fire Potion"},{"floor":36,"key":"Explosive Potion"},{"floor":40,"key":"SkillPotion"},{"floor":42,"key":"DistilledChaos"}],"is_trial":false,"path_per_floor":["M","M","M","?","M","E","R","E","T","$","M","R","E","M","R","B",null,"M","M","M","M","$","M","R","E","T","M","?","?","R","M","R","B",null,"M","M","$","M","?","E","R","E","T","R","M","R","?","M","R","B",null],"character_chosen":"RobotSpaceExplorer","items_purchased":["Apotheosis","Anchor","DollysMirror","RobotSpaceExplorer:MiniBoosters+1"],"campfire_rested":4,"item_purchase_floors":[10,10,22,37],"current_hp_per_floor":[75,74,74,74,66,52,74,72,72,72,72,72,69,69,69,48,75,71,71,69,64,75,68,68,37,37,25,9,9,31,35,57,52,75,75,51,66,72,72,79,79,76,76,76,68,89,79,81,81,67],"gold":219,"neow_bonus":"ONE_RARE_RELIC","is_daily":false,"chose_seed":false,"campfire_upgraded":6,"win_rate":0.0,"timestamp":1611584171,"path_taken":["M","?","M","?","?","E","R","E","T","?","M","R","E","M","R","BOSS","M","M","M","M","$","M","R","E","T","M","?","?","R","M","R","BOSS","M","?","$","M","?","E","R","E","T","R","M","R","?","M","R","BOSS"],"items_purchased_type":["Card","Relic","Relic","Card"],"build_version":"2020-12-22","purchased_purges":1,"victory":true,"max_hp_per_floor":[75,75,75,75,75,75,75,75,75,75,75,75,75,75,75,75,75,75,75,75,75,75,75,75,75,75,75,75,75,75,75,75,75,75,75,75,75,75,75,89,89,89,89,89,89,89,89,89,89,89],"relic_stats":{"Busted Crown":38,"counters":[27,163],"Dead Branch":[113],"Gambling Chip":[69],"MealTicket":26,"Necronomicon":[16],"Smiling Mask":0,"obtain_stats":[{"Potion Belt":25,"Dead Branch":0,"RobotSpaceExplorer:RoboCore":0,"Mango":40,"Omamori":43,"Frozen Egg 2":8,"Bottled Tornado":26,"Smiling Mask":42,"SlaversCollar":34,"Anchor":10,"Busted Crown":17,"DollysMirror":22,"Gambling Chip":6,"MealTicket":13,"Necronomicon":28,"StrikeDummy":9},{"Potion Belt":16,"Dead Branch":0,"RobotSpaceExplorer:RoboCore":0,"Mango":23,"Omamori":24,"Frozen Egg 2":6,"Bottled Tornado":16,"Smiling Mask":24,"SlaversCollar":19,"Anchor":6,"Busted Crown":10,"DollysMirror":14,"Gambling Chip":5,"MealTicket":8,"Necronomicon":17,"StrikeDummy":6},{"Potion Belt":89,"Dead Branch":0,"RobotSpaceExplorer:RoboCore":0,"Mango":136,"Omamori":145,"Frozen Egg 2":32,"Bottled Tornado":89,"Smiling Mask":145,"SlaversCollar":112,"Anchor":32,"Busted Crown":56,"DollysMirror":77,"Gambling Chip":22,"MealTicket":40,"Necronomicon":94,"StrikeDummy":32}]},"card_choices":[{"not_picked":["RobotSpaceExplorer:GlueShot","RobotSpaceExplorer:SurgingStrike"],"picked":"RobotSpaceExplorer:FrostMissile","floor":1},{"not_picked":["RobotSpaceExplorer:JunkDive","RobotSpaceExplorer:FranticSearch"],"picked":"RobotSpaceExplorer:FreezeRay","floor":2},{"not_picked":["RobotSpaceExplorer:FranticSearch","RobotSpaceExplorer:Probe","RobotSpaceExplorer:DoubleBlock"],"picked":"SKIP","floor":3},{"not_picked":["RobotSpaceExplorer:MakeshiftVolley","RobotSpaceExplorer:Counterblock"],"picked":"RobotSpaceExplorer:ScrapMissile","floor":5},{"not_picked":["RobotSpaceExplorer:Calculate","RobotSpaceExplorer:ImprovisedAttack"],"picked":"RobotSpaceExplorer:TrailblazerForm","floor":6},{"not_picked":["RobotSpaceExplorer:Discharger+1","RobotSpaceExplorer:Electropulse"],"picked":"RobotSpaceExplorer:Pulsar","floor":8},{"not_picked":["RobotSpaceExplorer:GlueShot","RobotSpaceExplorer:ImprovisedAttack"],"picked":"RobotSpaceExplorer:PowerGlove+1","floor":11},{"not_picked":["RobotSpaceExplorer:GlueSpray","RobotSpaceExplorer:ShovelStrike","RobotSpaceExplorer:Counterblock"],"picked":"SKIP","floor":13},{"not_picked":["RobotSpaceExplorer:Blitz","RobotSpaceExplorer:ScrapMissile","RobotSpaceExplorer:MakeshiftVolley"],"picked":"SKIP","floor":14},{"not_picked":["RobotSpaceExplorer:Exploration","RobotSpaceExplorer:Asteroid"],"picked":"RobotSpaceExplorer:DroneSwarm+1","floor":16},{"not_picked":["RobotSpaceExplorer:ImprovisedAttack+1"],"picked":"SKIP","floor":18},{"not_picked":["RobotSpaceExplorer:JunkDive"],"picked":"SKIP","floor":19},{"not_picked":["RobotSpaceExplorer:SurgingShield"],"picked":"SKIP","floor":20},{"not_picked":[],"picked":"RobotSpaceExplorer:MiniDrones+1","floor":21},{"not_picked":["RobotSpaceExplorer:Electroshield"],"picked":"SKIP","floor":23},{"not_picked":["RobotSpaceExplorer:Probe"],"picked":"SKIP","floor":25},{"not_picked":[],"picked":"RobotSpaceExplorer:Fix","floor":27},{"not_picked":["RobotSpaceExplorer:ScrapMissile"],"picked":"SKIP","floor":31},{"not_picked":["RobotSpaceExplorer:Electroshield+1"],"picked":"SKIP","floor":35},{"not_picked":["RobotSpaceExplorer:FreezingShield+1"],"picked":"SKIP","floor":36},{"not_picked":["RobotSpaceExplorer:SlimeMissile+1"],"picked":"SKIP","floor":38},{"not_picked":["RobotSpaceExplorer:FrostMissile"],"picked":"SKIP","floor":40},{"not_picked":[],"picked":"RobotSpaceExplorer:DoubleFind+1","floor":42},{"not_picked":["RobotSpaceExplorer:Blitz+1"],"picked":"SKIP","floor":45},{"not_picked":[],"picked":"Metamorphosis","floor":47},{"not_picked":["RobotSpaceExplorer:GlueShot"],"picked":"SKIP","floor":48}],"player_experience":1171483,"relics_obtained":[{"floor":6,"key":"Gambling Chip"},{"floor":8,"key":"Frozen Egg 2"},{"floor":9,"key":"StrikeDummy"},{"floor":13,"key":"MealTicket"},{"floor":25,"key":"Potion Belt"},{"floor":26,"key":"Bottled Tornado"},{"floor":28,"key":"Necronomicon"},{"floor":40,"key":"Mango"},{"floor":42,"key":"Smiling Mask"},{"floor":43,"key":"Omamori"}],"event_choices":[{"damage_healed":0,"gold_gain":100,"player_choice":"Pray","damage_taken":0,"max_hp_gain":0,"max_hp_loss":0,"event_name":"Golden Shrine","floor":4,"gold_loss":0},{"damage_healed":0,"gold_gain":0,"player_choice":"Obtained Book","damage_taken":16,"max_hp_gain":0,"max_hp_loss":0,"event_name":"Cursed Tome","floor":28,"gold_loss":0},{"damage_healed":0,"gold_gain":0,"player_choice":"Bet on Murderer","damage_taken":0,"max_hp_gain":0,"max_hp_loss":0,"event_name":"The Joust","floor":29,"gold_loss":50},{"damage_healed":0,"gold_gain":0,"player_choice":"Ignored","damage_taken":0,"max_hp_gain":0,"max_hp_loss":0,"event_name":"Mysterious Sphere","floor":39,"gold_loss":0},{"damage_healed":0,"gold_gain":0,"player_choice":"Memory 3","damage_taken":10,"max_hp_gain":0,"max_hp_loss":0,"event_name":"SensoryStone","floor":47,"gold_loss":0}],"is_beta":false,"boss_relics":[{"not_picked":["Runic Pyramid","Tiny House"],"picked":"Busted Crown"},{"not_picked":["Runic Dome","Coffee Dripper"],"picked":"SlaversCollar"}],"items_purged_floors":[37],"is_endless":false,"potions_floor_spawned":[3,6,8,11,16,19,20,23,25,33,36,40,42],"ascension_level":2}}