{"host":"Á¤±Û¸µ","time":1611534243,"event":{"mods":["AchievementEnabler","BaseMod","Colored Map","DeckTracker","Highlight Path","Keyboard Shortcuts","Minty Spire (QoL Compilation)","Permanent Neow","Quick Restart","Rare Cards Sparkle","StSLib","SuperFastMode","everything is the same but u backflip on backflip"],"gold_per_floor":[112,122,122,122,45,71,71,88,139,153,166,183,215,279,279,279,279],"floor_reached":16,"language":"KOR","playtime":626,"items_purged":[],"score":182,"play_id":"c3d4e8a4-7d60-445c-b930-a60d31fd83a2","local_time":"20210125092403","is_ascension_mode":true,"campfire_choices":[{"data":"Eruption","floor":7,"key":"SMITH"},{"floor":15,"key":"REST"}],"circlet_count":0,"master_deck":["Strike_P+1","Strike_P","Strike_P","Strike_P","Defend_P","Defend_P+1","Defend_P","Eruption+1","Vigilance","WindmillStrike+1","LessonLearned","Consecrate+1","Halt","ClearTheMind","Meditate"],"relics":["PureWater","Happy Flower","Strawberry","Pear","Tiny Chest","Centennial Puzzle","Smiling Mask"],"acts_visited":["Exordium"],"potions_floor_usage":[6,13],"damage_taken":[{"damage":0.0,"enemies":"2 Louse","floor":1.0,"turns":2.0},{"damage":4.0,"enemies":"Jaw Worm","floor":2.0,"turns":3.0},{"damage":27,"enemies":"3 Sentries","floor":6,"turns":6},{"damage":4,"enemies":"Small Slimes","floor":8,"turns":3},{"damage":13,"enemies":"Looter","floor":10,"turns":5},{"damage":0,"enemies":"3 Louse","floor":11,"turns":2},{"damage":4,"enemies":"Exordium Wildlife","floor":12,"turns":3},{"damage":3,"enemies":"Gremlin Nob","floor":13,"turns":3},{"damage":10,"enemies":"Gremlin Nob","floor":14,"turns":3},{"damage":0,"enemies":"The Guardian","floor":16,"turns":2}],"seed_played":"1639553552097874502","potions_obtained":[{"floor":1.0,"key":"DistilledChaos"},{"floor":10,"key":"Weak Potion"},{"floor":14,"key":"BottledMiracle"}],"is_trial":false,"path_per_floor":["M","M","?","?","$","E","R","M","T","M","M","M","E","?","R","B"],"character_chosen":"WATCHER","items_purchased":["LessonLearned"],"campfire_rested":1,"item_purchase_floors":[5],"current_hp_per_floor":[65,61,61,65,65,48,48,44,44,31,31,27,24,14,40,40,40],"gold":279,"neow_bonus":"RANDOM_COMMON_RELIC","is_daily":false,"chose_seed":false,"campfire_upgraded":1,"win_rate":0.0,"timestamp":1611534243,"path_taken":["M","M","?","?","$","E","R","M","T","M","M","?","E","?","R","BOSS"],"items_purchased_type":["Card"],"build_version":"2020-12-18","purchased_purges":0,"victory":false,"max_hp_per_floor":[72,72,72,79,79,89,89,89,89,89,89,89,89,89,89,89,89],"card_choices":[{"not_picked":["JustLucky","FlyingSleeves","Crescendo"],"picked":"SKIP","floor":1.0},{"not_picked":["Crescendo","SashWhip","EmptyBody"],"picked":"SKIP","floor":2.0},{"not_picked":["JustLucky","ThirdEye"],"picked":"Consecrate","floor":6},{"not_picked":["Perseverance","ForeignInfluence","BowlingBash"],"picked":"SKIP","floor":8},{"not_picked":["Weave","Wish"],"picked":"Halt","floor":10},{"not_picked":["BowlingBash","SignatureMove"],"picked":"ClearTheMind","floor":11},{"not_picked":["Swivel","BowlingBash","ClearTheMind"],"picked":"SKIP","floor":12},{"not_picked":["LikeWater","Halt"],"picked":"Meditate","floor":13}],"player_experience":332975,"relics_obtained":[{"floor":6,"key":"Pear"},{"floor":9,"key":"Tiny Chest"},{"floor":13,"key":"Centennial Puzzle"},{"floor":14,"key":"Smiling Mask"}],"event_choices":[{"damage_healed":0.0,"max_hp_gain":0.0,"max_hp_loss":0.0,"gold_gain":0.0,"cards_transformed":["Defend_P"],"event_name":"Living Wall","player_choice":"Change","floor":3.0,"gold_loss":0.0,"damage_taken":0.0,"cards_obtained":["WindmillStrike"]},{"damage_healed":0.0,"max_hp_gain":0.0,"max_hp_loss":0.0,"gold_gain":0.0,"event_name":"Scrap Ooze","player_choice":"Success","floor":4.0,"gold_loss":0.0,"damage_taken":3.0,"relics_obtained":["Strawberry"]},{"damage_healed":0,"gold_gain":0,"player_choice":"Searched \u00272\u0027 times","damage_taken":0,"max_hp_gain":0,"max_hp_loss":0,"event_name":"Dead Adventurer","floor":14,"gold_loss":0}],"is_beta":true,"boss_relics":[],"items_purged_floors":[],"is_endless":false,"potions_floor_spawned":[1,10,14],"killed_by":"The Guardian","ascension_level":8}}