{"host":"fnk117zi8wf5078t","time":1611590575,"event":{"mods":["AchievementEnabler","BaseMod","Colored Map","Minty Spire (QoL Compilation)","Rare Cards Sparkle","SuperFastMode","everything is the same but u backflip on backflip"],"gold_per_floor":[118,128,78,78,78,78,92,115,115,190,206,53,72,91,91,191,191,209,39,0,14,14,14,33,33,33],"floor_reached":25,"language":"KOR","playtime":652,"items_purged":["Pain","Strike_B"],"score":299,"play_id":"a063d21e-c74e-4702-8ec4-ca836ef127f2","local_time":"20210126010255","is_ascension_mode":true,"campfire_choices":[{"floor":6,"key":"REST"},{"data":"Static Discharge","floor":15,"key":"SMITH"},{"floor":23,"key":"REST"}],"circlet_count":0,"master_deck":["AscendersBane","Strike_B","Strike_B","Defend_B","Defend_B","Defend_B","Defend_B","Zap","Dualcast","Multi-Cast","White Noise","Ball Lightning","Chill","Self Repair","Static Discharge+1","Biased Cognition","Fission","Darkness+1","Storm","Defragment"],"relics":["Cracked Core","WarpedTongs","Omamori","Bottled Lightning","Nuclear Battery"],"acts_visited":["Exordium","TheCity"],"potions_floor_usage":[3,16,25],"damage_taken":[{"damage":12,"enemies":"Small Slimes","floor":1,"turns":2},{"damage":14,"enemies":"Jaw Worm","floor":2,"turns":5},{"damage":1,"enemies":"Cultist","floor":7,"turns":3},{"damage":3,"enemies":"Exordium Wildlife","floor":11,"turns":4},{"damage":4,"enemies":"Looter","floor":13,"turns":3},{"damage":14,"enemies":"Gremlin Gang","floor":14,"turns":3},{"damage":15,"enemies":"The Guardian","floor":16,"turns":9},{"damage":9,"enemies":"Chosen","floor":18,"turns":4},{"damage":39,"enemies":"2 Thieves","floor":21,"turns":3},{"damage":43,"enemies":"Cultist and Chosen","floor":24,"turns":5},{"damage":12,"enemies":"Centurion and Healer","floor":25,"turns":4}],"seed_played":"-8009570148339809872","potions_obtained":[{"floor":2,"key":"Fruit Juice"},{"floor":7,"key":"AttackPotion"},{"floor":13,"key":"EssenceOfSteel"},{"floor":16,"key":"CultistPotion"}],"is_trial":false,"path_per_floor":["M","M","?","$","?","R","M","T","T","?","M","$","M","M","R","B",null,"M","$","?","M","?","R","M","M"],"character_chosen":"DEFECT","items_purchased":["Static Discharge","Storm"],"campfire_rested":2,"item_purchase_floors":[12,19],"current_hp_per_floor":[56,42,47,47,47,71,70,70,70,62,59,59,62,55,55,47,72,70,70,70,38,23,48,12,0,0],"gold":33,"neow_bonus":"ONE_RANDOM_RARE_CARD","is_daily":false,"chose_seed":false,"campfire_upgraded":1,"win_rate":0.0,"timestamp":1611590575,"path_taken":["M","M","?","$","?","R","?","?","T","?","M","$","M","?","R","BOSS","M","$","?","M","?","R","M","M"],"items_purchased_type":["Card","Card"],"build_version":"2020-12-22","purchased_purges":2,"victory":false,"max_hp_per_floor":[75,75,80,80,80,80,80,80,80,80,80,80,80,80,80,80,80,80,80,80,80,85,85,85,85,85],"card_choices":[{"not_picked":["Steam","Conserve Battery"],"picked":"White Noise","floor":1},{"not_picked":["Leap","Streamline"],"picked":"Ball Lightning","floor":2},{"not_picked":["Reprogram","Barrage"],"picked":"Chill","floor":7},{"not_picked":["Coolheaded","Hologram"],"picked":"Self Repair","floor":11},{"not_picked":["Rip and Tear","Streamline","Sweeping Beam"],"picked":"SKIP","floor":13},{"not_picked":["Conserve Battery","Force Field"],"picked":"Biased Cognition","floor":14},{"not_picked":["Biased Cognition","Echo Form"],"picked":"Fission","floor":16},{"not_picked":["Double Energy","Streamline+1"],"picked":"Darkness+1","floor":18},{"not_picked":["Ball Lightning","Sweeping Beam","Cold Snap"],"picked":"SKIP","floor":21},{"not_picked":["Cold Snap","Turbo"],"picked":"Defragment","floor":24}],"player_experience":420906,"relics_obtained":[{"floor":8,"key":"Omamori"},{"floor":9,"key":"Bottled Lightning"}],"event_choices":[{"cards_removed":["Strike_B"],"damage_healed":0,"gold_gain":0,"player_choice":"Card Removal","damage_taken":0,"max_hp_gain":0,"max_hp_loss":0,"event_name":"The Cleric","floor":3,"gold_loss":50},{"damage_healed":0,"gold_gain":0,"player_choice":"Rummage","damage_taken":0,"relics_obtained":["WarpedTongs"],"max_hp_gain":0,"max_hp_loss":0,"event_name":"Accursed Blacksmith","floor":5,"gold_loss":0,"cards_obtained":["Pain"]},{"damage_healed":0,"gold_gain":75,"player_choice":"Touch","damage_taken":8,"max_hp_gain":0,"max_hp_loss":0,"event_name":"FaceTrader","floor":10,"gold_loss":0},{"damage_healed":0,"gold_gain":0,"player_choice":"Paid Fearfully","damage_taken":0,"max_hp_gain":0,"max_hp_loss":0,"event_name":"Masked Bandits","floor":20,"gold_loss":39},{"damage_healed":0,"gold_gain":0,"player_choice":"Shed Blood","damage_taken":20,"max_hp_gain":5,"max_hp_loss":0,"event_name":"Forgotten Altar","floor":22,"gold_loss":0}],"is_beta":false,"boss_relics":[{"not_picked":["Snecko Eye","Tiny House"],"picked":"Nuclear Battery"}],"items_purged_floors":[12,19],"is_endless":false,"potions_floor_spawned":[2,7,13,16,24],"killed_by":"Centurion and Healer","ascension_level":11}}