{"host":"1qhzi8r9ejho5yph","time":1611569475,"event":{"mods":["AchievementEnabler","BaseMod","Colored Map","Colored Powertips","Highlight Path","Minty Spire (QoL Compilation)","Permanent Neow","Quick Restart","Random Character Button","StSLib","SuperFastMode"],"gold_per_floor":[119,131,151,164,176,176,176,191,191,191,191,206,50,125,125,224,224,235,235,72,90,105,105,122,47,47,62,62,62,62,80,80,80,80],"floor_reached":33,"language":"ENG","playtime":704,"items_purged":["Strike_R"],"score":241,"play_id":"8c2a55bc-dbec-42a9-99a9-b8896723f9d6","local_time":"20210125181115","is_ascension_mode":false,"campfire_choices":[{"data":"Limit Break","floor":6,"key":"SMITH"},{"data":"Fire Breathing","floor":15,"key":"SMITH"},{"data":"Apotheosis","floor":23,"key":"SMITH"},{"floor":28,"key":"REST"},{"floor":30,"key":"REST"},{"data":"Dark Embrace","floor":32,"key":"SMITH"}],"circlet_count":0,"master_deck":["Strike_R","Strike_R","Defend_R+1","Defend_R","Defend_R","Defend_R","Bash","Limit Break+1","Twin Strike+1","Heavy Blade","True Grit","Power Through","Pommel Strike","Fire Breathing+1","Havoc","Immolate","Barricade","Apotheosis+1","Spot Weakness","Power Through+1","True Grit","Dark Embrace+1"],"relics":["Burning Blood"],"acts_visited":["Exordium","TheCity"],"potions_floor_usage":[16,16,24,27],"damage_taken":[{"damage":0,"enemies":"Small Slimes","floor":1,"turns":3},{"damage":0,"enemies":"2 Louse","floor":2,"turns":2},{"damage":6,"enemies":"Cultist","floor":3,"turns":3},{"damage":20,"enemies":"Looter","floor":4,"turns":3},{"damage":14,"enemies":"2 Fungi Beasts","floor":5,"turns":4},{"damage":7,"enemies":"Exordium Thugs","floor":8,"turns":5},{"damage":0,"enemies":"Large Slime","floor":12,"turns":5},{"damage":8,"enemies":"Slime Boss","floor":16,"turns":5},{"damage":45,"enemies":"Spheric Guardian","floor":18,"turns":6},{"damage":7,"enemies":"Chosen","floor":21,"turns":5},{"damage":18,"enemies":"Snake Plant","floor":22,"turns":5},{"damage":12,"enemies":"Centurion and Healer","floor":24,"turns":7},{"damage":25,"enemies":"Shelled Parasite and Fungi","floor":27,"turns":7},{"damage":10,"enemies":"Chosen and Byrds","floor":31,"turns":7},{"damage":56,"enemies":"Collector","floor":33,"turns":5}],"seed_played":"-6507787231947120415","potions_obtained":[{"floor":4,"key":"Energy Potion"},{"floor":5,"key":"Energy Potion"},{"floor":8,"key":"BlessingOfTheForge"},{"floor":22,"key":"Block Potion"},{"floor":24,"key":"HeartOfIron"},{"floor":27,"key":"SteroidPotion"}],"is_trial":false,"path_per_floor":["M","M","M","M","M","R","?","M","T","?","?","M","$","?","R","B",null,"M","?","$","M","M","R","M","?","T","M","R","?","R","M","R","B"],"character_chosen":"IRONCLAD","items_purchased":["Immolate","Apotheosis"],"campfire_rested":2,"item_purchase_floors":[13,20],"current_hp_per_floor":[80,80,80,66,58,58,42,41,41,46,46,52,52,41,41,39,85,46,46,46,45,33,33,27,27,27,8,33,33,58,54,54,0,0],"gold":80,"neow_bonus":"ONE_RANDOM_RARE_CARD","is_daily":false,"chose_seed":false,"campfire_upgraded":4,"win_rate":0.0,"timestamp":1611569475,"path_taken":["M","M","M","M","M","R","?","M","T","?","?","M","$","?","R","BOSS","M","?","?","M","M","R","M","?","T","M","R","?","R","M","R","BOSS"],"items_purchased_type":["Card","Card"],"build_version":"2020-12-22","purchased_purges":1,"victory":false,"max_hp_per_floor":[80,80,80,80,80,80,80,80,80,85,85,85,85,85,85,85,85,85,85,85,85,85,85,85,85,85,85,85,85,85,85,85,85,85],"card_choices":[{"not_picked":["Anger","Entrench"],"picked":"Twin Strike","floor":1},{"not_picked":["Dropkick","Sever Soul"],"picked":"Heavy Blade","floor":2},{"not_picked":["Perfected Strike","Clothesline"],"picked":"True Grit","floor":3},{"not_picked":["Thunderclap","Infernal Blade"],"picked":"Power Through","floor":4},{"not_picked":["Pummel","Cleave"],"picked":"Pommel Strike","floor":5},{"not_picked":["Sentinel","Warcry"],"picked":"Fire Breathing","floor":8},{"not_picked":["Anger","Armaments"],"picked":"Havoc","floor":12},{"not_picked":["Bludgeon","Demon Form"],"picked":"Barricade","floor":16},{"not_picked":["Twin Strike","Sword Boomerang","Thunderclap"],"picked":"SKIP","floor":18},{"not_picked":["Clothesline","Rage","Carnage"],"picked":"SKIP","floor":21},{"not_picked":["Heavy Blade","Armaments"],"picked":"Spot Weakness","floor":22},{"not_picked":["Heavy Blade","Combust"],"picked":"Power Through+1","floor":24},{"not_picked":["Warcry","Anger+1"],"picked":"True Grit","floor":27},{"not_picked":["Searing Blow","Bludgeon"],"picked":"Dark Embrace","floor":31}],"player_experience":329653,"relics_obtained":[],"event_choices":[{"damage_healed":0,"gold_gain":0,"player_choice":"Entered Light","damage_taken":16,"max_hp_gain":0,"max_hp_loss":0,"event_name":"Shining Light","floor":7,"gold_loss":0,"cards_upgraded":["Twin Strike","Defend_R"]},{"damage_healed":0,"gold_gain":0,"player_choice":"Donut","damage_taken":0,"max_hp_gain":5,"max_hp_loss":0,"event_name":"Big Fish","floor":10,"gold_loss":0},{"damage_healed":0,"gold_gain":0,"player_choice":"Searched \u00270\u0027 times","damage_taken":0,"max_hp_gain":0,"max_hp_loss":0,"event_name":"Dead Adventurer","floor":11,"gold_loss":0},{"damage_healed":0,"gold_gain":75,"player_choice":"Gather Gold","damage_taken":11,"max_hp_gain":0,"max_hp_loss":0,"event_name":"World of Goop","floor":14,"gold_loss":0},{"damage_healed":0,"gold_gain":0,"player_choice":"0 cards matched","damage_taken":0,"max_hp_gain":0,"max_hp_loss":0,"event_name":"Match and Keep!","floor":19,"gold_loss":0,"cards_obtained":[]},{"cards_removed":["Strike_R"],"damage_healed":0,"gold_gain":0,"player_choice":"Gave Gold","damage_taken":0,"max_hp_gain":0,"max_hp_loss":0,"event_name":"Beggar","floor":25,"gold_loss":75},{"cards_removed":["Strike_R"],"damage_healed":0,"gold_gain":0,"player_choice":"Elegance","damage_taken":0,"max_hp_gain":0,"max_hp_loss":0,"event_name":"Back to Basics","floor":29,"gold_loss":0}],"is_beta":false,"boss_relics":[{"not_picked":["Philosopher\u0027s Stone","Runic Cube","Astrolabe"]}],"items_purged_floors":[13],"is_endless":false,"potions_floor_spawned":[4,5,8,12,21,22,24,27],"killed_by":"Collector","ascension_level":0}}