{"host":"rx4dvj46as2nh7wl","time":1611549615,"event":{"mods":["100% Spire Juice","ATMod(°¢èªMod)","Act Like it!","BaseMod","BetterRewards","Defective Defect","Dota2Spire","Friendly Minions","Gensokyo","GifTheSpireLib","HololiveMod","Hubris","KomeijiMod","Lobotomy","Minty Spire (QoL Compilation)","Permanent Neow","Relic Stats","Replay The Spire","Spicy Shops","StSLib","The Alterego","WarShipGirlsR/Õ½½¢ÉÙÅ®R mod","Yakumo Yukari mod"],"gold_per_floor":[331,346,356,370,384,384,384,396,421,439,439,468,486,520,520,625,625,643,643,656,668,268,295,295,324,324,353,371,371,371,399,399,399,399],"floor_reached":33,"language":"ZHS","playtime":2821,"items_purged":["Normality"],"score":380,"play_id":"5fa31c7b-e7c4-4f4f-86ee-d9cabc77fb87","local_time":"20210125124015","is_ascension_mode":true,"campfire_choices":[{"floor":6,"key":"REST"},{"floor":15,"key":"REST"},{"floor":24,"key":"REST"},{"data":"1","floor":29,"key":"LIFT"},{"floor":32,"key":"REST"}],"circlet_count":0,"master_deck":["Strike_Remiria","Strike_Remiria","Strike_Remiria","Defend_Remirira","Defend_Remirira","Defend_Remirira","Absorbed","Scratch","StigmaNizer","Cripple","RocketKickup","WallGazer","FitfulNightmare","DemonsDinnerFork_Remiria","RocketKickup","PunishingBird","DoubleEdge","FieryBird","RedtheNightlessCastle","ThePrice","StigmaNizer","MillenniumVampire","LaLuna","FastHealing","VoidDream","VampireClaw","SealingFear","Reaper_Remiria","Wellcheers","ShyLook","PainBurst+1","BigBadWolf","PartStrengthen+1","BodiesMountain","BloodySuit","Reaper_Remiria","VampireKiss_Remiria","NothingThere","BodyStrengthen+1"],"relics":["ThirstyCrossSpe","AT_ATBox","CogitoBucket","Ring of Peace","AspirationHeart","PreservedInsect","Girya","Sozu","ChangeAnything","Bottled Lightning","Blue Doll","Sling","Dota2Spire:OctarineCore","Dota2Spire:UrnOfShadows","Incense Burner","hubris:Reverence","AtMidnight","ResearcherNote","hubris:BundleOfHerbs"],"acts_visited":["Gensokyo:Gensokyo","TheCity"],"potions_floor_usage":[21],"damage_taken":[{"damage":3,"enemies":"Gensokyo:Gryphon","floor":1,"turns":3},{"damage":0,"enemies":"Gensokyo:Python","floor":2,"turns":4},{"damage":0,"enemies":"Gensokyo:3_Fairies","floor":3,"turns":3},{"damage":9,"enemies":"Gensokyo:Python_and_Kodama","floor":4,"turns":3},{"damage":13,"enemies":"Gensokyo:Gryphon_and_Rabbit","floor":5,"turns":4},{"damage":26,"enemies":"Gensokyo:VengefulSpirit","floor":8,"turns":4},{"damage":4,"enemies":"Gensokyo:2_Rabbits","floor":10,"turns":5},{"damage":34,"enemies":"Gensokyo:Aya","floor":12,"turns":5},{"damage":8,"enemies":"Gensokyo:CorruptedTreant","floor":13,"turns":2},{"damage":40,"enemies":"Gensokyo:Mamizou","floor":14,"turns":6},{"damage":39,"enemies":"Gensokyo:Reimu","floor":16,"turns":7},{"damage":98,"enemies":"Shell Parasite","floor":18,"turns":7},{"damage":7,"enemies":"Chosen","floor":20,"turns":5},{"damage":11,"enemies":"3 Cultists","floor":21,"turns":5},{"damage":14,"enemies":"Slavers","floor":23,"turns":2},{"damage":24,"enemies":"Book of Stabbing","floor":25,"turns":4},{"damage":17,"enemies":"Slavers","floor":27,"turns":3},{"damage":18,"enemies":"Sentry and Sphere","floor":28,"turns":5},{"damage":27,"enemies":"Book of Stabbing","floor":31,"turns":3},{"damage":51,"enemies":"hubris:MusketHawk","floor":33,"turns":4}],"seed_played":"-741985819561102179","potions_obtained":[{"floor":3,"key":"DuplicationPotion"},{"floor":5,"key":"SpeedPotion"},{"floor":8,"key":"CalmPotion"}],"is_trial":false,"path_per_floor":["M","M","M","M","M","R","?","M","T","M","?","E","M","E","R","B",null,"M","?","M","M","$","E","R","E","T","E","M","R","?","E","R","B"],"character_chosen":"RemiriaScarlet","items_purchased":["Bottled Lightning","Blue Doll","Sling"],"campfire_rested":4,"item_purchase_floors":[22,22,22],"current_hp_per_floor":[97,97,97,88,75,100,100,84,84,80,80,55,49,20,53,27,110,24,24,29,38,38,26,59,45,45,38,38,38,38,21,54,71,71],"gold":399,"neow_bonus":"","is_daily":false,"chose_seed":false,"campfire_upgraded":0,"win_rate":0.0,"timestamp":1611549615,"path_taken":["M","M","M","M","M","R","?","M","T","M","?","E","?","E","R","BOSS","M","?","M","?","$","E","R","E","T","E","M","R","?","E","R","BOSS"],"items_purchased_type":["Relic","Relic","Relic"],"build_version":"2020-12-22","purchased_purges":1,"victory":false,"max_hp_per_floor":[100,100,100,100,100,100,100,110,110,110,110,110,110,110,110,110,110,110,110,110,110,110,110,110,110,110,110,110,110,110,110,110,110,110],"relic_stats":{"Sozu":2,"counters":[23,86],"PreservedInsect":184,"obtain_stats":[{"Girya":14,"AT_ATBox":0,"Dota2Spire:UrnOfShadows":25,"AspirationHeart":8,"Blue Doll":22,"ResearcherNote":28,"PreservedInsect":12,"Incense Burner":26,"Sling":22,"Sozu":17,"CogitoBucket":0,"ThirstyCrossSpe":0,"Ring of Peace":7,"AtMidnight":28,"hubris:BundleOfHerbs":31,"Dota2Spire:OctarineCore":23,"Bottled Lightning":22,"ChangeAnything":18,"hubris:Reverence":27},{"Girya":11,"AT_ATBox":0,"Dota2Spire:UrnOfShadows":18,"AspirationHeart":7,"Blue Doll":16,"ResearcherNote":21,"PreservedInsect":9,"Incense Burner":18,"Sling":16,"Sozu":12,"CogitoBucket":0,"ThirstyCrossSpe":0,"Ring of Peace":5,"AtMidnight":21,"hubris:BundleOfHerbs":22,"Dota2Spire:OctarineCore":17,"Bottled Lightning":16,"ChangeAnything":14,"hubris:Reverence":19},{"Girya":39,"AT_ATBox":0,"Dota2Spire:UrnOfShadows":70,"AspirationHeart":21,"Blue Doll":64,"ResearcherNote":79,"PreservedInsect":31,"Incense Burner":70,"Sling":64,"Sozu":46,"CogitoBucket":0,"ThirstyCrossSpe":0,"Ring of Peace":16,"AtMidnight":79,"hubris:BundleOfHerbs":82,"Dota2Spire:OctarineCore":66,"Bottled Lightning":64,"ChangeAnything":54,"hubris:Reverence":73}]},"card_choices":[{"not_picked":["BloodCleaner","DamonLordCradle_Remiria"],"picked":"StigmaNizer","floor":1},{"not_picked":["BloodySuit","BloodyMagicSquare"],"picked":"Cripple","floor":2},{"not_picked":["FierceSweep","CombatMeter"],"picked":"RocketKickup","floor":3},{"not_picked":["OSAHOGD","Funeral"],"picked":"WallGazer","floor":3},{"not_picked":["BloodySuit","Cripple"],"picked":"FitfulNightmare","floor":4},{"not_picked":["Murderer","FairyFestival"],"picked":"SingingMachine","floor":5},{"not_picked":["BloodCollect","BodyStrengthen"],"picked":"DemonsDinnerFork_Remiria","floor":5},{"not_picked":["ServantFlier","FierceSweep"],"picked":"RocketKickup","floor":8},{"not_picked":["HeroicMonk","Murderer"],"picked":"PunishingBird","floor":10},{"not_picked":["NaturallyHealing","FastHealing"],"picked":"DoubleEdge","floor":10},{"not_picked":["CrumblingArmor","OldLady"],"picked":"FieryBird","floor":12},{"not_picked":["LifeBreak","Feint"],"picked":"RedtheNightlessCastle","floor":12},{"not_picked":["FastHealing","Exsanguinate"],"picked":"ThePrice","floor":13},{"not_picked":["DoubleEdge","BodyStrengthen"],"picked":"StigmaNizer","floor":14},{"not_picked":["RemiliaStalker","RedMagic"],"picked":"MillenniumVampire","floor":16},{"not_picked":["VoidDream","ShyLook"],"picked":"LaLuna","floor":16},{"not_picked":["DemonsDinnerFork_Remiria","TricksterDevil"],"picked":"FastHealing","floor":18},{"not_picked":["OSAHOGD","MHz"],"picked":"VoidDream","floor":18},{"not_picked":["Cripple","FastHealing"],"picked":"SealingFear","floor":20},{"not_picked":["Tearing","CurseofVladTepes"],"picked":"Reaper_Remiria","floor":21},{"not_picked":["Bloodbath","Variant"],"picked":"Wellcheers","floor":23},{"not_picked":["Cripple","DoubleEdge","TricksterDevil"],"picked":"SKIP","floor":23},{"not_picked":["Funeral","OSAHOGD"],"picked":"ShyLook","floor":25},{"not_picked":["BloodCleaner","FateSonata"],"picked":"PainBurst+1","floor":25},{"not_picked":["BlueStar","MeltingLove"],"picked":"BigBadWolf","floor":27},{"not_picked":["Impregnable","Culling"],"picked":"PartStrengthen+1","floor":27},{"not_picked":["Bloodbath","BlackArmy"],"picked":"BodiesMountain","floor":28},{"not_picked":["Cripple","Rewrite"],"picked":"BloodySuit","floor":28},{"not_picked":["Murderer","DreamingCurrent"],"picked":"NothingThere","floor":31},{"not_picked":["FateMeister","Exsanguinate"],"picked":"BodyStrengthen+1","floor":31}],"player_experience":171956,"relics_obtained":[{"floor":7,"key":"Ring of Peace"},{"floor":12,"key":"PreservedInsect"},{"floor":14,"key":"Girya"},{"floor":23,"key":"Dota2Spire:OctarineCore"},{"floor":25,"key":"Dota2Spire:UrnOfShadows"},{"floor":26,"key":"Incense Burner"},{"floor":27,"key":"hubris:Reverence"},{"floor":28,"key":"AtMidnight"},{"floor":31,"key":"hubris:BundleOfHerbs"}],"event_choices":[{"damage_healed":0,"gold_gain":0,"cards_transformed":["SingingMachine"],"player_choice":"Transformed","damage_taken":0,"max_hp_gain":0,"max_hp_loss":0,"event_name":"Transmorgrifier","floor":19,"gold_loss":0,"cards_obtained":["VampireClaw"]},{"damage_healed":0,"gold_gain":0,"cards_transformed":["Defend_Remirira","Strike_Remiria"],"player_choice":"Became Test Subject","damage_taken":0,"max_hp_gain":0,"max_hp_loss":0,"event_name":"Drug Dealer","floor":30,"gold_loss":0,"cards_obtained":["Reaper_Remiria","VampireKiss_Remiria"]}],"is_beta":false,"boss_relics":[{"not_picked":["Replay:Bronze Core","ChewingGum"],"picked":"Sozu"}],"items_purged_floors":[22],"is_endless":false,"potions_floor_spawned":[3,5,8,13,16,18,27,28],"killed_by":"hubris:MusketHawk","ascension_level":1}}