{"host":"1hzg86ju9fvxh562","time":1611601293,"event":{"mods":["AchievementEnabler","Act Like it!","AlwaysNeverKeys","BaseMod","Bestiary","Better Altar","Better Match","Better Note","Better Sensory Stone","Better Skull","Better Third Choice","Colored Map","Colored Powertips","Curses Come First","Displayed Cursed Tome","Filter the Spire","Highlight Path","Keyboard Shortcuts","Minty Spire (QoL Compilation)","Rare Cards Sparkle","Relic Sorter","Relic Stats","ShortenTheSpire","Spicy Shops","StSLib","everything is the same but u backflip on backflip","slay the spire mod where everything is the same but ironclad has a cowboy hat"],"gold_per_floor":[119,119,133,146,146,146,178,178,178,213,226,226,226,244,244,349,349,361,380,380,112,125,153,168,178,256,171,171,206,224,254,254,352,352,363,363,363,373,43,68,88,113,113,128,156,174,55,65,65,65,65,65,29,61,61,61],"floor_reached":55,"language":"ENG","playtime":4939,"items_purged":["Defend_G","Strike_G"],"score":1401,"play_id":"a850af3b-3213-4453-aba5-45ab80010484","local_time":"20210125170133","is_ascension_mode":true,"campfire_choices":[{"data":"Storm of Steel","floor":6.0,"key":"SMITH"},{"data":"Trip","floor":8.0,"key":"SMITH"},{"data":"Skewer","floor":13.0,"key":"SMITH"},{"data":"Well Laid Plans","floor":15.0,"key":"SMITH"},{"data":"Prepared","floor":28.0,"key":"SMITH"},{"data":"Malaise","floor":32.0,"key":"SMITH"},{"floor":49.0,"key":"RECALL"},{"data":"Envenom","floor":52,"key":"SMITH"}],"circlet_count":0,"master_deck":["AscendersBane","Strike_G+1","Defend_G","Defend_G","Survivor","Neutralize","Blade Dance","All Out Attack","Skewer+1","Storm of Steel+1","Trip+1","Blur","Well Laid Plans+1","Calculated Gamble+1","Burst+1","Reflex+1","Cloak And Dagger","Reflex+1","Cloak And Dagger","Prepared+1","Venomology","Reflex","Malaise+1","Envenom+1","Reflex","Footwork"],"relics":["Ring of the Snake","Eternal Feather","Strawberry","Singing Bowl","Astrolabe","Nunchaku","Molten Egg 2","Letter Opener","Tingsha","Bird Faced Urn","Bag of Preparation","WristBlade","Oddly Smooth Stone","PreservedInsect","Paper Crane","Akabeko","Pen Nib","Toxic Egg 2","Sundial"],"acts_visited":["Exordium","TheCity","TheBeyond","TheEnding"],"potions_floor_usage":[54,55],"damage_taken":[{"damage":5.0,"enemies":"Jaw Worm","floor":1.0,"turns":6.0},{"damage":1.0,"enemies":"Cultist","floor":3.0,"turns":3.0},{"damage":1.0,"enemies":"Small Slimes","floor":4.0,"turns":2.0},{"damage":13.0,"enemies":"Gremlin Nob","floor":7.0,"turns":3.0},{"damage":25.0,"enemies":"Lagavulin","floor":10.0,"turns":5.0},{"damage":5.0,"enemies":"2 Fungi Beasts","floor":11.0,"turns":3.0},{"damage":1.0,"enemies":"Looter","floor":14.0,"turns":3.0},{"damage":21.0,"enemies":"Slime Boss","floor":16.0,"turns":12.0},{"damage":6.0,"enemies":"3 Byrds","floor":18.0,"turns":4.0},{"damage":16.0,"enemies":"2 Thieves","floor":19.0,"turns":5.0},{"damage":10.0,"enemies":"Centurion and Healer","floor":22.0,"turns":8.0},{"damage":19.0,"enemies":"Slavers","floor":23.0,"turns":5.0},{"damage":0.0,"enemies":"Chosen and Byrds","floor":24.0,"turns":4.0},{"damage":4.0,"enemies":"3 Cultists","floor":25.0,"turns":6.0},{"damage":10.0,"enemies":"Gremlin Leader","floor":29.0,"turns":3.0},{"damage":1.0,"enemies":"Snake Plant","floor":30.0,"turns":3.0},{"damage":0.0,"enemies":"Book of Stabbing","floor":31.0,"turns":3.0},{"damage":15.0,"enemies":"Champ","floor":33.0,"turns":8.0},{"damage":0.0,"enemies":"3 Darklings","floor":35.0,"turns":2.0},{"damage":1.0,"enemies":"3 Shapes","floor":38.0,"turns":6.0},{"damage":0.0,"enemies":"Nemesis","floor":40.0,"turns":2.0},{"damage":33.0,"enemies":"Spire Growth","floor":41.0,"turns":5.0},{"damage":7.0,"enemies":"Giant Head","floor":42.0,"turns":2.0},{"damage":0.0,"enemies":"3 Darklings","floor":44.0,"turns":1.0},{"damage":18.0,"enemies":"Nemesis","floor":45.0,"turns":7.0},{"damage":2.0,"enemies":"4 Shapes","floor":46.0,"turns":5.0},{"damage":0.0,"enemies":"Jaw Worm Horde","floor":48.0,"turns":2.0},{"damage":33,"enemies":"Time Eater","floor":50,"turns":5},{"damage":12,"enemies":"Shield and Spear","floor":54,"turns":5},{"damage":144,"enemies":"The Heart","floor":55,"turns":9}],"seed_played":"-179098148664855328","potions_obtained":[{"floor":0.0,"key":"Fruit Juice"},{"floor":0.0,"key":"BlessingOfTheForge"},{"floor":0.0,"key":"SneckoOil"},{"floor":11.0,"key":"Block Potion"},{"floor":14.0,"key":"DuplicationPotion"},{"floor":16.0,"key":"FearPotion"},{"floor":19.0,"key":"Explosive Potion"},{"floor":30.0,"key":"Dexterity Potion"},{"floor":31.0,"key":"FearPotion"},{"floor":38.0,"key":"SteroidPotion"},{"floor":41.0,"key":"Ancient Potion"},{"floor":48.0,"key":"Swift Potion"},{"floor":54,"key":"SteroidPotion"}],"is_trial":false,"path_per_floor":["M","?","M","M","?","R","E","R","T","E","M","?","R","M","R","B",null,"M","M","?","$","M","E","M","M","T","?","R","E","M","E","R","B",null,"M","?","?","M","$","E","M","E","T","M","E","M","$","M","R","B",null,"R","$","E","B"],"character_chosen":"THE_SILENT","items_purchased":["Cloak And Dagger","Nunchaku","Oddly Smooth Stone","PreservedInsect","Toxic Egg 2","Footwork"],"campfire_rested":0,"item_purchase_floors":[21,21,39,39,47,53],"current_hp_per_floor":[63,63,62,61,61,61,48,57,64,41,38,21,30,29,38,17,69,65,49,49,49,39,22,22,20,20,20,32,24,25,27,42,29,78,80,80,80,83,83,85,56,53,53,55,41,41,41,45,60,31,90,105,105,101,0,0],"gold":61,"neow_bonus":"THREE_SMALL_POTIONS","is_daily":false,"chose_seed":false,"campfire_upgraded":7,"win_rate":0.0,"timestamp":1611601293,"path_taken":["M","?","?","M","?","R","E","R","T","E","M","?","R","?","R","BOSS","M","M","?","$","?","E","M","M","T","?","R","E","M","E","R","BOSS","M","?","?","?","?","E","?","E","T","M","E","M","$","M","R","BOSS","R","$","E","BOSS"],"items_purchased_type":["Card","Relic","Relic","Relic","Relic","Card"],"build_version":"2020-12-22","purchased_purges":2,"victory":false,"max_hp_per_floor":[75,75,75,75,75,75,75,75,82,84,86,86,86,86,86,86,86,88,88,88,88,88,90,90,92,92,92,92,94,94,94,94,94,94,96,96,96,98,98,100,102,104,104,106,106,108,108,110,110,110,110,110,110,112,112,112],"relic_stats":{"Singing Bowl":30,"counters":[30,137],"Astrolabe":["Calculated Gamble","Burst","Reflex"],"Eternal Feather":84,"Tingsha":[852],"PreservedInsect":307,"Pen Nib":[7],"Bag of Preparation":[26],"Letter Opener":[355],"Nunchaku":[25],"Sundial":[2],"Bird Faced Urn":[34],"obtain_stats":[{"Singing Bowl":10,"Astrolabe":17,"Oddly Smooth Stone":39,"Eternal Feather":7,"Tingsha":27,"PreservedInsect":39,"Pen Nib":45,"Bag of Preparation":31,"Letter Opener":26,"Paper Crane":40,"Akabeko":42,"Nunchaku":21,"WristBlade":34,"Sundial":54,"Strawberry":9,"Bird Faced Urn":29,"Molten Egg 2":23,"Toxic Egg 2":47,"Ring of the Snake":0},{"Singing Bowl":5,"Astrolabe":8,"Oddly Smooth Stone":20,"Eternal Feather":4,"Tingsha":14,"PreservedInsect":20,"Pen Nib":25,"Bag of Preparation":17,"Letter Opener":14,"Paper Crane":21,"Akabeko":23,"Nunchaku":10,"WristBlade":18,"Sundial":29,"Strawberry":4,"Bird Faced Urn":15,"Molten Egg 2":12,"Toxic Egg 2":26,"Ring of the Snake":0},{"Singing Bowl":19,"Astrolabe":37,"Oddly Smooth Stone":94,"Eternal Feather":14,"Tingsha":69,"PreservedInsect":94,"Pen Nib":111,"Bag of Preparation":78,"Letter Opener":69,"Paper Crane":96,"Akabeko":103,"Nunchaku":46,"WristBlade":86,"Sundial":128,"Strawberry":14,"Bird Faced Urn":72,"Molten Egg 2":59,"Toxic Egg 2":116,"Ring of the Snake":0}],"Ring of the Snake":[60]},"card_choices":[{"not_picked":["Sucker Punch","Crippling Poison"],"picked":"Blade Dance","floor":1.0},{"not_picked":["Setup","Underhanded Strike"],"picked":"Skewer","floor":3.0},{"not_picked":["Acrobatics","Sucker Punch"],"picked":"Storm of Steel","floor":4.0},{"not_picked":["Jack Of All Trades","Flash of Steel"],"picked":"Trip","floor":5.0},{"not_picked":["Flying Knee","Dagger Throw"],"picked":"Blur","floor":7.0},{"not_picked":["Flying Knee","Deadly Poison","Outmaneuver"],"picked":"Singing Bowl","floor":10.0},{"not_picked":["Terror","Flechettes","Slice"],"picked":"Singing Bowl","floor":11.0},{"not_picked":["Infinite Blades","Terror"],"picked":"Well Laid Plans","floor":14.0},{"not_picked":["Dodge and Roll+1","Sucker Punch","Bane"],"picked":"Singing Bowl","floor":18.0},{"not_picked":["Dagger Spray","Infinite Blades"],"picked":"Cloak And Dagger","floor":19.0},{"not_picked":["Deflect","Crippling Poison"],"picked":"Prepared","floor":22.0},{"not_picked":["Escape Plan","Flying Knee+1","Sucker Punch+1"],"picked":"Singing Bowl","floor":23.0},{"not_picked":["Well Laid Plans+1","Sucker Punch+1"],"picked":"Venomology","floor":24.0},{"not_picked":["Skewer+1","Distraction","Cloak And Dagger"],"picked":"Singing Bowl","floor":25.0},{"not_picked":["Sucker Punch+1","Setup","Dagger Spray+1"],"picked":"Singing Bowl","floor":29.0},{"not_picked":["Outmaneuver","Cloak And Dagger"],"picked":"Reflex","floor":30.0},{"not_picked":["Caltrops","Flechettes+1"],"picked":"Malaise","floor":31.0},{"not_picked":["Phantasmal Killer","Burst"],"picked":"Envenom","floor":33.0},{"not_picked":["Noxious Fumes","Heel Hook+1","Deadly Poison"],"picked":"Singing Bowl","floor":35.0},{"not_picked":["Backflip","Setup","Outmaneuver"],"picked":"Singing Bowl","floor":38.0},{"not_picked":["Underhanded Strike+1","Dagger Spray+1","Poisoned Stab+1"],"picked":"Singing Bowl","floor":40.0},{"not_picked":["Sucker Punch+1","Dagger Spray+1","Deflect+1"],"picked":"Singing Bowl","floor":41.0},{"not_picked":["Flechettes+1","Backflip","Dagger Throw+1"],"picked":"Singing Bowl","floor":42.0},{"not_picked":["Bane+1","Flechettes+1","Crippling Poison"],"picked":"Singing Bowl","floor":44.0},{"not_picked":["Poisoned Stab+1","Well Laid Plans"],"picked":"Reflex","floor":45.0},{"not_picked":["Dodge and Roll","Poisoned Stab+1","Dagger Spray+1"],"picked":"Singing Bowl","floor":46.0},{"not_picked":["Quick Slash+1","Corpse Explosion+1","Predator+1"],"picked":"Singing Bowl","floor":48.0},{"not_picked":["Deadly Poison+1","Eviscerate+1","Dagger Spray+1"],"picked":"Singing Bowl","floor":54}],"player_experience":496953,"relics_obtained":[{"floor":7.0,"key":"Eternal Feather"},{"floor":9.0,"key":"Strawberry"},{"floor":10.0,"key":"Singing Bowl"},{"floor":23.0,"key":"Molten Egg 2"},{"floor":26.0,"key":"Letter Opener"},{"floor":29.0,"key":"Bird Faced Urn"},{"floor":31.0,"key":"Bag of Preparation"},{"floor":40.0,"key":"Paper Crane"},{"floor":42.0,"key":"Akabeko"},{"floor":45.0,"key":"Pen Nib"},{"floor":54,"key":"Sundial"}],"event_choices":[{"damage_healed":0.0,"max_hp_gain":0.0,"max_hp_loss":0.0,"gold_gain":0.0,"cards_transformed":["Strike_G"],"event_name":"Transmorgrifier","player_choice":"Transformed","floor":2.0,"gold_loss":0.0,"damage_taken":0.0,"cards_obtained":["All Out Attack"]},{"damage_healed":0.0,"max_hp_gain":0.0,"max_hp_loss":0.0,"gold_gain":1.0,"event_name":"betterStone:BetterStone","player_choice":"1","floor":5.0,"gold_loss":0.0,"damage_taken":0.0},{"damage_healed":38.0,"max_hp_gain":0.0,"max_hp_loss":86.0,"gold_gain":0.0,"event_name":"betterThird:BetterShining","player_choice":"Upgrade","floor":12.0,"gold_loss":0.0,"damage_taken":17.0,"cards_upgraded":["Strike_G","Defend_G"]},{"damage_healed":0.0,"max_hp_gain":0.0,"max_hp_loss":0.0,"gold_gain":0.0,"event_name":"Duplicator","player_choice":"Copied","floor":20.0,"gold_loss":0.0,"damage_taken":0.0,"cards_obtained":["Reflex"]},{"damage_healed":0.0,"max_hp_gain":0.0,"max_hp_loss":0.0,"gold_gain":0.0,"event_name":"Addict","player_choice":"Obtained Relic","floor":27.0,"gold_loss":85.0,"damage_taken":0.0,"relics_obtained":["Tingsha"]},{"cards_removed":["Defend_G"],"damage_healed":0.0,"max_hp_gain":0.0,"max_hp_loss":0.0,"gold_gain":0.0,"event_name":"Falling","player_choice":"Removed Skill","floor":36.0,"gold_loss":0.0,"damage_taken":0.0},{"damage_healed":0.0,"max_hp_gain":0.0,"max_hp_loss":0.0,"gold_gain":0.0,"event_name":"The Woman in Blue","player_choice":"Bought 0 Potions","floor":37.0,"gold_loss":0.0,"damage_taken":0.0}],"is_beta":false,"boss_relics":[{"not_picked":["Snecko Eye","SlaversCollar"],"picked":"Astrolabe"},{"not_picked":["Pandora\u0027s Box","HoveringKite"],"picked":"WristBlade"}],"items_purged_floors":[21,39],"is_endless":false,"potions_floor_spawned":[3,11,14,16,19,29,30,31,38,40,41,48,54],"killed_by":"The Heart","ascension_level":12}}