{"host":"0fm1w3v00gid44jl","time":1611555616,"event":{"mods":["AchievementEnabler","BaseMod","Colored Map","Colored Powertips","Displayed Cursed Tome","Downfall","Googly Eyes","Highlight Path","Minty Spire (QoL Compilation)","Permanent Neow","Relic Stats","StSLib","SuperFastMode","slay the spire mod where everything is the same but ironclad has a cowboy hat"],"gold_per_floor":[99,116,129,129,129,129,129,129,149,168,181,91,91,102,119,216,216,216,232,232,250,9,41,41,26,26,39,39,57,67,99,111,206,206,106,124,274,274,324,344,344,360,160,87,13,363,363,396,413,413,413,448,212,212,212,212],"floor_reached":57,"language":"ENG","playtime":2134,"items_purged":["Shame"],"score":1336,"play_id":"b5dc9a63-f2c2-4ab9-a146-425710c95e5f","local_time":"20210125002016","is_ascension_mode":true,"campfire_choices":[{"data":"bronze:Replicate","floor":1,"key":"SMITH"},{"data":"1","floor":18,"key":"LIFT"},{"data":"2","floor":26,"key":"LIFT"},{"data":"3","floor":28,"key":"LIFT"},{"floor":35,"key":"RECALL"},{"data":"bronze:Verify","floor":43,"key":"SMITH"},{"floor":54,"key":"REST"}],"circlet_count":0,"master_deck":["bronze:Defend","bronze:Defend","bronze:Defend","bronze:Defend","bronze:Replicate+1","bronze:Flail","bronze:Terminator","bronze:ClassDefault","downfall:Haunted","downfall:Haunted","bronze:InfiniteLoop","bronze:DelayedGuard","bronze:Iterate","bronze:FineTuning","bronze:Repair","bronze:Verify+1","bronze:Frontload","downfall:Haunted","expansioncontent:LastStand","expansioncontent:Chronoboost","bronze:Iterate+1","bronze:Iterate+1"],"relics":["bronze:PlatinumCore","Guardian:PocketSentry","Girya","Du-Vu Doll","Darkstone Periapt","Busted Crown","Membership Card","Bronze Scales","Molten Egg 2","Ginger","Akabeko","downfall:HeartBlessingGreen","Ancient Tea Set","Orrery","Dead Branch","downfall:HeartBlessingRed","downfall:HeartBlessingBlue","bronze:ProtectiveGoggles","Chemical X","Old Coin","champ:DeflectingBracers","Guardian:GemstoneGun","Toy Ornithopter","Letter Opener"],"acts_visited":["Exordium","TheCity","TheBeyond","TheEnding"],"potions_floor_usage":[23,25,50],"damage_taken":[{"damage":2,"enemies":"Jaw Worm","floor":2,"turns":3},{"damage":3,"enemies":"Small Slimes","floor":3,"turns":2},{"damage":2,"enemies":"2 Louse","floor":9,"turns":2},{"damage":8,"enemies":"Lots of Slimes","floor":10,"turns":2},{"damage":0,"enemies":"Blue Slaver","floor":11,"turns":1},{"damage":0,"enemies":"downfall:FleeingMerchant","floor":12,"turns":4},{"damage":0,"enemies":"3 Louse","floor":14,"turns":1},{"damage":2,"enemies":"Blue Slaver","floor":15,"turns":2},{"damage":24,"enemies":"IC_STATUS_ARCHETYPE","floor":16,"turns":5},{"damage":9,"enemies":"Shell Parasite","floor":19,"turns":4},{"damage":0,"enemies":"3 Byrds","floor":21,"turns":1},{"damage":5,"enemies":"downfall:FleeingMerchant","floor":22,"turns":4},{"damage":31,"enemies":"Gremlin Leader","floor":23,"turns":7},{"damage":0,"enemies":"downfall:FleeingMerchant","floor":25,"turns":4},{"damage":0,"enemies":"Snake Plant","floor":27,"turns":3},{"damage":0,"enemies":"Snecko","floor":29,"turns":2},{"damage":1,"enemies":"Centurion and Healer","floor":30,"turns":4},{"damage":19,"enemies":"Slavers","floor":31,"turns":3},{"damage":0,"enemies":"Chosen and Byrds","floor":32,"turns":2},{"damage":35,"enemies":"DF_ARCHETYPE_CLAW","floor":33,"turns":4},{"damage":11,"enemies":"3 Shapes","floor":36,"turns":3},{"damage":0,"enemies":"downfall:FleeingMerchant","floor":37,"turns":1},{"damage":28,"enemies":"downfall:FleeingMerchant","floor":39,"turns":5},{"damage":0,"enemies":"Orb Walker","floor":40,"turns":2},{"damage":0,"enemies":"Jaw Worm Horde","floor":42,"turns":1},{"damage":0,"enemies":"2 Orb Walkers","floor":46,"turns":2},{"damage":40,"enemies":"Reptomancer","floor":48,"turns":4},{"damage":0,"enemies":"Maw","floor":49,"turns":4},{"damage":4,"enemies":"SI_POISON_ARCHETYPE","floor":50,"turns":7},{"damage":59,"enemies":"downfall:CharBossMerchant","floor":52,"turns":6},{"damage":33,"enemies":"downfall:NeowBoss","floor":55,"turns":11},{"damage":36,"enemies":"downfall:NeowBossFinal","floor":56,"turns":5}],"seed_played":"-6701285734006194721","potions_obtained":[{"floor":2,"key":"DuplicationPotion"},{"floor":14,"key":"SkillPotion"},{"floor":15,"key":"Ancient Potion"},{"floor":23,"key":"SkillPotion"},{"floor":30,"key":"PowerPotion"}],"is_trial":false,"path_per_floor":["R","M","M","?","?","?","T","?","M","M","M","$","T","M","M","B",null,"R","M","?","M","$","E","T","$","R","M","R","M","M","E","M","B",null,"R","M","$","?","?","M","T","M","R","$","?","?","?","E","M","B",null,"E","$","R","B","B",null],"character_chosen":"THE_AUTOMATON","items_purchased":["Membership Card","Bronze Scales","Ancient Tea Set","Orrery","expansioncontent:LastStand","bronze:ProtectiveGoggles","Chemical X","Toy Ornithopter","Letter Opener","Regen Potion"],"campfire_rested":1,"item_purchase_floors":[22,22,37,37,37,44,45,53,53,53],"current_hp_per_floor":[70,68,65,70,70,70,70,70,68,60,60,60,60,60,58,42,75,75,73,79,79,81,55,55,55,55,62,62,69,75,62,69,34,81,81,70,70,70,50,50,50,50,60,60,60,60,60,28,28,38,91,39,39,66,40,11],"gold":212,"neow_bonus":"RANDOM_COMMON_RELIC","is_daily":false,"chose_seed":false,"campfire_upgraded":2,"win_rate":0.0,"timestamp":1611555616,"path_taken":["R","M","M","?","?","?","T","?","M","M","M","$","?","?","M","BOSS","R","M","?","?","$","E","T","$","R","M","R","M","M","E","M","BOSS","R","M","$","?","?","M","T","M","R","?","?","?","?","E","M","BOSS","E","$","R","BOSS","BOSS"],"items_purchased_type":["Relic","Relic","Relic","Relic","Card","Relic","Relic","Relic","Relic","Potion"],"build_version":"2020-12-22","purchased_purges":1,"victory":true,"max_hp_per_floor":[70,70,70,75,75,75,75,75,75,75,75,75,75,75,75,75,75,75,75,81,81,81,81,81,81,81,81,81,81,81,81,81,81,81,81,81,81,81,81,81,81,81,91,91,91,91,91,91,91,91,91,91,91,91,91,91],"relic_stats":{"Darkstone Periapt":6,"Busted Crown":54,"counters":[32,110],"Bronze Scales":[198],"Dead Branch":[81],"Ginger":[24],"Chemical X":[2],"Letter Opener":[20],"obtain_stats":[{"Darkstone Periapt":13,"bronze:PlatinumCore":34,"bronze:BronzeCore":0,"downfall:HeartBlessingGreen":35,"Ginger":24,"Ancient Tea Set":37,"Old Coin":46,"downfall:HeartBlessingBlue":43,"Chemical X":45,"Girya":7,"downfall:HeartBlessingRed":43,"Dead Branch":39,"Guardian:GemstoneGun":52,"champ:DeflectingBracers":48,"Guardian:PocketSentry":0,"Letter Opener":53,"Akabeko":31,"Du-Vu Doll":8,"Busted Crown":17,"bronze:ProtectiveGoggles":44,"Bronze Scales":22,"Orrery":37,"Molten Egg 2":23,"Membership Card":22,"Toy Ornithopter":53},{"Darkstone Periapt":6,"bronze:PlatinumCore":20,"bronze:BronzeCore":0,"downfall:HeartBlessingGreen":20,"Ginger":13,"Ancient Tea Set":22,"Old Coin":26,"downfall:HeartBlessingBlue":25,"Chemical X":25,"Girya":2,"downfall:HeartBlessingRed":25,"Dead Branch":23,"Guardian:GemstoneGun":30,"champ:DeflectingBracers":27,"Guardian:PocketSentry":0,"Letter Opener":30,"Akabeko":18,"Du-Vu Doll":2,"Busted Crown":9,"bronze:ProtectiveGoggles":25,"Bronze Scales":12,"Orrery":22,"Molten Egg 2":13,"Membership Card":12,"Toy Ornithopter":30},{"Darkstone Periapt":14,"bronze:PlatinumCore":59,"bronze:BronzeCore":0,"downfall:HeartBlessingGreen":59,"Ginger":38,"Ancient Tea Set":63,"Old Coin":73,"downfall:HeartBlessingBlue":71,"Chemical X":71,"Girya":5,"downfall:HeartBlessingRed":71,"Dead Branch":68,"Guardian:GemstoneGun":94,"champ:DeflectingBracers":77,"Guardian:PocketSentry":0,"Letter Opener":94,"Akabeko":54,"Du-Vu Doll":5,"Busted Crown":22,"bronze:ProtectiveGoggles":71,"Bronze Scales":31,"Orrery":63,"Molten Egg 2":38,"Membership Card":31,"Toy Ornithopter":94}],"Toy Ornithopter":0},"card_choices":[{"not_picked":["bronze:Branch","bronze:Turbo"],"picked":"bronze:Flail","floor":2},{"not_picked":["bronze:Frontload","bronze:Branch"],"picked":"bronze:Terminator","floor":3},{"not_picked":["bronze:WhirlingStrike","bronze:DigitalCarnage","bronze:OilSpill"],"picked":"SKIP","floor":9},{"not_picked":["bronze:Shield","bronze:BitShift"],"picked":"bronze:DelayedGuard","floor":10},{"not_picked":["bronze:DelayedGuard","bronze:Overheat"],"picked":"bronze:Iterate","floor":11},{"not_picked":["bronze:Deprecate","bronze:Separator"],"picked":"bronze:FineTuning","floor":12},{"not_picked":["bronze:CutThrough","bronze:WhirlingStrike"],"picked":"bronze:Repair","floor":14},{"not_picked":["bronze:Branch","bronze:Deprecate","bronze:Backtrace"],"picked":"SKIP","floor":15},{"not_picked":["bronze:Library","bronze:Format"],"picked":"bronze:Verify","floor":16},{"not_picked":[],"picked":"bronze:Frontload","floor":19},{"not_picked":["bronze:BitShift"],"picked":"SKIP","floor":21},{"not_picked":["bronze:BugBarrage"],"picked":"SKIP","floor":22},{"not_picked":["bronze:BuggyMess"],"picked":"SKIP","floor":23},{"not_picked":["bronze:FindAndReplace"],"picked":"SKIP","floor":25},{"not_picked":["bronze:GetLatest"],"picked":"SKIP","floor":27},{"not_picked":["bronze:Fortify+1"],"picked":"SKIP","floor":29},{"not_picked":["bronze:BronzeOrb+1"],"picked":"SKIP","floor":30},{"not_picked":["bronze:BitShift"],"picked":"SKIP","floor":31},{"not_picked":["bronze:DelayedSlice+1"],"picked":"SKIP","floor":32},{"not_picked":["bronze:Separator+1"],"picked":"SKIP","floor":36},{"not_picked":["bronze:FollowUp+1"],"picked":"SKIP","floor":37},{"not_picked":[],"picked":"expansioncontent:Chronoboost","floor":38},{"not_picked":["bronze:DigitalCarnage+1"],"picked":"SKIP","floor":40},{"not_picked":["bronze:Optimize"],"picked":"SKIP","floor":42},{"not_picked":[],"picked":"bronze:Iterate+1","floor":46},{"not_picked":["bronze:Overload"],"picked":"SKIP","floor":48},{"not_picked":["bronze:Return+1"],"picked":"SKIP","floor":49},{"not_picked":["bronze:Invalidate"],"picked":"SKIP","floor":52}],"player_experience":1495928,"relics_obtained":[{"floor":7,"key":"Girya"},{"floor":13,"key":"Darkstone Periapt"},{"floor":23,"key":"Molten Egg 2"},{"floor":24,"key":"Ginger"},{"floor":31,"key":"Akabeko"},{"floor":39,"key":"Dead Branch"},{"floor":46,"key":"Old Coin"},{"floor":48,"key":"champ:DeflectingBracers"},{"floor":52,"key":"Guardian:GemstoneGun"}],"event_choices":[{"damage_healed":0,"gold_gain":0,"player_choice":"Donut","damage_taken":0,"max_hp_gain":5,"max_hp_loss":0,"event_name":"Big Fish","floor":4,"gold_loss":0},{"damage_healed":0,"gold_gain":0,"cards_transformed":["bronze:Strike"],"player_choice":"Change","damage_taken":0,"max_hp_gain":0,"max_hp_loss":0,"event_name":"Living Wall","floor":5,"gold_loss":0,"cards_obtained":["bronze:ClassDefault"]},{"damage_healed":0,"gold_gain":0,"player_choice":"Fight","damage_taken":0,"max_hp_gain":0,"max_hp_loss":0,"event_name":"Mysterious Sphere","floor":46,"gold_loss":0}],"is_beta":false,"boss_relics":[{"not_picked":["Fusion Hammer","Runic Dome"],"picked":"Busted Crown"},{"not_picked":["Tiny House","Pandora\u0027s Box"],"picked":"bronze:PlatinumCore"}],"items_purged_floors":[12],"is_endless":false,"potions_floor_spawned":[2,14,15,19,23,30,31,33,42,46,48],"ascension_level":1}}