{"host":"36umirwmj0u9xjg7","time":1611614676,"event":{"mods":["Aspiration","BaseMod","CCEM","Downfall","Minty Spire (QoL Compilation)","Reliquary","Replay The Spire","StS++","StSLib","The Construct","The Gatherer","The Necromancer","The Runesmith"],"gold_per_floor":[117,117,235,235,195,234,248,248,248,248,266,266,282,282,282,282,282],"floor_reached":16,"language":"ENG","playtime":551,"items_purged":[],"score":123,"play_id":"5171dcd5-5491-40ba-9951-b056abf27bf0","local_time":"20210125234436","is_ascension_mode":false,"campfire_choices":[{"data":"ReplayTheSpireMod:Armaments MK-II","floor":8,"key":"SMITH"},{"data":"construct:Autoturret","floor":10,"key":"SMITH"},{"data":"construct:ShiftStrike","floor":15,"key":"PURGE"}],"circlet_count":0,"master_deck":["construct:Strike_Gold","construct:Strike_Gold","construct:Strike_Gold","construct:Strike_Gold","construct:Strike_Gold","construct:Defend_Gold","construct:Defend_Gold","construct:Defend_Gold","construct:Defend_Gold","construct:DefenseMode","ReplayTheSpireMod:Armaments MK-II+1","construct:Autoturret+1","construct:MetalShell"],"relics":["NeowsBlessing","Golden Idol","Happy Flower","Burning Blood","Replay:PocketPolymizer","ReplayTheSpireMod:Shallot","MealTicket"],"acts_visited":["Exordium"],"potions_floor_usage":[16],"damage_taken":[{"damage":0,"enemies":"2 Louse","floor":1,"turns":1},{"damage":0,"enemies":"Lagavulin","floor":6,"turns":1},{"damage":0,"enemies":"Small Slimes","floor":7,"turns":1},{"damage":0,"enemies":"Cultist","floor":11,"turns":7},{"damage":0,"enemies":"Large Slime","floor":13,"turns":9},{"damage":85,"enemies":"Hexaghost","floor":16,"turns":44}],"seed_played":"5876710861848372927","potions_obtained":[{"floor":5,"key":"ColorlessPotion"},{"floor":5,"key":"SpeedPotion"},{"floor":5,"key":"Cursed Concoction"},{"floor":11,"key":"Explosive Potion"}],"is_trial":false,"path_per_floor":["M","?","?","?","?","E","M","R","T","R","M","?","M","?","R","B"],"character_chosen":"THE_CONSTRUCT_MOD","items_purchased":[],"campfire_rested":0,"item_purchase_floors":[],"current_hp_per_floor":[85,79,48,48,48,54,60,60,60,60,66,66,72,72,72,0,0],"gold":282,"neow_bonus":"THREE_ENEMY_KILL","is_daily":false,"chose_seed":false,"campfire_upgraded":2,"win_rate":0.0,"timestamp":1611614676,"path_taken":["M","?","?","?","?","E","M","R","T","R","?","?","?","?","R","BOSS"],"items_purchased_type":[],"build_version":"2020-12-22","purchased_purges":0,"victory":false,"max_hp_per_floor":[85,79,79,79,79,79,79,79,79,79,79,79,79,79,79,79,79],"card_choices":[{"not_picked":["construct:ScrapCannon","construct:Dampening","construct:Anticipate"],"picked":"SKIP","floor":1},{"not_picked":["construct:SaveState","construct:ClusterMines"],"picked":"construct:Autoturret","floor":6},{"not_picked":["construct:Reserves","construct:CripplingShot","construct:ElectricArmor"],"picked":"SKIP","floor":7},{"not_picked":["construct:ModeShift","construct:FocusedBeam","construct:Chainstrike"],"picked":"SKIP","floor":11},{"not_picked":["construct:ModeShift","construct:FlakBarrage"],"picked":"construct:MetalShell","floor":13}],"player_experience":157133,"relics_obtained":[{"floor":3,"key":"Happy Flower"},{"floor":6,"key":"Replay:PocketPolymizer"},{"floor":9,"key":"ReplayTheSpireMod:Shallot"}],"event_choices":[{"damage_healed":0,"gold_gain":0,"player_choice":"Lose Max HP","damage_taken":0,"relics_obtained":["Golden Idol"],"max_hp_gain":0,"max_hp_loss":6,"event_name":"Golden Idol","floor":2,"gold_loss":0},{"damage_healed":0,"gold_gain":0,"player_choice":"Bought 3 Potions","damage_taken":0,"max_hp_gain":0,"max_hp_loss":0,"event_name":"The Woman in Blue","floor":5,"gold_loss":0},{"damage_healed":0,"gold_gain":0,"player_choice":"Gave Potion","damage_taken":0,"relics_obtained":["MealTicket"],"max_hp_gain":0,"max_hp_loss":0,"event_name":"WeMeetAgain","floor":12,"gold_loss":0},{"damage_healed":0,"gold_gain":0,"player_choice":"Leave","damage_taken":0,"max_hp_gain":0,"max_hp_loss":0,"event_name":"The Cleric","floor":14,"gold_loss":0}],"is_beta":false,"boss_relics":[],"items_purged_floors":[],"is_endless":false,"potions_floor_spawned":[11],"killed_by":"Hexaghost","ascension_level":0}}