{"host":"w01zow3jg16g8jdh","time":1611579928,"event":{"mods":["AchievementEnabler","BaseMod","DeckTracker","Keyboard Shortcuts","Minty Spire (QoL Compilation)","Permanent Neow","StSLib","SuperFastMode"],"gold_per_floor":[116,116,136,136,149,149,179,193,220,244,271,283,314,353,365,377,377],"floor_reached":16,"language":"KOR","playtime":237,"items_purged":[],"score":228,"play_id":"61bce18f-5e82-4406-aa91-58a7dfbc90e3","local_time":"20210125220528","is_ascension_mode":true,"campfire_choices":[{"data":"Infernal Blade","floor":6.0,"key":"SMITH"},{"data":"Bash","floor":12.0,"key":"SMITH"},{"data":"Armaments","floor":15,"key":"SMITH"}],"circlet_count":0,"master_deck":["AscendersBane","Strike_R","Strike_R","Strike_R","Defend_R","Defend_R","Defend_R","Defend_R","Bash+1","Infernal Blade+1","Second Wind","Warcry","Armaments+1"],"relics":["Burning Blood","Vajra","MawBank","Happy Flower"],"acts_visited":["Exordium"],"potions_floor_usage":[14],"damage_taken":[{"damage":6.0,"enemies":"Jaw Worm","floor":1.0,"turns":6.0},{"damage":1.0,"enemies":"Small Slimes","floor":3.0,"turns":4.0},{"damage":0.0,"enemies":"Cultist","floor":5.0,"turns":2.0},{"damage":14.0,"enemies":"Gremlin Nob","floor":7.0,"turns":4.0},{"damage":7.0,"enemies":"3 Louse","floor":8.0,"turns":3.0},{"damage":12.0,"enemies":"Large Slime","floor":10.0,"turns":4.0},{"damage":6.0,"enemies":"2 Fungi Beasts","floor":11.0,"turns":4.0},{"damage":37.0,"enemies":"Exordium Thugs","floor":13.0,"turns":6.0},{"damage":15,"enemies":"3 Sentries","floor":14,"turns":8},{"damage":0,"enemies":"Slime Boss","floor":16,"turns":3}],"seed_played":"1379866432649740468","potions_obtained":[{"floor":5.0,"key":"Block Potion"},{"floor":7.0,"key":"DuplicationPotion"},{"floor":14,"key":"ElixirPotion"}],"is_trial":false,"path_per_floor":["M","?","M","?","M","R","E","M","T","M","M","R","M","E","R","B"],"character_chosen":"IRONCLAD","items_purchased":[],"campfire_rested":0,"item_purchase_floors":[],"current_hp_per_floor":[68,68,73,73,75,75,67,66,66,60,60,60,29,20,20,20,20],"gold":377,"neow_bonus":"REMOVE_CARD","is_daily":false,"chose_seed":false,"campfire_upgraded":3,"win_rate":0.0,"timestamp":1611579928,"path_taken":["M","?","M","?","?","R","E","M","T","M","M","R","M","E","R","BOSS"],"items_purchased_type":[],"build_version":"2020-12-22","purchased_purges":0,"victory":false,"max_hp_per_floor":[75,75,75,75,75,75,75,75,75,75,75,75,75,75,75,75,75],"card_choices":[{"not_picked":["Thunderclap","Armaments","Clash"],"picked":"SKIP","floor":1.0},{"not_picked":["True Grit","Armaments"],"picked":"Infernal Blade","floor":3.0},{"not_picked":["Perfected Strike","Armaments"],"picked":"Second Wind","floor":5.0},{"not_picked":["Ghostly Armor","Disarm"],"picked":"Warcry","floor":7.0},{"not_picked":["Clothesline","Havoc","Perfected Strike"],"picked":"SKIP","floor":8.0},{"not_picked":["Disarm","Headbutt","Heavy Blade"],"picked":"SKIP","floor":10.0},{"not_picked":["True Grit","Cleave","Second Wind"],"picked":"SKIP","floor":11.0},{"not_picked":["Brutality","Thunderclap","Bloodletting"],"picked":"SKIP","floor":13.0},{"not_picked":["Battle Trance","Clash"],"picked":"Armaments","floor":14}],"player_experience":316210,"relics_obtained":[{"floor":7.0,"key":"Vajra"},{"floor":9.0,"key":"MawBank"},{"floor":14,"key":"Happy Flower"}],"event_choices":[{"damage_healed":0.0,"max_hp_gain":0.0,"max_hp_loss":0.0,"gold_gain":0.0,"event_name":"Liars Game","player_choice":"Ignored","floor":2.0,"gold_loss":0.0,"damage_taken":0.0},{"cards_removed":["Strike_R"],"damage_healed":0.0,"max_hp_gain":0.0,"max_hp_loss":0.0,"gold_gain":0.0,"event_name":"Living Wall","player_choice":"Forget","floor":4.0,"gold_loss":0.0,"damage_taken":0.0}],"is_beta":false,"boss_relics":[],"items_purged_floors":[],"is_endless":false,"potions_floor_spawned":[5,7,14],"killed_by":"Slime Boss","ascension_level":20}}