{"host":"7sraw4slf3fv6bnj","time":1611543060,"event":{"mods":["BaseMod","Downfall","Jorbs\u0027s Wanderer Trilogy","Marisa????????","Minty Spire (QoL Compilation)","Shop Mod","StSLib","The Cursed"],"gold_per_floor":[120,145,66,66,66,109,109,129,129,173,194,194,194,215,215,338,338,359,176,195,195,208,243,96,116,167,167,186,224,237,278,278,403,403,418,418,418,418,418,462,476,476,476,476,510,224,263,287,287,287,287,287,20,50,50],"floor_reached":56,"language":"SPA","playtime":4325,"items_purged":["downfall:Icky"],"score":1513,"play_id":"4ec6b342-b560-413a-8572-9e16b91d2e6f","local_time":"20210124225100","is_ascension_mode":true,"campfire_choices":[{"floor":7.0,"key":"REST"},{"data":"Brutality","floor":13.0,"key":"SMITH"},{"data":"Pummel","floor":15.0,"key":"SMITH"},{"data":"Metamorphosis","floor":32.0,"key":"SMITH"},{"data":"Offering","floor":42.0,"key":"SMITH"},{"data":"Pommel Strike","floor":44.0,"key":"SMITH"},{"floor":49.0,"key":"RECALL"},{"data":"Mayhem","floor":52.0,"key":"SMITH"}],"circlet_count":1,"master_deck":["Strike_R","Strike_R","Strike_R","Strike_R+1","Strike_R","Defend_R","Defend_R","Defend_R","Defend_R+1","Bash+1","Pommel Strike+1","Iron Wave","Brutality+1","Headbutt","Pummel+1","Havoc+1","Carnage","Clash","Offering+1","Headbutt","Metamorphosis+1","Iron Wave","Necronomicurse","Headbutt","Limit Break","Twin Strike","Heavy Blade","Bludgeon","Clothesline+1","Flash of Steel","Mayhem+1","Metamorphosis","Madness","Madness","Thunderclap","Bludgeon","Whirlwind+1","Warcry+1","Feed","Twin Strike","Bludgeon","Inflame","Shrug It Off"],"relics":["Burning Blood","Kunai","Kunai","Shuriken","Shuriken","Lantern","Circlet","Bird Faced Urn","Potion Belt","Philosopher\u0027s Stone","Necronomicon","Vajra","Brimstone","MutagenicStrength","Meat on the Bone","Cursed Key","Thread and Needle","Happy Flower","Pen Nib","MerchantsRug","Nunchaku","Toolbox","Orichalcum"],"acts_visited":["Exordium","TheCity","TheBeyond","TheEnding"],"potions_floor_usage":[55,55,55],"damage_taken":[{"damage":0.0,"enemies":"2 Louse","floor":1.0,"turns":2.0},{"damage":5.0,"enemies":"Jaw Worm","floor":2.0,"turns":3.0},{"damage":30.0,"enemies":"Lagavulin","floor":6.0,"turns":5.0},{"damage":1.0,"enemies":"Cultist","floor":8.0,"turns":3.0},{"damage":20.0,"enemies":"3 Sentries","floor":10.0,"turns":5.0},{"damage":1.0,"enemies":"3 Louse","floor":11.0,"turns":2.0},{"damage":1.0,"enemies":"Exordium Wildlife","floor":14.0,"turns":2.0},{"damage":3.0,"enemies":"Slime Boss","floor":16.0,"turns":4.0},{"damage":9.0,"enemies":"Chosen","floor":18.0,"turns":2.0},{"damage":26.0,"enemies":"Shell Parasite","floor":20.0,"turns":3.0},{"damage":13.0,"enemies":"Sentry and Sphere","floor":22.0,"turns":3.0},{"damage":8.0,"enemies":"Gremlin Leader","floor":23.0,"turns":3.0},{"damage":13.0,"enemies":"Centurion and Healer","floor":25.0,"turns":2.0},{"damage":1.0,"enemies":"Snake Plant","floor":28.0,"turns":2.0},{"damage":17.0,"enemies":"Slavers","floor":29.0,"turns":2.0},{"damage":1.0,"enemies":"Snecko","floor":30.0,"turns":2.0},{"damage":26.0,"enemies":"Gremlin Leader","floor":31.0,"turns":3.0},{"damage":36.0,"enemies":"Automaton","floor":33.0,"turns":5.0},{"damage":0.0,"enemies":"Orb Walker","floor":35.0,"turns":1.0},{"damage":23.0,"enemies":"Reptomancer","floor":40.0,"turns":2.0},{"damage":1.0,"enemies":"3 Darklings","floor":41.0,"turns":2.0},{"damage":18.0,"enemies":"Giant Head","floor":45.0,"turns":4.0},{"damage":1.0,"enemies":"Reptomancer","floor":47.0,"turns":2.0},{"damage":11.0,"enemies":"Transient","floor":48.0,"turns":4.0},{"damage":23.0,"enemies":"Donu and Deca","floor":50.0,"turns":3.0},{"damage":10,"enemies":"Shield and Spear","floor":54,"turns":3},{"damage":143,"enemies":"The Heart","floor":55,"turns":5}],"seed_played":"-5716694053978611995","potions_obtained":[{"floor":1.0,"key":"champ:CounterPotion"},{"floor":8.0,"key":"SpeedPotion"},{"floor":14.0,"key":"DuplicationPotion"},{"floor":16.0,"key":"BloodPotion"},{"floor":20.0,"key":"FearPotion"},{"floor":28.0,"key":"bronze:BurnAndBuffPotion"},{"floor":31.0,"key":"SpeedPotion"},{"floor":45.0,"key":"DuplicationPotion"}],"is_trial":false,"path_per_floor":["M","M","$","?","?","E","R","M","T","E","M","?","R","M","R","B",null,"M","$","M","?","M","E","$","M","T","?","M","E","M","E","R","B",null,"M","?","?","?","?","E","M","R","T","R","E","$","E","M","R","B",null,"R","$","E","B",null],"character_chosen":"IRONCLAD","items_purchased":["Brutality","Metamorphosis","Brimstone","Feed","Twin Strike","MerchantsRug","Nunchaku","Toolbox"],"campfire_rested":1,"item_purchase_floors":[3,19,24,46,46,53,53,53],"current_hp_per_floor":[80,80,80,64,44,20,44,51,51,39,46,46,46,53,53,58,80,77,77,59,43,38,38,38,33,33,33,56,47,54,36,36,20,80,80,70,70,60,60,47,54,54,54,54,56,56,63,60,60,57,80,80,80,77,27],"gold":50,"neow_bonus":"UPGRADE_CARD","is_daily":false,"chose_seed":false,"campfire_upgraded":6,"win_rate":0.0,"timestamp":1611543060,"path_taken":["M","M","$","?","?","E","R","M","T","E","M","?","R","M","R","BOSS","M","$","?","?","M","E","$","M","T","?","M","E","M","E","R","BOSS","M","?","?","?","?","E","M","R","T","R","E","$","E","M","R","BOSS","R","$","E","BOSS"],"items_purchased_type":["Card","Card","Relic","Card","Card","Relic","Relic","Relic"],"build_version":"2020-11-30","purchased_purges":1,"victory":true,"max_hp_per_floor":[80,80,80,80,80,80,80,80,80,80,80,80,80,80,80,80,80,80,80,80,80,80,80,80,80,80,80,80,80,80,80,80,80,80,80,80,80,80,80,80,80,80,80,80,80,80,80,80,80,80,80,80,80,80,80],"card_choices":[{"not_picked":["Shockwave","Wild Strike"],"picked":"Pommel Strike","floor":1.0},{"not_picked":["Wild Strike","Armaments"],"picked":"Iron Wave","floor":2.0},{"not_picked":["Juggernaut","True Grit"],"picked":"Headbutt","floor":6.0},{"not_picked":["Evolve","Twin Strike"],"picked":"Pummel","floor":8.0},{"not_picked":["Seeing Red","Rampage"],"picked":"Havoc","floor":10.0},{"not_picked":["Clash","Headbutt"],"picked":"Carnage","floor":11.0},{"not_picked":["Cleave","Power Through"],"picked":"Clash","floor":14.0},{"not_picked":["Impervious","Immolate"],"picked":"Offering","floor":16.0},{"not_picked":["Flex","Clothesline"],"picked":"Headbutt","floor":18.0},{"not_picked":["True Grit","Warcry"],"picked":"Iron Wave","floor":20.0},{"not_picked":["Wild Strike","Disarm+1"],"picked":"Headbutt","floor":22.0},{"not_picked":["Rupture","Headbutt","True Grit"],"picked":"SKIP","floor":23.0},{"not_picked":["Iron Wave","Headbutt"],"picked":"Limit Break","floor":25.0},{"not_picked":["Feel No Pain","Intimidate","True Grit"],"picked":"SKIP","floor":28.0},{"not_picked":["Armaments+1","Disarm+1"],"picked":"Twin Strike","floor":29.0},{"not_picked":["Dropkick","Second Wind","Cleave+1"],"picked":"SKIP","floor":30.0},{"not_picked":["Twin Strike","Entrench"],"picked":"Heavy Blade","floor":31.0},{"not_picked":["Immolate","Berserk"],"picked":"Bludgeon","floor":33.0},{"not_picked":["Headbutt","Entrench"],"picked":"Clothesline+1","floor":35.0},{"not_picked":["Mind Blast","Trip"],"picked":"Flash of Steel","floor":36.0},{"not_picked":["Swift Strike","Impatience"],"picked":"Mayhem","floor":36.0},{"not_picked":["Panacea","Bandage Up"],"picked":"Metamorphosis","floor":36.0},{"not_picked":["Armaments","Sever Soul+1"],"picked":"Whirlwind+1","floor":40.0},{"not_picked":["Shrug It Off","Thunderclap","Armaments"],"picked":"SKIP","floor":41.0},{"not_picked":["True Grit","Armaments"],"picked":"Warcry+1","floor":45.0},{"not_picked":["Clothesline+1","Bloodletting"],"picked":"Bludgeon","floor":47.0},{"not_picked":["Armaments","True Grit"],"picked":"Inflame","floor":48.0},{"not_picked":["Reckless Charge","Havoc"],"picked":"Shrug It Off","floor":54}],"player_experience":140000,"relics_obtained":[{"floor":6.0,"key":"Bird Faced Urn"},{"floor":10.0,"key":"Potion Belt"},{"floor":21.0,"key":"Necronomicon"},{"floor":23.0,"key":"Vajra"},{"floor":26.0,"key":"Dream Catcher"},{"floor":29.0,"key":"White Beast Statue"},{"floor":31.0,"key":"Meat on the Bone"},{"floor":40.0,"key":"Juzu Bracelet"},{"floor":43.0,"key":"Thread and Needle"},{"floor":45.0,"key":"Happy Flower"},{"floor":47.0,"key":"Pen Nib"},{"floor":54,"key":"Orichalcum"}],"event_choices":[{"damage_healed":0.0,"max_hp_gain":0.0,"max_hp_loss":0.0,"gold_gain":0.0,"event_name":"Shining Light","player_choice":"Entered Light","floor":4.0,"gold_loss":0.0,"damage_taken":16.0,"cards_upgraded":["Defend_R","Strike_R"]},{"damage_healed":0.0,"max_hp_gain":0.0,"max_hp_loss":0.0,"gold_gain":0.0,"event_name":"Golden Idol","player_choice":"Take Damage","floor":5.0,"gold_loss":0.0,"damage_taken":20.0,"relics_obtained":["Circlet"]},{"damage_healed":0.0,"max_hp_gain":0.0,"max_hp_loss":0.0,"gold_gain":0.0,"event_name":"Upgrade Shrine","player_choice":"Upgraded","floor":12.0,"gold_loss":0.0,"damage_taken":0.0,"cards_upgraded":["Havoc"]},{"damage_healed":0.0,"max_hp_gain":0.0,"max_hp_loss":0.0,"gold_gain":0.0,"event_name":"Cursed Tome","player_choice":"Obtained Book","floor":21.0,"gold_loss":0.0,"damage_taken":16.0},{"damage_healed":0.0,"max_hp_gain":0.0,"max_hp_loss":0.0,"gold_gain":0.0,"event_name":"Drug Dealer","player_choice":"Inject Mutagens","floor":27.0,"gold_loss":0.0,"damage_taken":0.0,"relics_obtained":["MutagenicStrength"]},{"damage_healed":0.0,"max_hp_gain":0.0,"max_hp_loss":0.0,"gold_gain":0.0,"event_name":"SensoryStone","player_choice":"Memory 3","floor":36.0,"gold_loss":0.0,"damage_taken":10.0},{"damage_healed":0.0,"max_hp_gain":0.0,"max_hp_loss":0.0,"gold_gain":0.0,"event_name":"Tomb of Lord Red Mask","player_choice":"Ignored","floor":37.0,"gold_loss":0.0,"damage_taken":0.0},{"damage_healed":0.0,"max_hp_gain":0.0,"max_hp_loss":0.0,"gold_gain":0.0,"event_name":"Winding Halls","player_choice":"Embrace Madness","floor":38.0,"gold_loss":0.0,"damage_taken":10.0,"cards_obtained":["Madness","Madness"]},{"damage_healed":0.0,"max_hp_gain":0.0,"max_hp_loss":0.0,"gold_gain":0.0,"event_name":"Match and Keep!","player_choice":"2 cards matched","floor":39.0,"gold_loss":0.0,"damage_taken":0.0,"cards_obtained":["Thunderclap","Bludgeon"]}],"is_beta":false,"boss_relics":[{"not_picked":["Coffee Dripper","Astrolabe"],"picked":"Philosopher\u0027s Stone"},{"not_picked":["Pandora\u0027s Box","Velvet Choker"],"picked":"Cursed Key"}],"items_purged_floors":[46],"is_endless":false,"potions_floor_spawned":[1,8,14,16,20,23,28,30,31,33,35,40,41,45,47,48],"ascension_level":2}}