{"host":"vyjryxuuuxkt43k4","time":1611559494,"event":{"mods":["AchievementEnabler","BaseMod","Colored Map","DeckTracker","Keyboard Shortcuts","Minty Spire (QoL Compilation)","Permanent Neow","Quick Restart","Rare Cards Sparkle","StSLib","SuperFastMode","everything is the same but u backflip on backflip"],"gold_per_floor":[215,140,140,165,3,3,34,34,34,34,59,72,90,104,104,104,104],"floor_reached":16,"language":"KOR","playtime":1476,"items_purged":[],"score":204,"play_id":"f25dcc29-e8ef-4955-ba1e-8dbfe70722c6","local_time":"20210125162454","is_ascension_mode":true,"campfire_choices":[{"data":"Searing Blow","floor":6,"key":"SMITH"},{"data":"Searing Blow+1","floor":8,"key":"SMITH"},{"data":"Searing Blow+2","floor":15,"key":"SMITH"}],"circlet_count":0,"master_deck":["AscendersBane","Strike_R","Strike_R","Strike_R","Strike_R","Defend_R","Defend_R","Defend_R","Defend_R","Bash","Searing Blow+3","Clothesline","Fiend Fire","Parasite","Power Through","Shrug It Off"],"relics":["Burning Blood","Golden Idol","Oddly Smooth Stone","Paper Frog","Ginger"],"acts_visited":["Exordium"],"potions_floor_usage":[7,12,14,16,16],"damage_taken":[{"damage":2,"enemies":"2 Louse","floor":1,"turns":4},{"damage":18,"enemies":"Jaw Worm","floor":4,"turns":7},{"damage":24,"enemies":"Gremlin Nob","floor":7,"turns":4},{"damage":4,"enemies":"Small Slimes","floor":11,"turns":4},{"damage":0,"enemies":"Exordium Wildlife","floor":12,"turns":4},{"damage":10,"enemies":"Looter","floor":13,"turns":3},{"damage":18,"enemies":"Exordium Thugs","floor":14,"turns":7},{"damage":42,"enemies":"The Guardian","floor":16,"turns":8}],"seed_played":"-2401321813480469927","potions_obtained":[{"floor":1,"key":"Strength Potion"},{"floor":11,"key":"SkillPotion"},{"floor":12,"key":"SkillPotion"},{"floor":13,"key":"SteroidPotion"},{"floor":14,"key":"SpeedPotion"}],"is_trial":false,"path_per_floor":["M","?","?","M","$","R","E","R","T","?","M","M","M","M","R","B"],"character_chosen":"IRONCLAD","items_purchased":["Oddly Smooth Stone"],"campfire_rested":0,"item_purchase_floors":[5],"current_hp_per_floor":[72,72,46,34,34,34,16,16,16,34,36,42,38,26,26,0,0],"gold":104,"neow_bonus":"HUNDRED_GOLD","is_daily":false,"chose_seed":false,"campfire_upgraded":3,"win_rate":0.0,"timestamp":1611559494,"path_taken":["M","?","?","M","?","R","E","R","T","?","M","M","M","M","R","BOSS"],"items_purchased_type":["Relic"],"build_version":"2020-12-22","purchased_purges":0,"victory":false,"max_hp_per_floor":[75,75,75,75,75,75,75,75,75,75,75,75,75,75,75,75,75],"card_choices":[{"not_picked":["Cleave","Twin Strike"],"picked":"Searing Blow","floor":1},{"not_picked":["Body Slam","Rupture"],"picked":"Clothesline","floor":4},{"not_picked":["Wild Strike","Limit Break"],"picked":"Fiend Fire","floor":7},{"not_picked":["Warcry","Thunderclap","Perfected Strike"],"picked":"SKIP","floor":11},{"not_picked":["Intimidate","Havoc"],"picked":"Power Through","floor":12},{"not_picked":["Heavy Blade","True Grit"],"picked":"Shrug It Off","floor":13},{"not_picked":["Brutality","Twin Strike","Armaments"],"picked":"SKIP","floor":14}],"player_experience":320832,"relics_obtained":[{"floor":7,"key":"Paper Frog"},{"floor":9,"key":"Ginger"}],"event_choices":[{"cards_removed":["Strike_R"],"damage_healed":0,"gold_gain":0,"player_choice":"Card Removal","damage_taken":0,"max_hp_gain":0,"max_hp_loss":0,"event_name":"The Cleric","floor":2,"gold_loss":75},{"damage_healed":0,"gold_gain":0,"player_choice":"Take Damage","damage_taken":26,"relics_obtained":["Golden Idol"],"max_hp_gain":0,"max_hp_loss":0,"event_name":"Golden Idol","floor":3,"gold_loss":0},{"damage_healed":18,"gold_gain":0,"player_choice":"Healed and dodged fight","damage_taken":0,"max_hp_gain":0,"max_hp_loss":0,"event_name":"Mushrooms","floor":10,"gold_loss":0,"cards_obtained":["Parasite"]}],"is_beta":false,"boss_relics":[],"items_purged_floors":[],"is_endless":false,"potions_floor_spawned":[1,11,12,13,14],"killed_by":"The Guardian","ascension_level":20}}