{"host":"oigynbtg272c19pw","time":1611561696,"event":{"mods":["BaseMod","Colored Map","Minty Spire (QoL Compilation)","Relic Stats","Slay the Relics Exporter","StSLib"],"gold_per_floor":[115,40,40,90,111,144,162,162,186,229,248,248,288,312,312,312,312],"floor_reached":16,"playtime":473,"items_purged":[],"score":290,"play_id":"8262066e-ff1f-4293-8022-a10ff291c404","local_time":"20210125090136","is_ascension_mode":true,"campfire_choices":[{"data":"Bouncing Flask","floor":8.0,"key":"SMITH"},{"data":"Footwork","floor":12.0,"key":"SMITH"},{"data":"Burst","floor":15.0,"key":"SMITH"}],"circlet_count":0,"master_deck":["AscendersBane","Strike_G+1","Strike_G+1","Strike_G","Strike_G","Defend_G","Defend_G","Defend_G","Defend_G","Defend_G","Survivor","Neutralize","Masterful Stab","Bouncing Flask+1","Backflip","Dagger Throw","Footwork+1","Acrobatics","Burst+1"],"relics":["Ring of the Snake","NeowsBlessing","Golden Idol","Whetstone","Centennial Puzzle","Darkstone Periapt","CeramicFish"],"acts_visited":["Exordium"],"potions_floor_usage":[16,16],"damage_taken":[{"damage":0.0,"enemies":"2 Louse","floor":1.0,"turns":1.0},{"damage":0.0,"enemies":"Small Slimes","floor":5.0,"turns":1.0},{"damage":0.0,"enemies":"3 Sentries","floor":6.0,"turns":1.0},{"damage":0.0,"enemies":"Cultist","floor":7.0,"turns":3.0},{"damage":6.0,"enemies":"Gremlin Nob","floor":10.0,"turns":3.0},{"damage":3.0,"enemies":"2 Fungi Beasts","floor":11.0,"turns":3.0},{"damage":4.0,"enemies":"Lagavulin","floor":13.0,"turns":6.0},{"damage":0.0,"enemies":"3 Louse","floor":14.0,"turns":3.0},{"damage":50,"enemies":"Slime Boss","floor":16,"turns":7}],"seed_played":"7773685710568485634","potions_obtained":[{"floor":5.0,"key":"CunningPotion"},{"floor":10.0,"key":"DuplicationPotion"},{"floor":11.0,"key":"PowerPotion"},{"floor":13.0,"key":"DistilledChaos"}],"is_trial":false,"path_per_floor":["M","?","?","?","M","E","M","R","T","E","M","R","E","M","R","B"],"character_chosen":"THE_SILENT","items_purchased":[],"campfire_rested":0,"item_purchase_floors":[],"current_hp_per_floor":[59,59,59,59,59,59,59,59,59,53,50,50,46,46,46,0,0],"gold":312,"neow_bonus":"THREE_ENEMY_KILL","is_daily":false,"chose_seed":false,"campfire_upgraded":3,"win_rate":0.0,"timestamp":1611561696,"path_taken":["M","?","?","?","M","E","M","R","T","E","?","R","E","M","R","BOSS"],"items_purchased_type":[],"build_version":"2020-12-13","purchased_purges":0,"victory":false,"max_hp_per_floor":[66,66,60,60,60,60,60,60,60,60,60,60,60,60,60,60,60],"relic_stats":{"Darkstone Periapt":0,"Centennial Puzzle":[12],"counters":[9,28],"Golden Idol":39,"CeramicFish":9,"Whetstone":["Strike_G","Strike_G"],"obtain_stats":[{"Darkstone Periapt":10,"Centennial Puzzle":9,"NeowsBlessing":0,"Golden Idol":3,"CeramicFish":13,"Whetstone":6,"Ring of the Snake":0},{"Darkstone Periapt":5,"Centennial Puzzle":4,"NeowsBlessing":0,"Golden Idol":1,"CeramicFish":7,"Whetstone":3,"Ring of the Snake":0},{"Darkstone Periapt":9,"Centennial Puzzle":6,"NeowsBlessing":0,"Golden Idol":1,"CeramicFish":18,"Whetstone":3,"Ring of the Snake":0}],"Ring of the Snake":[18]},"card_choices":[{"not_picked":["Dodge and Roll","Dagger Spray"],"picked":"Masterful Stab","floor":1.0},{"not_picked":["Calculated Gamble","Blade Dance"],"picked":"Bouncing Flask","floor":5.0},{"not_picked":["Bullet Time","Concentrate"],"picked":"Backflip","floor":6.0},{"not_picked":["Sucker Punch","Quick Slash"],"picked":"Dagger Throw","floor":7.0},{"not_picked":["Accuracy","Calculated Gamble"],"picked":"Footwork","floor":10.0},{"not_picked":["Sucker Punch","Deflect"],"picked":"Acrobatics","floor":11.0},{"not_picked":["Predator","Setup","Quick Slash"],"picked":"SKIP","floor":13.0},{"not_picked":["Tactician","Backflip"],"picked":"Burst","floor":14.0}],"player_experience":1486850,"relics_obtained":[{"floor":6.0,"key":"Whetstone"},{"floor":9.0,"key":"Centennial Puzzle"},{"floor":10.0,"key":"Darkstone Periapt"},{"floor":13.0,"key":"CeramicFish"}],"event_choices":[{"cards_removed":["Strike_G"],"damage_healed":0.0,"max_hp_gain":0.0,"max_hp_loss":0.0,"gold_gain":0.0,"event_name":"The Cleric","player_choice":"Card Removal","floor":2.0,"gold_loss":75.0,"damage_taken":0.0},{"damage_healed":0.0,"max_hp_gain":0.0,"max_hp_loss":6.0,"gold_gain":0.0,"event_name":"Golden Idol","player_choice":"Lose Max HP","floor":3.0,"gold_loss":0.0,"damage_taken":0.0,"relics_obtained":["Golden Idol"]},{"damage_healed":0.0,"max_hp_gain":0.0,"max_hp_loss":0.0,"gold_gain":50.0,"event_name":"Golden Shrine","player_choice":"Pray","floor":4.0,"gold_loss":0.0,"damage_taken":0.0}],"is_beta":false,"boss_relics":[],"items_purged_floors":[],"is_endless":false,"potions_floor_spawned":[5,10,11,13],"killed_by":"Slime Boss","ascension_level":20}}