{"host":"1mv6gj0zv8k9e9tz","time":1611604547,"event":{"mods":["AchievementEnabler","BaseMod","Better Third Choice","Colored Map","KOR Keyword Fix","Minty Spire (QoL Compilation)","Permanent Neow","Rare Cards Sparkle","StSLib"],"gold_per_floor":[113,113,38,54,54,54,73,86,86,102,102,202,202,215,215,287,287,298,318,334,334,334],"floor_reached":21,"language":"KOR","playtime":806,"items_purged":[],"score":346,"play_id":"1e54b240-1d1a-471f-b26a-af954f8003b2","local_time":"20210126045547","is_ascension_mode":true,"campfire_choices":[{"data":"Phantasmal Killer","floor":6,"key":"SMITH"},{"data":"Cloak And Dagger","floor":11,"key":"SMITH"},{"floor":13,"key":"REST"},{"data":"Blade Dance","floor":15,"key":"SMITH"}],"circlet_count":0,"master_deck":["AscendersBane","Strike_G+1","Strike_G","Strike_G","Strike_G","Defend_G","Defend_G","Defend_G","Defend_G","Survivor","Neutralize","Phantasmal Killer+1","PiercingWail+1","Well Laid Plans","Blade Dance+1","Cloak And Dagger+1","Cloak And Dagger","Backflip","Malaise","Leg Sweep"],"relics":["Ring of the Snake","SacredBark"],"acts_visited":["Exordium","TheCity"],"potions_floor_usage":[4,14,18],"damage_taken":[{"damage":6,"enemies":"Small Slimes","floor":1,"turns":4},{"damage":0,"enemies":"2 Louse","floor":4,"turns":4},{"damage":0,"enemies":"Cultist","floor":7,"turns":3},{"damage":8,"enemies":"Large Slime","floor":8,"turns":6},{"damage":0,"enemies":"2 Fungi Beasts","floor":10,"turns":4},{"damage":0,"enemies":"3 Louse","floor":14,"turns":2},{"damage":35,"enemies":"Slime Boss","floor":16,"turns":9},{"damage":0,"enemies":"Chosen","floor":18,"turns":5},{"damage":0,"enemies":"3 Byrds","floor":19,"turns":7},{"damage":19,"enemies":"Snake Plant","floor":20,"turns":8},{"damage":12,"enemies":"Cultist and Chosen","floor":21,"turns":3}],"seed_played":"-3218505383057684958","potions_obtained":[{"floor":1,"key":"Swift Potion"},{"floor":10,"key":"Explosive Potion"},{"floor":14,"key":"EssenceOfSteel"}],"is_trial":false,"path_per_floor":["M","?","?","M","?","R","M","M","T","M","R","?","R","M","R","B",null,"M","M","M","M"],"character_chosen":"THE_SILENT","items_purchased":[],"campfire_rested":1,"item_purchase_floors":[],"current_hp_per_floor":[53,46,46,46,26,26,26,18,18,18,18,18,37,37,37,2,50,50,50,31,19,19],"gold":334,"neow_bonus":"ONE_RANDOM_RARE_CARD","is_daily":false,"chose_seed":false,"campfire_upgraded":3,"win_rate":0.0,"timestamp":1611604547,"path_taken":["M","?","?","M","?","R","M","M","T","M","R","?","R","M","R","BOSS","M","M","M","M"],"items_purchased_type":[],"build_version":"2020-12-22","purchased_purges":0,"victory":false,"max_hp_per_floor":[66,66,66,66,66,66,66,66,66,66,66,66,66,66,66,66,66,66,66,66,66,66],"card_choices":[{"not_picked":["Caltrops","Deflect"],"picked":"PiercingWail","floor":1},{"not_picked":["Prepared","Expertise"],"picked":"Well Laid Plans","floor":4},{"not_picked":["Noxious Fumes","Terror"],"picked":"Blade Dance","floor":7},{"not_picked":["Catalyst","Distraction"],"picked":"Cloak And Dagger","floor":8},{"not_picked":["Deflect","Flying Knee"],"picked":"Cloak And Dagger","floor":10},{"not_picked":["Cloak And Dagger","Corpse Explosion"],"picked":"Backflip","floor":14},{"not_picked":["Grand Finale","Envenom"],"picked":"Malaise","floor":16},{"not_picked":["Flying Knee","Quick Slash","Outmaneuver"],"picked":"SKIP","floor":18},{"not_picked":["Backstab","Endless Agony"],"picked":"Leg Sweep","floor":19},{"not_picked":["Underhanded Strike","Backflip","Quick Slash+1"],"picked":"SKIP","floor":20}],"player_experience":569291,"relics_obtained":[],"event_choices":[{"cards_removed":["Defend_G"],"damage_healed":0,"gold_gain":0,"player_choice":"Card Removal","damage_taken":7,"max_hp_gain":0,"max_hp_loss":0,"event_name":"Golden Wing","floor":2,"gold_loss":0},{"cards_removed":["Strike_G"],"damage_healed":0,"gold_gain":0,"player_choice":"Card Removal","damage_taken":0,"max_hp_gain":0,"max_hp_loss":0,"event_name":"The Cleric","floor":3,"gold_loss":75},{"damage_healed":46,"gold_gain":0,"player_choice":"Upgrade","damage_taken":20,"max_hp_gain":0,"max_hp_loss":66,"event_name":"betterThird:BetterShining","floor":5,"gold_loss":0,"cards_upgraded":["PiercingWail","Strike_G"]},{"damage_healed":0,"gold_gain":100,"player_choice":"Gold","damage_taken":0,"max_hp_gain":0,"max_hp_loss":0,"event_name":"Wheel of Change","floor":12,"gold_loss":0}],"is_beta":false,"boss_relics":[{"not_picked":["Runic Pyramid","Velvet Choker"],"picked":"SacredBark"}],"items_purged_floors":[],"is_endless":false,"potions_floor_spawned":[1,10,14],"killed_by":"Cultist and Chosen","ascension_level":20}}