{"host":"bf9sa99gaumonoeu","time":1611537930,"event":{"mods":["AchievementEnabler","Act Like it!","Aspiration","BaseMod","Bestiary","Block Reminder","Colored Map","Colored Powertips","Downfall","Friendly Minions","Gensokyo","GifTheSpireLib","Hallownest","Highlight Path","Jorbs\u0027s Wanderer Trilogy","KinomotoSakuraMod(????)","Koishi","Marisa????????","Minty Spire (QoL Compilation)","Rare Cards Sparkle","Relic Filter Mod","Relic Stats","Reliquary","Spire Arcade","StSLib","ojb\u0027s Info Mod"],"gold_per_floor":[99,119,269,282,138,153,153,183,193,213,113,132,162,173,192,192,192,192],"floor_reached":16,"language":"ENG","playtime":1558,"items_purged":["downfall:Icky"],"score":141,"play_id":"269f72fd-3b98-4ad2-833d-69155461b1ce","local_time":"20210124232530","is_ascension_mode":false,"campfire_choices":[{"floor":1,"key":"RECALL"},{"data":"sneckomod:UnknownRareAttack","floor":11,"key":"SMITH"}],"circlet_count":0,"master_deck":["sneckomod:Strike","sneckomod:Strike","sneckomod:Strike","sneckomod:Defend","sneckomod:Defend","sneckomod:Defend","sneckomod:TailWhip","sneckomod:SnekBite","sneckomod:Unknown","sneckomod:Unknown","sneckomod:QuickBite","sneckomod:CheapStock","sneckomod:MorePower","sneckomod:Unknown1Cost","sneckomod:UnknownRareSkill+1","sneckomod:SoulRoll","sneckomod:UnknownUncommonAttack+1","sneckomod:UnknownRareAttack+1","sneckomod:WideSting","sneckomod:UnknownBlock+1","sneckomod:SerpentIdol","sneckomod:ImprovisedAttack","sneckomod:UnknownUncommonPower","sneckomod:UnknownWeak","sneckomod:UnknownBlock"],"relics":["sneckomod:SneckoSoul","PreservedInsect","Pantograph","Letter Opener","downfall:HeartBlessingRed","Regal Pillow"],"acts_visited":["Exordium"],"potions_floor_usage":[8,13,16],"damage_taken":[{"damage":0,"enemies":"Small Slimes","floor":2,"turns":3},{"damage":9,"enemies":"2 Louse","floor":4,"turns":3},{"damage":0,"enemies":"downfall:FleeingMerchant","floor":5,"turns":4},{"damage":0,"enemies":"Jaw Worm","floor":6,"turns":4},{"damage":8,"enemies":"Lagavulin","floor":8,"turns":4},{"damage":0,"enemies":"Lots of Slimes","floor":9,"turns":1},{"damage":12,"enemies":"Blue Slaver","floor":10,"turns":2},{"damage":9,"enemies":"Large Slime","floor":12,"turns":6},{"damage":0,"enemies":"Gremlin Nob","floor":13,"turns":2},{"damage":6,"enemies":"Gremlin Gang","floor":14,"turns":3},{"damage":6,"enemies":"2 Fungi Beasts","floor":15,"turns":2},{"damage":78,"enemies":"SI_SHIV_ARCHETYPE","floor":16,"turns":13}],"seed_played":"-2459306101961879859","potions_obtained":[{"floor":2,"key":"sneckomod:DiceRollPotion"},{"floor":6,"key":"champ:CounterPotion"},{"floor":9,"key":"SmokeBomb"},{"floor":10,"key":"SmokeBomb"},{"floor":15,"key":"BlessingOfTheForge"}],"is_trial":false,"path_per_floor":["R","M","?","M","$","M","T","E","M","M","R","M","E","M","M","B"],"character_chosen":"THE_SNECKO","items_purchased":["sneckomod:Unknown1Cost"],"campfire_rested":0,"item_purchase_floors":[5],"current_hp_per_floor":[90,90,90,81,86,86,86,80,80,68,68,59,59,53,47,0,0,0],"gold":192,"neow_bonus":"RANDOM_COMMON_RELIC","is_daily":false,"chose_seed":false,"campfire_upgraded":1,"win_rate":0.0,"timestamp":1611537930,"path_taken":["R","M","?","M","$","M","T","E","M","M","R","M","E","M","M","BOSS"],"items_purchased_type":["Card"],"build_version":"2020-12-22","purchased_purges":1,"victory":false,"max_hp_per_floor":[90,90,90,90,90,90,90,92,92,92,92,92,92,92,92,92,92,92],"relic_stats":{"Regal Pillow":0,"counters":[12,47],"Pantograph":25,"PreservedInsect":149,"Letter Opener":[15],"obtain_stats":[{"Regal Pillow":13,"downfall:HeartBlessingRed":11,"Pantograph":7,"PreservedInsect":0,"Letter Opener":8,"sneckomod:SneckoSoul":0},{"Regal Pillow":9,"downfall:HeartBlessingRed":7,"Pantograph":4,"PreservedInsect":0,"Letter Opener":5,"sneckomod:SneckoSoul":0},{"Regal Pillow":29,"downfall:HeartBlessingRed":21,"Pantograph":14,"PreservedInsect":0,"Letter Opener":18,"sneckomod:SneckoSoul":0}]},"card_choices":[{"not_picked":["sneckomod:UnknownBlock","sneckomod:Unknown2Cost"],"picked":"sneckomod:QuickBite","floor":2},{"not_picked":["sneckomod:UnknownDraw","sneckomod:Unknown1Cost"],"picked":"sneckomod:CheapStock","floor":4},{"not_picked":["sneckomod:UnknownCommonSkill","sneckomod:UnknownDraw"],"picked":"sneckomod:MorePower","floor":5},{"not_picked":["sneckomod:UnknownCommonSkill+1","sneckomod:UnknownClassTHE_BRONZE_AUTOMATON+1"],"picked":"sneckomod:UnknownRareSkill+1","floor":6},{"not_picked":["sneckomod:MasterEye","sneckomod:UnknownCommonSkill"],"picked":"sneckomod:SoulRoll","floor":6},{"not_picked":["sneckomod:UnknownClassRED+1","sneckomod:UnknownClassGUARDIAN+1"],"picked":"sneckomod:UnknownUncommonAttack+1","floor":8},{"not_picked":["sneckomod:SoulRoll","sneckomod:Cheat"],"picked":"sneckomod:UnknownRareAttack","floor":8},{"not_picked":["sneckomod:DiceBoulder","sneckomod:DefensiveFlair"],"picked":"sneckomod:WideSting","floor":9},{"not_picked":["sneckomod:UnknownCommonAttack+1","sneckomod:UnknownStrength+1"],"picked":"sneckomod:UnknownBlock+1","floor":10},{"not_picked":["sneckomod:SlitherStrike","sneckomod:IronFang"],"picked":"sneckomod:SerpentIdol","floor":10},{"not_picked":["sneckomod:UnknownX","sneckomod:MasterEye"],"picked":"sneckomod:ImprovisedAttack","floor":12},{"not_picked":["sneckomod:UnknownUncommonSkill","sneckomod:Unknown0Cost"],"picked":"sneckomod:UnknownUncommonPower","floor":13},{"not_picked":["sneckomod:QuickMove","sneckomod:UnknownBlock"],"picked":"sneckomod:UnknownWeak","floor":14},{"not_picked":["sneckomod:UnknownCommonAttack","sneckomod:Unknown0Cost"],"picked":"sneckomod:UnknownBlock","floor":15}],"player_experience":905089,"relics_obtained":[{"floor":7,"key":"Pantograph"},{"floor":8,"key":"Letter Opener"},{"floor":13,"key":"Regal Pillow"}],"event_choices":[],"is_beta":false,"boss_relics":[],"items_purged_floors":[5],"is_endless":false,"potions_floor_spawned":[2,6,9,10,15],"killed_by":"SI_SHIV_ARCHETYPE","ascension_level":0}}