{"host":"r53pw7z744tg3fxg","time":1611602136,"event":{"mods":["AchievementEnabler","BaseMod","Colored Map","Colored Powertips","Highlight Path","Minty Spire (QoL Compilation)","Quick Restart","Transform Curses"],"gold_per_floor":[116,129,129,139,159,188,15,46,73,100,100,133,148,148,148,225,225,240,252,252,252],"floor_reached":20,"language":"ENG","playtime":760,"items_purged":[],"score":516,"play_id":"b1993c9c-f26f-42b6-ad40-d3a41d5d889d","local_time":"20210125121536","is_ascension_mode":true,"campfire_choices":[{"floor":11.0,"key":"REST"},{"data":"Eruption","floor":15.0,"key":"SMITH"}],"circlet_count":0,"master_deck":["AscendersBane","Strike_P","Strike_P","Strike_P","Strike_P","Defend_P","Defend_P","Defend_P","Defend_P","Eruption+1","Vigilance","Worship","BowlingBash","CarveReality","Conclude","MasterReality","BattleHymn+1","FollowUp","DeusExMachina","Evaluate","Establishment","FearNoEvil","ForeignInfluence"],"relics":["PureWater","FossilizedHelix","Damaru","Boot","Tiny Chest","Toy Ornithopter","Bag of Preparation","Busted Crown"],"acts_visited":["Exordium","TheCity"],"potions_floor_usage":[],"damage_taken":[{"damage":0.0,"enemies":"2 Louse","floor":1.0,"turns":3.0},{"damage":1.0,"enemies":"Cultist","floor":2.0,"turns":3.0},{"damage":10.0,"enemies":"Small Slimes","floor":4.0,"turns":3.0},{"damage":2.0,"enemies":"2 Fungi Beasts","floor":5.0,"turns":4.0},{"damage":24.0,"enemies":"3 Sentries","floor":6.0,"turns":7.0},{"damage":0.0,"enemies":"Gremlin Nob","floor":8.0,"turns":3.0},{"damage":0.0,"enemies":"3 Sentries","floor":10.0,"turns":2.0},{"damage":0.0,"enemies":"Lagavulin","floor":12.0,"turns":5.0},{"damage":8.0,"enemies":"Blue Slaver","floor":13.0,"turns":4.0},{"damage":28.0,"enemies":"Hexaghost","floor":16.0,"turns":5.0},{"damage":32.0,"enemies":"Shell Parasite","floor":18.0,"turns":5.0},{"damage":6.0,"enemies":"Spheric Guardian","floor":19.0,"turns":4.0},{"damage":31,"enemies":"Shelled Parasite and Fungi","floor":20,"turns":3}],"seed_played":"7791885917861925104","potions_obtained":[{"floor":4.0,"key":"ColorlessPotion"},{"floor":6.0,"key":"BlessingOfTheForge"},{"floor":8.0,"key":"Fire Potion"},{"floor":12.0,"key":"StancePotion"},{"floor":16.0,"key":"SmokeBomb"},{"floor":18.0,"key":"Block Potion"},{"floor":19.0,"key":"BlessingOfTheForge"}],"is_trial":false,"path_per_floor":["M","M","?","M","M","E","$","E","T","E","R","E","M","?","R","B",null,"M","M","M"],"character_chosen":"WATCHER","items_purchased":["Damaru"],"campfire_rested":1,"item_purchase_floors":[7],"current_hp_per_floor":[67,66,74,64,62,38,38,38,38,38,60,60,57,57,57,29,63,31,30,0,0],"gold":252,"neow_bonus":"TEN_PERCENT_HP_BONUS","is_daily":false,"chose_seed":false,"campfire_upgraded":1,"win_rate":0.0,"timestamp":1611602136,"path_taken":["M","M","?","M","M","E","?","E","T","E","R","E","M","?","R","BOSS","BOSS","M","M","M"],"items_purchased_type":["Relic"],"build_version":"2020-12-22","purchased_purges":0,"victory":false,"max_hp_per_floor":[74,74,74,74,74,74,74,74,74,74,74,74,74,74,74,74,74,74,74,74,74],"card_choices":[{"not_picked":["SashWhip","Consecrate"],"picked":"Worship","floor":1.0},{"not_picked":["WaveOfTheHand","Halt"],"picked":"BowlingBash","floor":2.0},{"not_picked":["SashWhip","Fasting2"],"picked":"CarveReality","floor":4.0},{"not_picked":["Protect","FlyingSleeves"],"picked":"Conclude","floor":5.0},{"not_picked":["CutThroughFate","Indignation"],"picked":"MasterReality","floor":6.0},{"not_picked":["FlurryOfBlows","Halt"],"picked":"BattleHymn","floor":8.0},{"not_picked":["FlyingSleeves","Fasting2"],"picked":"FollowUp","floor":10.0},{"not_picked":["Evaluate","ClearTheMind"],"picked":"DeusExMachina","floor":12.0},{"not_picked":["EmptyFist","Weave"],"picked":"Evaluate","floor":13.0},{"not_picked":["Devotion","DevaForm"],"picked":"Establishment","floor":16.0},{"not_picked":[],"picked":"FearNoEvil","floor":18.0},{"not_picked":[],"picked":"ForeignInfluence","floor":19.0}],"player_experience":1347808,"relics_obtained":[{"floor":6.0,"key":"FossilizedHelix"},{"floor":8.0,"key":"Boot"},{"floor":9.0,"key":"Tiny Chest"},{"floor":10.0,"key":"Toy Ornithopter"},{"floor":12.0,"key":"Bag of Preparation"}],"event_choices":[{"damage_healed":8.0,"max_hp_gain":0.0,"max_hp_loss":0.0,"gold_gain":0.0,"event_name":"Wheel of Change","player_choice":"Full Heal","floor":3.0,"gold_loss":0.0,"damage_taken":0.0},{"damage_healed":0.0,"max_hp_gain":0.0,"max_hp_loss":0.0,"gold_gain":0.0,"event_name":"Upgrade Shrine","player_choice":"Upgraded","floor":14.0,"gold_loss":0.0,"damage_taken":0.0,"cards_upgraded":["BattleHymn"]}],"is_beta":false,"boss_relics":[{"not_picked":["HolyWater","Velvet Choker"],"picked":"Busted Crown"}],"items_purged_floors":[],"is_endless":false,"potions_floor_spawned":[4,6,8,12,16,18,19],"killed_by":"Shelled Parasite and Fungi","ascension_level":17}}