{"host":"2q4w55ev63ot6isg","time":1611596276,"event":{"mods":["Aspiration","BaseMod","Downfall","Hubris","Marisa????????","Minty Spire (QoL Compilation)","Replay The Spire","StSLib","The Cursed","The Jungle","The Servant 0.9.4"],"gold_per_floor":[114,124,124,144,155,155,80,80,105,5,34,34,46,46,46,151,151,165,175,175,21,34,34,48,48,48,48,61,61,96,116,116,212,212,224,243,112,22,40,40,55,55,79,79,79,104,116,217,217,217],"floor_reached":51,"language":"ENG","playtime":1648,"items_purged":["ReplayTheSpireMod:Restless Dread","Strike_P","Pain"],"score":657,"play_id":"40bc7a41-8e6b-4d32-bc31-a80d2b504dbf","local_time":"20210125093756","is_ascension_mode":false,"campfire_choices":[{"data":"Apotheosis","floor":6,"key":"SMITH"},{"data":"BattleHymn","floor":12,"key":"SMITH"},{"floor":15,"key":"REST"},{"data":"Replay:LoomingThreat","floor":23,"key":"SMITH"},{"data":"Evaluate","floor":27,"key":"SMITH"},{"floor":32,"key":"REST"},{"floor":40,"key":"REST"},{"floor":42,"key":"REST"},{"floor":49,"key":"REST"}],"circlet_count":0,"master_deck":["Defend_P","Defend_P","Defend_P","Defend_P","Eruption+1","Vigilance","Apotheosis+1","Consecrate","Evaluate+1","BattleHymn+1","Sanctity","Replay:LoomingThreat+1","Protect","SandsOfTime","ClearTheMind+1","TalkToTheHand+1","Crescendo+1","Ragnarok","Vault","Panache","Metamorphosis","Deep Breath","Study","Magnetism","Normality","ReplayTheSpireMod:Splinters"],"relics":["PureWater","Regal Pillow","Odd Mushroom","CultistMask","ChewingGum","aspiration:Nostalgia","Cracked Core","Replay:Wax Seal","Darkstone Periapt","Chameleon Ring","hubris:TerracottaHorce","ReplayTheSpireMod:ShopPack","Oddly Smooth Stone","WarpedTongs","ReplayTheSpireMod:CursedCoin"],"acts_visited":["Exordium","TheCity","TheBeyond"],"potions_floor_usage":[11,11,16,16,22,33,33,35,50,50],"damage_taken":[{"damage":0,"enemies":"Cultist","floor":1,"turns":3},{"damage":1,"enemies":"2 Louse","floor":2,"turns":3},{"damage":0,"enemies":"Small Slimes","floor":4,"turns":2},{"damage":2,"enemies":"Gremlin Gang","floor":5,"turns":7},{"damage":1,"enemies":"The Mushroom Lair","floor":11,"turns":3},{"damage":14,"enemies":"Blue Slaver","floor":13,"turns":2},{"damage":12,"enemies":"The Guardian","floor":16,"turns":11},{"damage":0,"enemies":"3 Byrds","floor":18,"turns":4},{"damage":0,"enemies":"Chosen","floor":19,"turns":4},{"damage":13,"enemies":"Snake Plant","floor":22,"turns":4},{"damage":6,"enemies":"Snecko","floor":24,"turns":4},{"damage":0,"enemies":"Centurion and Healer","floor":28,"turns":4},{"damage":3,"enemies":"Book of Stabbing","floor":30,"turns":4},{"damage":0,"enemies":"3 Cultists","floor":31,"turns":4},{"damage":19,"enemies":"Champ","floor":33,"turns":7},{"damage":8,"enemies":"Orb Walker","floor":35,"turns":4},{"damage":31,"enemies":"3 Shapes","floor":36,"turns":4},{"damage":7,"enemies":"Maw","floor":39,"turns":6},{"damage":61,"enemies":"Jaw Worm Horde","floor":41,"turns":4},{"damage":38,"enemies":"4 Shapes","floor":47,"turns":5},{"damage":60,"enemies":"Replay:Hell Engine","floor":50,"turns":11}],"seed_played":"-729491680419613641","potions_obtained":[{"floor":1,"key":"Explosive Potion"},{"floor":2,"key":"BottledMiracle"},{"floor":3,"key":"SneckoOil"},{"floor":3,"key":"Slimebound:ThreeZeroPotion"},{"floor":13,"key":"Block Potion"},{"floor":18,"key":"ColorlessPotion"},{"floor":19,"key":"Strength Potion"},{"floor":22,"key":"Block Potion"},{"floor":33,"key":"SkillPotion"},{"floor":35,"key":"bronze:BurnAndBuffPotion"},{"floor":36,"key":"BlessingOfTheForge"}],"is_trial":false,"path_per_floor":["M","M","?","M","M","R","$","?","T","$","?","R","M","?","R","B",null,"M","M","?","$","M","R","M","?","T","R","M","?","E","M","R","B",null,"M","M","$","?","M","R","M","R","T","?","?","$","M","?","R","B",null],"character_chosen":"WATCHER","items_purchased":["aspiration:Nostalgia","ReplayTheSpireMod:ShopPack","ReplayTheSpireMod:CursedCoin"],"campfire_rested":5,"item_purchase_floors":[21,37,46],"current_hp_per_floor":[72,71,71,71,69,69,69,62,62,62,61,61,47,47,72,60,72,72,72,59,59,46,46,40,40,40,40,40,40,37,37,75,56,72,64,33,33,33,26,64,3,41,41,41,47,53,15,21,64,4],"gold":217,"neow_bonus":"RANDOM_COLORLESS_2","is_daily":false,"chose_seed":false,"campfire_upgraded":4,"win_rate":0.0,"timestamp":1611596276,"path_taken":["M","M","?","?","M","R","$","?","T","$","?","R","M","?","R","BOSS","M","?","?","$","M","R","M","?","T","R","?","?","E","M","R","BOSS","M","M","$","?","?","R","M","R","T","?","?","$","?","?","R","BOSS"],"items_purchased_type":["Relic","Relic","Relic"],"build_version":"2020-12-22","purchased_purges":3,"victory":true,"max_hp_per_floor":[72,72,72,72,72,72,72,72,72,72,72,72,72,72,72,72,72,72,72,77,77,77,77,77,77,77,77,77,77,77,77,77,77,77,77,77,77,77,77,77,77,77,77,77,83,89,89,95,95,95],"card_choices":[{"not_picked":["Master of Strategy","Poisoned Strike"],"picked":"Apotheosis","floor":0},{"not_picked":["CarveReality","EmptyBody"],"picked":"Consecrate","floor":1},{"not_picked":["Meditate","Adaptation","Vengeance"],"picked":"SKIP","floor":2},{"not_picked":["CrushJoints","Replay:Hum"],"picked":"Evaluate","floor":4},{"not_picked":["ClearTheMind","Halt"],"picked":"BattleHymn","floor":5},{"not_picked":["Tantrum","Establishment"],"picked":"Sanctity","floor":11},{"not_picked":["CutThroughFate","Meditate","EmptyFist"],"picked":"SKIP","floor":13},{"not_picked":["MasterReality","Scrawl"],"picked":"Replay:LoomingThreat","floor":16},{"not_picked":["CrushJoints","Indignation"],"picked":"Protect","floor":18},{"not_picked":["CrushJoints","Meditate+1"],"picked":"SandsOfTime","floor":19},{"not_picked":["Protect","Collect"],"picked":"ClearTheMind+1","floor":22},{"not_picked":["SignatureMove","BowlingBash"],"picked":"TalkToTheHand+1","floor":24},{"not_picked":["Replay:Anticipation+1","PathToVictory"],"picked":"Crescendo+1","floor":28},{"not_picked":["SignatureMove+1","Replay:ManipulateFuture","Nirvana+1"],"picked":"SKIP","floor":30},{"not_picked":["ReachHeaven","ClearTheMind","CutThroughFate"],"picked":"SKIP","floor":31},{"not_picked":["Judgement","DeusExMachina"],"picked":"Ragnarok","floor":33},{"not_picked":["Replay:Battleflow+1","BowlingBash+1","SashWhip"],"picked":"SKIP","floor":35},{"not_picked":["Crescendo+1","Replay:AtTheReady"],"picked":"Vault","floor":36},{"not_picked":["Midas Touch","Thinking Ahead"],"picked":"Panache","floor":37},{"not_picked":["Dramatic Entrance","Madness"],"picked":"Metamorphosis","floor":37},{"not_picked":["hubris:Insight","Swift Strike"],"picked":"Deep Breath","floor":37},{"not_picked":["Replay:Battleflow+1","Consecrate","FearNoEvil+1"],"picked":"SKIP","floor":39},{"not_picked":["EmptyBody+1","Conclude"],"picked":"Study","floor":41},{"not_picked":["Metamorphosis","Finesse"],"picked":"Magnetism","floor":44},{"not_picked":["SandsOfTime","Halt+1","ClearTheMind"],"picked":"SKIP","floor":47}],"player_experience":165952,"relics_obtained":[{"floor":9,"key":"Regal Pillow"},{"floor":11,"key":"Odd Mushroom"},{"floor":26,"key":"Replay:Wax Seal"},{"floor":30,"key":"Chameleon Ring"},{"floor":43,"key":"Oddly Smooth Stone"}],"event_choices":[{"damage_healed":0,"gold_gain":0,"player_choice":"Got Potions","damage_taken":0,"max_hp_gain":0,"max_hp_loss":0,"event_name":"Lab","floor":3,"gold_loss":0},{"cards_removed":["Strike_P"],"damage_healed":0,"gold_gain":0,"player_choice":"Card Removal","damage_taken":7,"max_hp_gain":0,"max_hp_loss":0,"event_name":"Golden Wing","floor":8,"gold_loss":0},{"damage_healed":0,"gold_gain":0,"player_choice":"Fought Mushrooms","damage_taken":0,"max_hp_gain":0,"max_hp_loss":0,"event_name":"Mushrooms","floor":11,"gold_loss":0},{"damage_healed":0,"gold_gain":0,"player_choice":"Trade","damage_taken":0,"relics_obtained":["CultistMask"],"max_hp_gain":0,"max_hp_loss":0,"event_name":"FaceTrader","floor":14,"gold_loss":0},{"damage_healed":0,"gold_gain":0,"player_choice":"Shed Blood","damage_taken":18,"max_hp_gain":5,"max_hp_loss":0,"event_name":"Forgotten Altar","floor":20,"gold_loss":0},{"cards_removed":["Strike_P"],"damage_healed":0,"gold_gain":0,"player_choice":"Purged","damage_taken":0,"max_hp_gain":0,"max_hp_loss":0,"event_name":"Purifier","floor":25,"gold_loss":0},{"damage_healed":0,"gold_gain":0,"player_choice":"Opened","damage_taken":0,"relics_obtained":["Darkstone Periapt"],"max_hp_gain":0,"max_hp_loss":0,"event_name":"The Mausoleum","floor":29,"gold_loss":0},{"cards_removed":["Strike_P"],"damage_healed":0,"gold_gain":0,"player_choice":"Upgrade and Remove","damage_taken":0,"max_hp_gain":0,"max_hp_loss":0,"event_name":"Designer","floor":38,"gold_loss":90,"cards_upgraded":["Eruption"]},{"damage_healed":0,"gold_gain":0,"player_choice":"Memory 1","damage_taken":0,"max_hp_gain":0,"max_hp_loss":0,"event_name":"SensoryStone","floor":44,"gold_loss":0},{"damage_healed":0,"gold_gain":0,"player_choice":"Rummage","damage_taken":0,"relics_obtained":["WarpedTongs"],"max_hp_gain":0,"max_hp_loss":0,"event_name":"Accursed Blacksmith","floor":45,"gold_loss":0,"cards_obtained":["Pain"]}],"is_beta":false,"boss_relics":[{"not_picked":["aspiration:SilentSkillbook","hubris:ScarierMask"],"picked":"ChewingGum"},{"not_picked":["Replay:Fungal Core","aspiration:PoetsPen_weak"],"picked":"hubris:TerracottaHorce"}],"items_purged_floors":[7,10,46],"is_endless":false,"potions_floor_spawned":[1,2,5,13,18,19,22,33,35,36],"ascension_level":0}}