{"host":"2e5gbsni44p3458r","time":1611573687,"event":{"mods":["BaseMod","Colored Map","Downfall","Hermit","Minty Spire (QoL Compilation)","Replay The Spire","StSLib","The Cursed"],"gold_per_floor":[99,112,22,34,45,45,45,145,171,186,86,101,131,131,147,245,245,245,263,263,282,294,310,310,310,126,153,53,63,82,82,97,97,97,97],"floor_reached":33,"language":"ENG","playtime":1763,"items_purged":["Writhe","bronze:Replicate"],"score":289,"play_id":"baa89e16-6c97-4894-b28b-094985071e7d","local_time":"20210125202127","is_ascension_mode":true,"campfire_choices":[{"data":"bronze:Format","floor":1.0,"key":"SMITH"},{"data":"bronze:SpaghettiCode","floor":11.0,"key":"SMITH"},{"floor":18.0,"key":"RECALL"},{"data":"bronze:FollowUp","floor":28.0,"key":"SMITH"}],"circlet_count":0,"master_deck":["bronze:Defend","bronze:Defend+1","bronze:Defend","bronze:Goto","bronze:AlphaBuild","bronze:Format+1","bronze:Iterate","bronze:SpaghettiCode+1","bronze:Flail","bronze:RecursiveStrike","bronze:Library+1","bronze:GetLatest+1","bronze:Overheat+1","bronze:Fortify","bronze:FunctionCard","bronze:FollowUp+1"],"relics":["bronze:BronzeCore","Bag of Preparation","downfall:HeartBlessingBlue","Unceasing Top","Omamori","Astrolabe","Bronze Scales","downfall:HeartBlessingRed","Blue Candle"],"acts_visited":["Exordium","TheCity"],"potions_floor_usage":[33,33],"damage_taken":[{"damage":0.0,"enemies":"Cultist","floor":2.0,"turns":2.0},{"damage":0.0,"enemies":"downfall:FleeingMerchant","floor":3.0,"turns":4.0},{"damage":3.0,"enemies":"Small Slimes","floor":4.0,"turns":2.0},{"damage":0.0,"enemies":"Jaw Worm","floor":5.0,"turns":2.0},{"damage":19.0,"enemies":"Lagavulin","floor":9.0,"turns":4.0},{"damage":7.0,"enemies":"Exordium Thugs","floor":10.0,"turns":5.0},{"damage":0.0,"enemies":"Exordium Wildlife","floor":12.0,"turns":1.0},{"damage":0.0,"enemies":"Gremlin Gang","floor":15.0,"turns":1.0},{"damage":5.0,"enemies":"SI_SHIV_ARCHETYPE","floor":16.0,"turns":8.0},{"damage":11.0,"enemies":"Chosen","floor":19.0,"turns":3.0},{"damage":0.0,"enemies":"3 Byrds","floor":21.0,"turns":6.0},{"damage":0.0,"enemies":"Snecko","floor":22.0,"turns":3.0},{"damage":4.0,"enemies":"Shelled Parasite and Fungi","floor":23.0,"turns":4.0},{"damage":5.0,"enemies":"downfall:FleeingMerchant","floor":26.0,"turns":4.0},{"damage":0.0,"enemies":"3 Cultists","floor":29.0,"turns":2.0},{"damage":4.0,"enemies":"Chosen and Byrds","floor":30.0,"turns":2.0},{"damage":0,"enemies":"Snecko","floor":32,"turns":4},{"damage":34,"enemies":"DF_ARCHETYPE_CLAW","floor":33,"turns":9}],"seed_played":"-1108280736522820297","potions_obtained":[{"floor":4.0,"key":"bronze:BurnAndBuffPotion"},{"floor":5.0,"key":"Explosive Potion"},{"floor":9.0,"key":"Strength Potion"},{"floor":21.0,"key":"BlessingOfTheForge"},{"floor":23.0,"key":"Swift Potion"}],"is_trial":false,"path_per_floor":["R","M","$","M","M","?","T","?","E","M","R","M","?","?","M","B",null,"R","M","?","M","M","M","T","?","$","T","R","M","M","?","M","B"],"character_chosen":"THE_AUTOMATON","items_purchased":["bronze:FollowUp"],"campfire_rested":0,"item_purchase_floors":[26],"current_hp_per_floor":[70,70,70,67,67,67,67,67,48,41,51,51,51,48,48,43,80,80,69,61,61,61,57,57,57,52,52,52,52,48,43,43,9,9,9],"gold":97,"neow_bonus":"TRANSFORM_TWO_CARDS","is_daily":false,"chose_seed":false,"campfire_upgraded":3,"win_rate":0.0,"timestamp":1611573687,"path_taken":["R","M","$","M","?","?","T","?","E","M","R","M","?","?","M","BOSS","R","M","?","M","?","M","T","?","?","?","R","?","M","?","M","BOSS"],"items_purchased_type":["Card"],"build_version":"2020-12-22","purchased_purges":2,"victory":false,"max_hp_per_floor":[70,70,70,70,70,70,70,70,70,70,80,80,80,80,80,80,80,80,80,80,80,80,80,80,80,80,80,80,80,80,80,80,80,80,80],"card_choices":[{"not_picked":["bronze:DelayedSlice","bronze:Overload"],"picked":"bronze:Iterate","floor":2.0},{"not_picked":["bronze:OilSpill","bronze:Frontload","bronze:BitShift"],"picked":"SKIP","floor":3.0},{"not_picked":["bronze:BitShift","bronze:FollowUp"],"picked":"bronze:SpaghettiCode","floor":4.0},{"not_picked":["bronze:BuggyMess","bronze:Deprecate"],"picked":"bronze:Flail","floor":5.0},{"not_picked":["bronze:Frontload","bronze:Turbo","bronze:InfiniteBeams"],"picked":"SKIP","floor":9.0},{"not_picked":["bronze:Refactor","bronze:DelayedSlice","bronze:FineTuning"],"picked":"SKIP","floor":10.0},{"not_picked":["bronze:DelayedSlice","bronze:Separator","bronze:WildBeam"],"picked":"SKIP","floor":12.0},{"not_picked":["bronze:Constructor","bronze:ChildClass","bronze:DelayedGuard"],"picked":"SKIP","floor":15.0},{"not_picked":["bronze:ShipIt","bronze:Break"],"picked":"bronze:RecursiveStrike","floor":16.0},{"not_picked":["bronze:DelayedSlice+1","bronze:FollowUp+1"],"picked":"bronze:Overheat+1","floor":19.0},{"not_picked":["bronze:BitShift","bronze:DelayedGuard"],"picked":"bronze:Fortify","floor":21.0},{"not_picked":["bronze:BugBarrage","bronze:BronzeArmor","bronze:Branch"],"picked":"SKIP","floor":22.0},{"not_picked":["bronze:Separator","bronze:DarkDash","bronze:Optimize+1"],"picked":"SKIP","floor":23.0},{"not_picked":["bronze:Iterate","bronze:BitShift","bronze:BugBarrage+1"],"picked":"SKIP","floor":26.0},{"not_picked":["bronze:Philosophize","bronze:ForceShield","bronze:BitShift"],"picked":"SKIP","floor":29.0},{"not_picked":["bronze:ChosenStrike+1","bronze:InfiniteBeams","bronze:WildBeam"],"picked":"SKIP","floor":30.0},{"not_picked":["bronze:Iterate","bronze:Frontload","bronze:Invalidate"],"picked":"SKIP","floor":32}],"player_experience":758750,"relics_obtained":[{"floor":9.0,"key":"Bag of Preparation"},{"floor":24.0,"key":"Bottled Lightning"},{"floor":27.0,"key":"Bronze Scales"}],"event_choices":[{"damage_healed":0.0,"max_hp_gain":0.0,"max_hp_loss":0.0,"gold_gain":0.0,"event_name":"Scrap Ooze","player_choice":"Success","floor":14.0,"gold_loss":0.0,"damage_taken":3.0,"relics_obtained":["Omamori"]}],"is_beta":false,"boss_relics":[{"not_picked":["Runic Pyramid","Tiny House"],"picked":"Astrolabe"}],"items_purged_floors":[3,26],"is_endless":false,"potions_floor_spawned":[4,5,9,10,21,23],"killed_by":"DF_ARCHETYPE_CLAW","ascension_level":3}}