{"host":"c6u7e77myxvw4d0m","time":1611584573,"event":{"mods":["AchievementEnabler","BaseMod","Bestiary","Colored Map","Colored Powertips","Minty Spire (QoL Compilation)","Rare Cards Sparkle","Relic Stats","everything is the same but u backflip on backflip"],"gold_per_floor":[114,125,125,139,152,152,182,195,222,222,256,256,281,17,17,137,187,228,270,270,195,237,237,237,237,237,265,265,265],"floor_reached":28,"language":"ENG","playtime":1848,"items_purged":["Strike_R"],"score":409,"play_id":"b3d2361f-c8db-4789-be78-6db1fd35e6fb","local_time":"20210125162253","is_ascension_mode":true,"campfire_choices":[{"data":"Bash","floor":6,"key":"SMITH"},{"floor":10,"key":"REST"},{"floor":12,"key":"REST"},{"data":"HandOfGreed","floor":15,"key":"SMITH"},{"floor":23,"key":"REST"}],"circlet_count":0,"master_deck":["AscendersBane","Strike_R+1","Strike_R+1","Strike_R+1","Defend_R+1","Defend_R+1","Defend_R+1","Defend_R+1","Bash+1","Twin Strike","Pommel Strike","Havoc","Dropkick","Battle Trance","Feed","True Grit","Ghostly Armor","HandOfGreed+1","Bludgeon","Disarm","Clothesline","Seeing Red","Feel No Pain"],"relics":["Runic Pyramid","Centennial Puzzle","Happy Flower","Tiny Chest","Orichalcum","Tiny House","Sundial","Peace Pipe","Paper Frog","InkBottle"],"acts_visited":["Exordium","TheCity"],"potions_floor_usage":[7,11,13,27,28],"damage_taken":[{"damage":7,"enemies":"Jaw Worm","floor":1,"turns":3},{"damage":6,"enemies":"Cultist","floor":2,"turns":4},{"damage":3,"enemies":"Small Slimes","floor":4,"turns":4},{"damage":12,"enemies":"Looter","floor":5,"turns":3},{"damage":20,"enemies":"Lagavulin","floor":7,"turns":5},{"damage":6,"enemies":"3 Louse","floor":8,"turns":3},{"damage":25,"enemies":"3 Sentries","floor":11,"turns":8},{"damage":10,"enemies":"Gremlin Nob","floor":13,"turns":3},{"damage":33,"enemies":"Slime Boss","floor":16,"turns":8},{"damage":17,"enemies":"2 Thieves","floor":18,"turns":4},{"damage":18,"enemies":"Shell Parasite","floor":19,"turns":5},{"damage":19,"enemies":"Snake Plant","floor":22,"turns":5},{"damage":23,"enemies":"Gremlin Leader","floor":27,"turns":5},{"damage":36,"enemies":"Sentry and Sphere","floor":28,"turns":5}],"seed_played":"-2779738252276996630","potions_obtained":[{"floor":4,"key":"PowerPotion"},{"floor":5,"key":"Ancient Potion"},{"floor":7,"key":"Weak Potion"},{"floor":16,"key":"DuplicationPotion"},{"floor":17,"key":"BlessingOfTheForge"},{"floor":18,"key":"SteroidPotion"}],"is_trial":false,"path_per_floor":["M","M","?","M","M","R","E","M","T","R","E","R","E","$","R","B",null,"M","M","T","?","M","R","T","?","T","E","M"],"character_chosen":"IRONCLAD","items_purchased":["HandOfGreed"],"campfire_rested":3,"item_purchase_floors":[14],"current_hp_per_floor":[65,59,59,56,44,44,24,21,21,45,23,48,41,41,41,11,77,60,42,42,42,23,52,52,52,52,29,0,0],"gold":265,"neow_bonus":"BOSS_RELIC","is_daily":false,"chose_seed":false,"campfire_upgraded":2,"win_rate":0.0,"timestamp":1611584573,"path_taken":["M","M","?","M","M","R","E","?","T","R","E","R","E","?","R","BOSS","M","M","?","?","M","R","?","?","T","E","M"],"items_purchased_type":["Card"],"build_version":"2020-12-22","purchased_purges":1,"victory":false,"max_hp_per_floor":[80,80,80,80,80,80,80,83,83,83,86,86,89,89,89,92,97,97,97,97,97,97,97,97,97,97,97,100,100],"relic_stats":{"Peace Pipe":0,"Centennial Puzzle":[26],"Happy Flower":[14],"counters":[14,65],"Sundial":[0],"Tiny Chest":1,"Orichalcum":[78],"obtain_stats":[{"Peace Pipe":24,"Centennial Puzzle":7,"Tiny House":17,"Happy Flower":9,"Sundial":20,"Tiny Chest":11,"Orichalcum":13,"Burning Blood":0,"InkBottle":27,"Runic Pyramid":0,"Paper Frog":26},{"Peace Pipe":12,"Centennial Puzzle":5,"Tiny House":9,"Happy Flower":6,"Sundial":11,"Tiny Chest":7,"Orichalcum":8,"Burning Blood":0,"InkBottle":13,"Runic Pyramid":0,"Paper Frog":12},{"Peace Pipe":55,"Centennial Puzzle":19,"Tiny House":41,"Happy Flower":22,"Sundial":50,"Tiny Chest":30,"Orichalcum":33,"Burning Blood":0,"InkBottle":60,"Runic Pyramid":0,"Paper Frog":55}],"InkBottle":[1]},"card_choices":[{"not_picked":["Blood for Blood","Shockwave"],"picked":"Twin Strike","floor":1},{"not_picked":["Entrench","Warcry"],"picked":"Pommel Strike","floor":2},{"not_picked":["Havoc","Armaments"],"picked":"Dropkick","floor":4},{"not_picked":["Berserk","Warcry"],"picked":"Battle Trance","floor":5},{"not_picked":["Iron Wave","True Grit"],"picked":"Feed","floor":7},{"not_picked":["Armaments","Shrug It Off"],"picked":"True Grit","floor":8},{"not_picked":["Flex","Twin Strike","Intimidate"],"picked":"SKIP","floor":11},{"not_picked":["Havoc","Clash"],"picked":"Ghostly Armor","floor":13},{"not_picked":["Fiend Fire","Feed"],"picked":"Bludgeon","floor":16},{"not_picked":["Anger","Body Slam"],"picked":"Disarm","floor":17},{"not_picked":["Battle Trance+1","Pummel"],"picked":"Clothesline","floor":18},{"not_picked":["Headbutt","Shrug It Off"],"picked":"Seeing Red","floor":19},{"not_picked":["Sword Boomerang","Clothesline"],"picked":"Feel No Pain","floor":22},{"not_picked":["Warcry","Clothesline","Thunderclap+1"],"picked":"SKIP","floor":27}],"player_experience":480929,"relics_obtained":[{"floor":7,"key":"Centennial Puzzle"},{"floor":9,"key":"Happy Flower"},{"floor":11,"key":"Tiny Chest"},{"floor":13,"key":"Orichalcum"},{"floor":20,"key":"Sundial"},{"floor":24,"key":"Peace Pipe"},{"floor":26,"key":"Paper Frog"},{"floor":27,"key":"InkBottle"}],"event_choices":[{"damage_healed":0,"gold_gain":0,"player_choice":"1 cards matched","damage_taken":0,"max_hp_gain":0,"max_hp_loss":0,"event_name":"Match and Keep!","floor":3,"gold_loss":0,"cards_obtained":["Havoc"]},{"cards_removed":["Strike_R"],"damage_healed":0,"gold_gain":0,"player_choice":"Gave Gold","damage_taken":0,"max_hp_gain":0,"max_hp_loss":0,"event_name":"Beggar","floor":21,"gold_loss":75},{"damage_healed":0,"gold_gain":0,"player_choice":"Simplicity","damage_taken":0,"max_hp_gain":0,"max_hp_loss":0,"event_name":"Back to Basics","floor":25,"gold_loss":0,"cards_upgraded":["Strike_R","Strike_R","Strike_R","Defend_R","Defend_R","Defend_R"]}],"is_beta":false,"boss_relics":[{"not_picked":["SacredBark","Runic Cube"],"picked":"Tiny House"}],"items_purged_floors":[14],"is_endless":false,"potions_floor_spawned":[4,5,7,16,18,22],"killed_by":"Sentry and Sphere","ascension_level":10}}