{"host":"bq4pt811tk9yrmjl","time":1611601215,"event":{"mods":["AchievementEnabler","BaseMod","Colored Map","Colored Powertips","Defuse TimeMaze Blight","Hermit","Minty Spire (QoL Compilation)","StSLib","SuperFastMode"],"gold_per_floor":[116,116,116,35,110,136,136,164,243,0,0,12,112,127,127,230,230,230,230,230],"floor_reached":19,"language":"ENG","playtime":199,"items_purged":[],"score":234,"play_id":"24540147-fee2-4479-b48e-710d5372b8f2","local_time":"20210125170015","is_ascension_mode":true,"campfire_choices":[{"data":"Rampage","floor":7,"key":"SMITH"},{"data":"Dropkick","floor":11,"key":"SMITH"},{"data":"Flame Barrier","floor":15,"key":"SMITH"}],"circlet_count":0,"master_deck":["Strike_R+1","Strike_R","Strike_R","Strike_R","Strike_R","Defend_R","Defend_R","Defend_R","Defend_R","Bash+1","Dropkick+1","Rampage+1","Ghostly Armor","Flame Barrier+1","Reaper"],"relics":["Black Blood","NeowsBlessing","Strawberry","Regal Pillow","Mummified Hand"],"acts_visited":["Exordium","TheCity"],"potions_floor_usage":[16,18],"damage_taken":[{"damage":0,"enemies":"Small Slimes","floor":1,"turns":1},{"damage":0,"enemies":"Gremlin Nob","floor":6,"turns":1},{"damage":0,"enemies":"3 Sentries","floor":8,"turns":2},{"damage":1,"enemies":"Jaw Worm","floor":12,"turns":2},{"damage":6,"enemies":"Cultist","floor":14,"turns":4},{"damage":65,"enemies":"Hexaghost","floor":16,"turns":10},{"damage":0,"enemies":"2 Thieves","floor":18,"turns":1},{"damage":29,"enemies":"Masked Bandits","floor":19,"turns":3}],"seed_played":"8366102400656516298","potions_obtained":[{"floor":6,"key":"SmokeBomb"},{"floor":14,"key":"DistilledChaos"}],"is_trial":false,"path_per_floor":["M","?","?","$","?","E","R","E","T","$","R","M","?","M","R","B",null,"M","?"],"character_chosen":"IRONCLAD","items_purchased":["Rampage","Mummified Hand"],"campfire_rested":0,"item_purchase_floors":[4,10],"current_hp_per_floor":[80,80,64,64,53,66,66,72,72,72,72,77,77,77,77,18,87,87,58,58],"gold":230,"neow_bonus":"THREE_ENEMY_KILL","is_daily":false,"chose_seed":false,"campfire_upgraded":3,"win_rate":0.0,"timestamp":1611601215,"path_taken":["M","?","?","$","?","E","R","E","T","?","R","?","?","M","R","BOSS","M","?"],"items_purchased_type":["Card","Relic"],"build_version":"2020-12-22","purchased_purges":0,"victory":false,"max_hp_per_floor":[80,80,80,80,80,87,87,87,87,87,87,87,87,87,87,87,87,87,87,87],"card_choices":[{"not_picked":["Wild Strike","Havoc"],"picked":"Dropkick","floor":1},{"not_picked":["Armaments","Thunderclap","Sword Boomerang"],"picked":"SKIP","floor":6},{"not_picked":["Heavy Blade","Dual Wield"],"picked":"Ghostly Armor","floor":8},{"not_picked":["Rupture","Reckless Charge"],"picked":"Flame Barrier","floor":12},{"not_picked":["Wild Strike","Thunderclap","Dual Wield"],"picked":"SKIP","floor":14},{"not_picked":["Juggernaut","Barricade"],"picked":"Reaper","floor":16}],"player_experience":248033,"relics_obtained":[{"floor":6,"key":"Strawberry"},{"floor":8,"key":"Regal Pillow"}],"event_choices":[{"damage_healed":0,"gold_gain":0,"player_choice":"Ignored","damage_taken":0,"max_hp_gain":0,"max_hp_loss":0,"event_name":"Golden Wing","floor":2,"gold_loss":0},{"damage_healed":0,"gold_gain":0,"player_choice":"Entered Light","damage_taken":16,"max_hp_gain":0,"max_hp_loss":0,"event_name":"Shining Light","floor":3,"gold_loss":0,"cards_upgraded":["Bash","Strike_R"]},{"damage_healed":0,"gold_gain":75,"player_choice":"Gather Gold","damage_taken":11,"max_hp_gain":0,"max_hp_loss":0,"event_name":"World of Goop","floor":5,"gold_loss":0},{"damage_healed":0,"gold_gain":100,"player_choice":"Gold","damage_taken":0,"max_hp_gain":0,"max_hp_loss":0,"event_name":"Wheel of Change","floor":13,"gold_loss":0},{"damage_healed":0,"gold_gain":0,"player_choice":"Fought Bandits","damage_taken":0,"max_hp_gain":0,"max_hp_loss":0,"event_name":"Masked Bandits","floor":19,"gold_loss":0}],"is_beta":false,"boss_relics":[{"not_picked":["Runic Dome","Calling Bell"],"picked":"Black Blood"}],"items_purged_floors":[],"is_endless":false,"potions_floor_spawned":[6,14],"killed_by":"Masked Bandits","ascension_level":1}}