{"host":"h1qktzcccqnez8tx","time":1611619124,"event":{"mods":["AchievementEnabler","BaseMod","Bestiary","Better Note","Block Reminder","Colored Map","Colored Powertips","Curses Come First","Highlight Path","Minty Spire (QoL Compilation)","Permanent Neow","Quick Restart","Relic Stats","StSLib","UnlockEverythingMod"],"gold_per_floor":[110,124,137,137,148,182,182,25,99,134,154,168,180,199,199,304,304,315,22,22,22,42,69,69,85,85,85,115,135,35,55,55,152,152,168,185,199,74,74,74,100,0,0,0,47,65,82,82,82,82,82],"floor_reached":50,"language":"ENG","playtime":3756,"items_purged":["MentalFortress","Flex","Nirvana"],"score":601,"play_id":"c037ee5b-ea5a-4f59-94c1-228ca98f5677","local_time":"20210126005844","daily_mods":["Draft","Purple Cards"],"is_ascension_mode":false,"campfire_choices":[{"data":"Crescendo","floor":7,"key":"SMITH"},{"data":"SashWhip","floor":15,"key":"SMITH"},{"data":"Consecrate","floor":24,"key":"SMITH"},{"data":"Crescendo","floor":32,"key":"SMITH"},{"data":"Rage","floor":44,"key":"SMITH"},{"floor":49,"key":"REST"}],"circlet_count":0,"master_deck":["Pommel Strike+1","Consecrate+1","FollowUp+1","CrushJoints+1","EmptyBody+1","Warcry+1","FlyingSleeves+1","Ghostly Armor+1","ThirdEye+1","Crescendo+1","FlurryOfBlows+1","Meditate+1","Consecrate+1","Spot Weakness+1","CutThroughFate+1","DeusExMachina+1","SashWhip+1","Reaper+1","Weave+1","Rage+1","Wallop+1","Halt+1","Weave+1","FlurryOfBlows+1","Crescendo+1","FollowUp+1","ThirdEye+1","Halt+1","WheelKick+1","Shrug It Off+1"],"relics":["Burning Blood","Pocketwatch","Bronze Scales","Blue Candle","Dream Catcher","Sozu","Akabeko","Turnip","Anchor","MutagenicStrength","Bag of Preparation","Runic Pyramid","CaptainsWheel","Red Mask","StrikeDummy","Peace Pipe","Mark of the Bloom"],"acts_visited":["Exordium","TheCity","TheBeyond"],"potions_floor_usage":[23,50,50],"damage_taken":[{"damage":1,"enemies":"2 Louse","floor":1,"turns":2},{"damage":0,"enemies":"Cultist","floor":2,"turns":2},{"damage":0,"enemies":"Small Slimes","floor":3,"turns":2},{"damage":0,"enemies":"Gremlin Gang","floor":5,"turns":2},{"damage":14,"enemies":"Gremlin Nob","floor":6,"turns":3},{"damage":0,"enemies":"3 Sentries","floor":10,"turns":2},{"damage":13,"enemies":"3 Louse","floor":11,"turns":2},{"damage":0,"enemies":"2 Fungi Beasts","floor":12,"turns":2},{"damage":0,"enemies":"Blue Slaver","floor":13,"turns":2},{"damage":3,"enemies":"Looter","floor":14,"turns":3},{"damage":0,"enemies":"Slime Boss","floor":16,"turns":5},{"damage":10,"enemies":"Spheric Guardian","floor":18,"turns":3},{"damage":3,"enemies":"Shell Parasite","floor":22,"turns":3},{"damage":4,"enemies":"Slavers","floor":23,"turns":4},{"damage":0,"enemies":"Sentry and Sphere","floor":25,"turns":3},{"damage":12,"enemies":"Book of Stabbing","floor":28,"turns":4},{"damage":15,"enemies":"Snecko","floor":29,"turns":3},{"damage":0,"enemies":"3 Cultists","floor":31,"turns":2},{"damage":53,"enemies":"Champ","floor":33,"turns":8},{"damage":18,"enemies":"3 Shapes","floor":35,"turns":3},{"damage":2,"enemies":"3 Darklings","floor":36,"turns":3},{"damage":16,"enemies":"Sphere and 2 Shapes","floor":37,"turns":4},{"damage":2,"enemies":"Nemesis","floor":41,"turns":3},{"damage":26,"enemies":"2 Orb Walkers","floor":45,"turns":3},{"damage":0,"enemies":"Maw","floor":46,"turns":6},{"damage":20,"enemies":"Writhing Mass","floor":47,"turns":6},{"damage":55,"enemies":"Donu and Deca","floor":50,"turns":4}],"seed_played":"-3680529468771278282","potions_obtained":[{"floor":2,"key":"ElixirPotion"},{"floor":6,"key":"LiquidBronze"},{"floor":10,"key":"ColorlessPotion"},{"floor":11,"key":"Regen Potion"}],"is_trial":true,"path_per_floor":["M","M","M","?","M","E","R","$","T","E","M","M","M","M","R","B",null,"M","$","?","$","M","E","R","M","T","?","E","M","$","M","R","B",null,"M","M","M","$","?","$","E","?","T","R","?","M","M","?","R","B"],"character_chosen":"IRONCLAD","items_purchased":["Bronze Scales","Wallop","Akabeko"],"campfire_rested":1,"item_purchase_floors":[8,19,19],"current_hp_per_floor":[80,80,80,80,80,72,72,72,72,78,71,77,80,80,80,80,80,76,76,76,76,80,80,80,80,80,80,80,71,71,77,77,38,80,80,80,77,77,76,76,76,76,76,76,56,68,54,54,54,0,0],"gold":82,"neow_bonus":"","is_daily":false,"chose_seed":false,"campfire_upgraded":5,"win_rate":0.0,"timestamp":1611619124,"path_taken":["M","M","M","?","M","E","R","$","T","E","M","M","M","?","R","BOSS","M","$","?","$","?","E","R","M","T","?","E","M","$","M","R","BOSS","M","M","M","$","?","$","E","?","T","R","?","M","M","?","R","BOSS"],"items_purchased_type":["Relic","Card","Relic"],"build_version":"2020-12-22","purchased_purges":3,"victory":false,"max_hp_per_floor":[80,80,80,80,80,80,80,80,80,80,80,80,80,80,80,80,80,80,80,80,80,80,80,80,80,80,80,80,80,80,80,80,80,80,80,80,80,80,76,76,76,76,76,76,76,76,76,76,76,76,76],"relic_stats":{"Sozu":5,"Peace Pipe":1,"Dream Catcher":1,"Mark of the Bloom":49,"counters":[27,89],"Bronze Scales":[152],"Blue Candle":[0],"Turnip":[15],"Bag of Preparation":[25],"obtain_stats":[{"Mark of the Bloom":48,"Blue Candle":9,"Bag of Preparation":28,"Burning Blood":0,"Akabeko":19,"Sozu":17,"Peace Pipe":45,"Dream Catcher":10,"Anchor":26,"CaptainsWheel":41,"Bronze Scales":8,"MutagenicStrength":27,"Turnip":23,"Red Mask":42,"StrikeDummy":43,"Pocketwatch":6,"Runic Pyramid":34},{"Mark of the Bloom":26,"Blue Candle":5,"Bag of Preparation":16,"Burning Blood":0,"Akabeko":12,"Sozu":11,"Peace Pipe":24,"Dream Catcher":6,"Anchor":15,"CaptainsWheel":23,"Bronze Scales":5,"MutagenicStrength":15,"Turnip":14,"Red Mask":23,"StrikeDummy":23,"Pocketwatch":5,"Runic Pyramid":19},{"Mark of the Bloom":85,"Blue Candle":11,"Bag of Preparation":44,"Burning Blood":0,"Akabeko":30,"Sozu":27,"Peace Pipe":73,"Dream Catcher":13,"Anchor":40,"CaptainsWheel":70,"Bronze Scales":11,"MutagenicStrength":40,"Turnip":37,"Red Mask":70,"StrikeDummy":70,"Pocketwatch":11,"Runic Pyramid":57}],"Burning Blood":95,"Pocketwatch":[2]},"card_choices":[{"not_picked":["Swivel","Halt"],"picked":"Pommel Strike","floor":0},{"not_picked":["Wild Strike","Evaluate"],"picked":"Consecrate","floor":0},{"not_picked":["Prostrate","Flex"],"picked":"FollowUp","floor":0},{"not_picked":["Crescendo","Metallicize"],"picked":"CrushJoints","floor":0},{"not_picked":["ThirdEye","CrushJoints"],"picked":"EmptyBody","floor":0},{"not_picked":["Perfected Strike","Dark Embrace"],"picked":"MentalFortress","floor":0},{"not_picked":["Weave","Perfected Strike"],"picked":"Warcry","floor":0},{"not_picked":["Twin Strike","SandsOfTime"],"picked":"FlyingSleeves","floor":0},{"not_picked":["ReachHeaven","Wild Strike"],"picked":"Ghostly Armor","floor":0},{"not_picked":["Iron Wave","Body Slam"],"picked":"Clash","floor":0},{"not_picked":["Reckless Charge","Infernal Blade"],"picked":"ThirdEye","floor":0},{"not_picked":["FlurryOfBlows","Flex"],"picked":"Crescendo","floor":0},{"not_picked":["Armaments","Dropkick"],"picked":"Flex","floor":0},{"not_picked":["Evaluate","MentalFortress"],"picked":"FlurryOfBlows","floor":0},{"not_picked":["Searing Blow","Body Slam"],"picked":"Meditate","floor":0},{"not_picked":["ThirdEye","Evaluate"],"picked":"Consecrate","floor":1},{"not_picked":["Evaluate","Prostrate"],"picked":"Spot Weakness","floor":2},{"not_picked":["Clothesline","Brutality"],"picked":"CutThroughFate","floor":3},{"not_picked":["Heavy Blade","Clash","WreathOfFlame"],"picked":"SKIP","floor":5},{"not_picked":["EmptyBody","Rampage"],"picked":"SashWhip","floor":6},{"not_picked":["Collect","Perfected Strike"],"picked":"Reaper","floor":10},{"not_picked":["Armaments","Twin Strike","Dual Wield"],"picked":"SKIP","floor":11},{"not_picked":["Feel No Pain","Evolve","Anger"],"picked":"SKIP","floor":12},{"not_picked":["SashWhip","Headbutt"],"picked":"Weave","floor":13},{"not_picked":["Wild Strike","Anger","Seeing Red"],"picked":"SKIP","floor":14},{"not_picked":["Crescendo","Inflame"],"picked":"Rage","floor":18},{"not_picked":["Wild Strike","Warcry"],"picked":"Halt+1","floor":22},{"not_picked":["Sentinel+1","Evaluate"],"picked":"Weave","floor":23},{"not_picked":["Reckless Charge","Spot Weakness"],"picked":"FlurryOfBlows","floor":25},{"not_picked":["Shrug It Off","Limit Break","Thunderclap"],"picked":"SKIP","floor":28},{"not_picked":["Dark Embrace","Clash"],"picked":"Nirvana","floor":29},{"not_picked":["Study","Armaments"],"picked":"Crescendo","floor":31},{"not_picked":["True Grit+1","Armaments+1"],"picked":"FollowUp+1","floor":35},{"not_picked":["Clash+1","Rampage+1"],"picked":"ThirdEye+1","floor":36},{"not_picked":["BowlingBash","Cleave+1"],"picked":"Halt+1","floor":37},{"not_picked":["Body Slam","MasterReality","EmptyBody"],"picked":"SKIP","floor":41},{"not_picked":["Evaluate","Sentinel","Thunderclap+1"],"picked":"SKIP","floor":46},{"not_picked":["Halt","Anger"],"picked":"WheelKick+1","floor":47},{"not_picked":["Corruption","Clash"],"picked":"Shrug It Off+1","floor":49}],"player_experience":164484,"relics_obtained":[{"floor":6,"key":"Pocketwatch"},{"floor":9,"key":"Blue Candle"},{"floor":10,"key":"Dream Catcher"},{"floor":23,"key":"Turnip"},{"floor":26,"key":"Anchor"},{"floor":28,"key":"Bag of Preparation"},{"floor":41,"key":"CaptainsWheel"},{"floor":43,"key":"StrikeDummy"},{"floor":45,"key":"Peace Pipe"}],"event_choices":[{"damage_healed":0,"gold_gain":0,"cards_transformed":["Clash"],"player_choice":"Transformed","damage_taken":0,"max_hp_gain":0,"max_hp_loss":0,"event_name":"Transmorgrifier","floor":4,"gold_loss":0,"cards_obtained":["DeusExMachina"]},{"cards_removed":["DeusExMachina"],"damage_healed":0,"gold_gain":0,"player_choice":"Give","damage_taken":0,"max_hp_gain":0,"max_hp_loss":0,"event_name":"betterNote:BetterNote","floor":20,"gold_loss":0,"cards_obtained":["Clothesline"]},{"damage_healed":0,"gold_gain":0,"player_choice":"Inject Mutagens","damage_taken":0,"relics_obtained":["MutagenicStrength"],"max_hp_gain":0,"max_hp_loss":0,"event_name":"Drug Dealer","floor":27,"gold_loss":0},{"damage_healed":0,"gold_gain":0,"player_choice":"Max HP","damage_taken":0,"max_hp_gain":0,"max_hp_loss":4,"event_name":"Winding Halls","floor":39,"gold_loss":0},{"damage_healed":0,"gold_gain":0,"player_choice":"Paid","damage_taken":0,"relics_obtained":["Red Mask"],"max_hp_gain":0,"max_hp_loss":0,"event_name":"Tomb of Lord Red Mask","floor":42,"gold_loss":100},{"damage_healed":0,"gold_gain":0,"player_choice":"Fight","damage_taken":0,"max_hp_gain":0,"max_hp_loss":0,"event_name":"Mysterious Sphere","floor":45,"gold_loss":0},{"damage_healed":0,"gold_gain":0,"player_choice":"Upgrade","damage_taken":0,"relics_obtained":["Mark of the Bloom"],"max_hp_gain":0,"max_hp_loss":0,"event_name":"MindBloom","floor":48,"gold_loss":0,"cards_upgraded":["Pommel Strike","FollowUp","CrushJoints","EmptyBody","Warcry","FlyingSleeves","Ghostly Armor","ThirdEye","FlurryOfBlows","Meditate","Consecrate","Spot Weakness","CutThroughFate","DeusExMachina","Reaper","Weave","Wallop","Weave","FlurryOfBlows"]}],"is_beta":false,"boss_relics":[{"not_picked":["Runic Cube","Velvet Choker"],"picked":"Sozu"},{"not_picked":["Cursed Key","Fusion Hammer"],"picked":"Runic Pyramid"}],"items_purged_floors":[19,30,38],"is_endless":false,"potions_floor_spawned":[2,6,10,11,13,16,22,28,29,35,45],"killed_by":"Donu and Deca","ascension_level":0}}