{"host":"3h5qf14xt40jhha0","time":1611539666,"event":{"mods":["AlwaysNeverKeys","BaseMod","Colored Powertips","Minty Spire (QoL Compilation)","Permanent Neow","Relic Stats","StSLib"],"gold_per_floor":[109,121,131,69,69,98,113,179,179,204,232,232,261,13,13,90,90,104,114,27,44,44,44,73,73,73,73,16,16,16],"floor_reached":29,"language":"ENG","playtime":1451,"items_purged":["Strike_G"],"score":518,"play_id":"fdbe37df-12d0-45eb-a679-b32abb4fdd66","local_time":"20210124205426","is_ascension_mode":true,"campfire_choices":[{"data":"Tools of the Trade","floor":12.0,"key":"SMITH"},{"data":"Eviscerate","floor":15.0,"key":"SMITH"},{"data":"Tools of the Trade","floor":23.0,"key":"SMITH"}],"circlet_count":0,"master_deck":["AscendersBane","Defend_G","Defend_G","Defend_G","Defend_G","Survivor","Neutralize","Sucker Punch","Underhanded Strike","Eviscerate+1","Tools of the Trade+1","Predator","Grand Finale","Backflip","Quick Slash+1","Tools of the Trade+1","Terror","PiercingWail","Reflex","Dodge and Roll+1","Prepared","PiercingWail","Doppelganger"],"relics":["Coffee Dripper","Gremlin Horn","Molten Egg 2","Orichalcum","Blue Candle","Lantern","Lee\u0027s Waffle","Empty Cage","Juzu Bracelet","Mercury Hourglass","Mummified Hand"],"acts_visited":["Exordium","TheCity"],"potions_floor_usage":[29],"damage_taken":[{"damage":4.0,"enemies":"Small Slimes","floor":1.0,"turns":5.0},{"damage":2.0,"enemies":"Jaw Worm","floor":2.0,"turns":6.0},{"damage":1.0,"enemies":"Cultist","floor":3.0,"turns":3.0},{"damage":32.0,"enemies":"3 Sentries","floor":6.0,"turns":8.0},{"damage":3.0,"enemies":"Exordium Thugs","floor":7.0,"turns":5.0},{"damage":12.0,"enemies":"Gremlin Nob","floor":11.0,"turns":4.0},{"damage":4.0,"enemies":"3 Sentries","floor":13.0,"turns":3.0},{"damage":7.0,"enemies":"Slime Boss","floor":16.0,"turns":8.0},{"damage":9.0,"enemies":"Shell Parasite","floor":18.0,"turns":3.0},{"damage":2.0,"enemies":"3 Byrds","floor":19.0,"turns":5.0},{"damage":13.0,"enemies":"Snecko","floor":21.0,"turns":5.0},{"damage":23.0,"enemies":"Slavers","floor":24.0,"turns":9.0},{"damage":3,"enemies":"Book of Stabbing","floor":29,"turns":4}],"seed_played":"7207719129637513153","potions_obtained":[{"floor":1.0,"key":"ColorlessPotion"},{"floor":7.0,"key":"ColorlessPotion"},{"floor":13.0,"key":"GamblersBrew"},{"floor":16.0,"key":"Poison Potion"},{"floor":18.0,"key":"GamblersBrew"},{"floor":21.0,"key":"SpeedPotion"}],"is_trial":false,"path_per_floor":["M","M","M","?","?","E","M","?","T","T","E","R","E","$","R","B",null,"M","M","$","M","?","R","E","?","T","T","$","E"],"character_chosen":"THE_SILENT","items_purchased":["Lee\u0027s Waffle","Reflex","BlessingOfTheForge"],"campfire_rested":0,"item_purchase_floors":[14,20,28],"current_hp_per_floor":[55,53,52,52,52,20,17,17,17,17,5,5,1,73,73,66,71,62,60,60,47,26,26,3,3,3,3,3,0,0],"gold":16,"neow_bonus":"BOSS_RELIC","is_daily":false,"chose_seed":false,"campfire_upgraded":3,"win_rate":0.0,"timestamp":1611539666,"path_taken":["M","M","M","?","?","E","?","?","T","?","E","R","E","?","R","BOSS","M","?","$","M","?","R","E","?","T","?","?","E"],"items_purchased_type":["Relic","Card","Potion"],"build_version":"2020-12-22","purchased_purges":1,"victory":false,"max_hp_per_floor":[66,66,66,66,66,66,66,66,66,66,66,66,66,73,73,73,73,73,73,73,73,78,78,78,78,78,78,78,78,78],"relic_stats":{"Lee\u0027s Waffle":72,"Gremlin Horn":[9,9],"counters":[13,68],"Mummified Hand":[2],"Blue Candle":[0],"Juzu Bracelet":0,"Orichalcum":[72],"obtain_stats":[{"Lantern":13,"Lee\u0027s Waffle":14,"Gremlin Horn":6,"Mummified Hand":27,"Blue Candle":11,"Molten Egg 2":9,"Coffee Dripper":0,"Juzu Bracelet":24,"Orichalcum":10,"Empty Cage":17,"Ring of the Snake":0,"Mercury Hourglass":26},{"Lantern":7,"Lee\u0027s Waffle":7,"Gremlin Horn":4,"Mummified Hand":12,"Blue Candle":6,"Molten Egg 2":5,"Coffee Dripper":0,"Juzu Bracelet":12,"Orichalcum":5,"Empty Cage":8,"Ring of the Snake":0,"Mercury Hourglass":12},{"Lantern":34,"Lee\u0027s Waffle":34,"Gremlin Horn":22,"Mummified Hand":64,"Blue Candle":31,"Molten Egg 2":27,"Coffee Dripper":0,"Juzu Bracelet":64,"Orichalcum":27,"Empty Cage":42,"Ring of the Snake":0,"Mercury Hourglass":64}],"Mercury Hourglass":[12]},"card_choices":[{"not_picked":["Escape Plan","Well Laid Plans"],"picked":"Sucker Punch","floor":1.0},{"not_picked":["Flying Knee","Cloak And Dagger"],"picked":"Underhanded Strike","floor":2.0},{"not_picked":["Endless Agony","Noxious Fumes"],"picked":"Eviscerate","floor":3.0},{"not_picked":["Backflip","Flechettes"],"picked":"Predator","floor":6.0},{"not_picked":["Dagger Spray","Masterful Stab"],"picked":"Grand Finale","floor":7.0},{"not_picked":["Dodge and Roll","Bane+1"],"picked":"Backflip","floor":11.0},{"not_picked":["Poisoned Stab+1","Distraction"],"picked":"Quick Slash+1","floor":13.0},{"not_picked":["Night Terror","Storm of Steel"],"picked":"Tools of the Trade","floor":16.0},{"not_picked":["Escape Plan","Riddle With Holes+1"],"picked":"Terror","floor":18.0},{"not_picked":["Sucker Punch+1","Prepared"],"picked":"PiercingWail","floor":19.0},{"not_picked":["Finisher+1","All Out Attack+1"],"picked":"Dodge and Roll+1","floor":21.0},{"not_picked":["Dash+1","Crippling Poison+1"],"picked":"Prepared","floor":24.0}],"player_experience":1385067,"relics_obtained":[{"floor":6.0,"key":"Gremlin Horn"},{"floor":9.0,"key":"Molten Egg 2"},{"floor":10.0,"key":"Orichalcum"},{"floor":11.0,"key":"Blue Candle"},{"floor":13.0,"key":"Lantern"},{"floor":24.0,"key":"Juzu Bracelet"},{"floor":26.0,"key":"Mercury Hourglass"},{"floor":27.0,"key":"Mummified Hand"}],"event_choices":[{"damage_healed":0.0,"max_hp_gain":0.0,"max_hp_loss":0.0,"gold_gain":0.0,"event_name":"World of Goop","player_choice":"Left Gold","floor":4.0,"gold_loss":62.0,"damage_taken":0.0},{"damage_healed":0.0,"max_hp_gain":0.0,"max_hp_loss":0.0,"gold_gain":0.0,"cards_transformed":["Strike_G"],"event_name":"Living Wall","player_choice":"Change","floor":5.0,"gold_loss":0.0,"damage_taken":0.0,"cards_obtained":["Tools of the Trade"]},{"damage_healed":0.0,"max_hp_gain":0.0,"max_hp_loss":0.0,"gold_gain":66.0,"event_name":"Golden Wing","player_choice":"Gained Gold","floor":8.0,"gold_loss":0.0,"damage_taken":0.0},{"damage_healed":0.0,"max_hp_gain":5.0,"max_hp_loss":0.0,"gold_gain":0.0,"event_name":"Forgotten Altar","player_choice":"Shed Blood","floor":22.0,"gold_loss":0.0,"damage_taken":26.0},{"damage_healed":0.0,"max_hp_gain":0.0,"max_hp_loss":0.0,"gold_gain":0.0,"cards_transformed":["Strike_G","Defend_G"],"event_name":"Drug Dealer","player_choice":"Became Test Subject","floor":25.0,"gold_loss":0.0,"damage_taken":0.0,"cards_obtained":["PiercingWail","Doppelganger"]}],"is_beta":false,"boss_relics":[{"not_picked":["Cursed Key","Sozu"],"picked":"Empty Cage"}],"items_purged_floors":[14],"is_endless":false,"potions_floor_spawned":[1,7,13,16,18,21],"killed_by":"Book of Stabbing","ascension_level":20}}