{"host":"jegehu1t82aiec5j","time":1611588593,"event":{"mods":["BaseMod","Colored Map","Minty Spire (QoL Compilation)","Relic Stats","StSLib"],"gold_per_floor":[159,171,17,17,27,27,55,55,126,126,126,126,126,138,138,216,216,233,148,148,11,28,28,28,28],"floor_reached":24,"language":"ENG","playtime":446,"items_purged":["Strike_B","Meteor Strike"],"score":365,"play_id":"ae039db5-b619-4e8a-bee1-3b74822c837b","local_time":"20210125102953","is_ascension_mode":true,"campfire_choices":[{"data":"Defragment","floor":6,"key":"SMITH"},{"data":"Consume","floor":8,"key":"SMITH"},{"data":"Conserve Battery","floor":11,"key":"SMITH"},{"data":"Sweeping Beam","floor":13,"key":"SMITH"},{"floor":15,"key":"REST"},{"floor":23,"key":"REST"}],"circlet_count":0,"master_deck":["AscendersBane","Strike_B+1","Defend_B","Defend_B","Defend_B+1","Zap","Dualcast","Conserve Battery+1","Ball Lightning+1","Consume+1","Defragment+1","Sweeping Beam+1","Electrodynamics","Amplify","Rip and Tear","Self Repair","Reinforced Body"],"relics":["WarpedTongs","Tiny House","Whetstone","Matryoshka","Philosopher\u0027s Stone","Strawberry"],"acts_visited":["Exordium","TheCity"],"potions_floor_usage":[7,22,24],"damage_taken":[{"damage":5,"enemies":"2 Louse","floor":1,"turns":3},{"damage":0,"enemies":"Small Slimes","floor":2,"turns":3},{"damage":0,"enemies":"Cultist","floor":5,"turns":3},{"damage":44,"enemies":"Gremlin Nob","floor":7,"turns":4},{"damage":2,"enemies":"Exordium Wildlife","floor":14,"turns":3},{"damage":30,"enemies":"Slime Boss","floor":16,"turns":5},{"damage":32,"enemies":"Shell Parasite","floor":18,"turns":5},{"damage":20,"enemies":"Chosen","floor":22,"turns":4},{"damage":42,"enemies":"Book of Stabbing","floor":24,"turns":4}],"seed_played":"-5846531911577079762","potions_obtained":[{"floor":0,"key":"GamblersBrew"},{"floor":1,"key":"GamblersBrew"},{"floor":5,"key":"LiquidBronze"},{"floor":22,"key":"LiquidBronze"}],"is_trial":false,"path_per_floor":["M","M","$","?","M","R","E","R","T","?","R","?","R","M","R","B",null,"M","?","?","$","M","R","E"],"character_chosen":"DEFECT","items_purchased":["Defragment","Self Repair"],"campfire_rested":2,"item_purchase_floors":[3,21],"current_hp_per_floor":[64,64,64,64,64,64,20,20,20,20,20,20,20,18,40,10,60,28,35,35,35,15,39,0,0],"gold":28,"neow_bonus":"BOSS_RELIC","is_daily":false,"chose_seed":false,"campfire_upgraded":4,"win_rate":0.0,"timestamp":1611588593,"path_taken":["M","M","$","?","M","R","E","R","T","?","R","?","R","M","R","BOSS","M","?","?","$","M","R","E"],"items_purchased_type":["Card","Card"],"build_version":"2020-12-22","purchased_purges":2,"victory":false,"max_hp_per_floor":[76,76,76,76,76,76,76,76,76,76,76,76,76,76,76,76,76,76,83,83,83,83,83,83,83],"relic_stats":{"counters":[9,34],"Whetstone":["Strike_B","Ball Lightning"],"obtain_stats":[{"Tiny House":0,"Matryoshka":9,"Strawberry":19,"Philosopher\u0027s Stone":17,"Whetstone":7,"Cracked Core":0,"WarpedTongs":0},{"Tiny House":0,"Matryoshka":4,"Strawberry":7,"Philosopher\u0027s Stone":6,"Whetstone":4,"Cracked Core":0,"WarpedTongs":0},{"Tiny House":0,"Matryoshka":13,"Strawberry":26,"Philosopher\u0027s Stone":21,"Whetstone":13,"Cracked Core":0,"WarpedTongs":0}],"WarpedTongs":[32]},"card_choices":[{"not_picked":["Reinforced Body","Coolheaded"],"picked":"Conserve Battery","floor":0},{"not_picked":["Turbo","Genetic Algorithm"],"picked":"Ball Lightning","floor":1},{"not_picked":["Undo","Redo"],"picked":"Consume","floor":2},{"not_picked":["Leap","Reprogram","Skim"],"picked":"SKIP","floor":5},{"not_picked":["Gash","Hologram"],"picked":"Sweeping Beam","floor":7},{"not_picked":["Undo","Genetic Algorithm"],"picked":"Electrodynamics","floor":14},{"not_picked":["Rainbow","All For One"],"picked":"Amplify","floor":16},{"not_picked":["Sweeping Beam","Fusion","Barrage"],"picked":"SKIP","floor":18},{"not_picked":["Redo","Storm+1"],"picked":"Reinforced Body","floor":22}],"player_experience":2544681,"relics_obtained":[{"floor":7,"key":"Whetstone"},{"floor":9,"key":"Matryoshka"}],"event_choices":[{"damage_healed":0,"gold_gain":0,"player_choice":"Ignored","damage_taken":0,"max_hp_gain":0,"max_hp_loss":0,"event_name":"Liars Game","floor":4,"gold_loss":0},{"damage_healed":0,"gold_gain":0,"player_choice":"Ignored","damage_taken":0,"max_hp_gain":0,"max_hp_loss":0,"event_name":"Shining Light","floor":10,"gold_loss":0},{"cards_removed":["Strike_B"],"damage_healed":0,"gold_gain":0,"player_choice":"Purged","damage_taken":0,"max_hp_gain":0,"max_hp_loss":0,"event_name":"Purifier","floor":12,"gold_loss":0},{"damage_healed":0,"gold_gain":0,"player_choice":"Obtained Relic","damage_taken":0,"relics_obtained":["Strawberry"],"max_hp_gain":0,"max_hp_loss":0,"event_name":"Addict","floor":19,"gold_loss":85},{"damage_healed":0,"gold_gain":0,"cards_transformed":["Strike_B","Defend_B"],"player_choice":"Became Test Subject","damage_taken":0,"max_hp_gain":0,"max_hp_loss":0,"event_name":"Drug Dealer","floor":20,"gold_loss":0,"cards_obtained":["Meteor Strike","Rip and Tear"]}],"is_beta":false,"boss_relics":[{"not_picked":["Coffee Dripper","Empty Cage"],"picked":"Philosopher\u0027s Stone"}],"items_purged_floors":[3,21],"is_endless":false,"potions_floor_spawned":[1,5,22],"killed_by":"Book of Stabbing","ascension_level":18}}