{"host":"zekcc3vicrep0och","time":1611595278,"event":{"mods":["AchievementEnabler","BaseMod","Colored Map","Colored Powertips","Displayed Cursed Tome","Highlight Path","Minty Spire (QoL Compilation)","Quick Restart","Relic Stats","StSLib","The Cursed"],"gold_per_floor":[115,265,265,280,280,280,68,68,68,102,112,125,125,125,125,220,220,233,233,233,233],"floor_reached":20,"language":"ENG","playtime":746,"items_purged":["Doubt"],"score":332,"play_id":"6a9dc507-cfb2-444e-bbd8-ccb4de83010f","local_time":"20210125202118","is_ascension_mode":true,"campfire_choices":[{"data":"Uppercut","floor":6.0,"key":"SMITH"},{"data":"Metallicize","floor":13.0,"key":"SMITH"},{"data":"Bash","floor":15.0,"key":"SMITH"}],"circlet_count":0,"master_deck":["AscendersBane","Strike_R","Strike_R","Strike_R","Defend_R","Defend_R","Defend_R","Defend_R","Bash+1","Brutality","Spot Weakness","Iron Wave","Uppercut+1","Shrug It Off","Flame Barrier","Battle Trance","Metallicize+1","Reaper","Shrug It Off"],"relics":["Burning Blood","Gremlin Horn","Membership Card","HornCleat","Darkstone Periapt","Golden Idol","Black Star","Nilry\u0027s Codex"],"acts_visited":["Exordium","TheCity"],"potions_floor_usage":[20],"damage_taken":[{"damage":6.0,"enemies":"Jaw Worm","floor":1.0,"turns":6.0},{"damage":8.0,"enemies":"Small Slimes","floor":4.0,"turns":5.0},{"damage":10.0,"enemies":"Lagavulin","floor":10.0,"turns":5.0},{"damage":0.0,"enemies":"Cultist","floor":11.0,"turns":3.0},{"damage":0.0,"enemies":"3 Louse","floor":12.0,"turns":3.0},{"damage":23.0,"enemies":"The Guardian","floor":16.0,"turns":16.0},{"damage":7.0,"enemies":"Chosen","floor":18.0,"turns":7.0},{"damage":27,"enemies":"3 Byrds","floor":20,"turns":4}],"seed_played":"-7322230985664612320","potions_obtained":[{"floor":3.0,"key":"Energy Potion"},{"floor":3.0,"key":"EssenceOfSteel"},{"floor":10.0,"key":"Dexterity Potion"},{"floor":16.0,"key":"BlessingOfTheForge"}],"is_trial":false,"path_per_floor":["M","?","?","M","?","R","$","?","T","E","M","M","R","?","R","B",null,"M","?","M"],"character_chosen":"IRONCLAD","items_purchased":["Membership Card","Shrug It Off"],"campfire_rested":0,"item_purchase_floors":[7,7],"current_hp_per_floor":[68,68,68,66,61,61,61,61,61,57,63,68,68,45,45,28,58,57,36,18,18],"gold":233,"neow_bonus":"TRANSFORM_TWO_CARDS","is_daily":false,"chose_seed":false,"campfire_upgraded":3,"win_rate":0.0,"timestamp":1611595278,"path_taken":["M","?","?","?","?","R","$","?","T","E","M","M","R","?","R","BOSS","M","?","M"],"items_purchased_type":["Relic","Card"],"build_version":"2020-12-22","purchased_purges":1,"victory":false,"max_hp_per_floor":[68,68,68,68,68,68,68,68,68,68,68,68,68,68,68,68,68,68,68,68,68],"relic_stats":{"Darkstone Periapt":0,"Gremlin Horn":[2,2],"counters":[8,49],"Golden Idol":22,"Black Star":0,"obtain_stats":[{"Darkstone Periapt":10,"HornCleat":9,"Gremlin Horn":5,"Golden Idol":14,"Nilry\u0027s Codex":19,"Black Star":17,"Membership Card":7,"Burning Blood":0},{"Darkstone Periapt":3,"HornCleat":2,"Gremlin Horn":2,"Golden Idol":5,"Nilry\u0027s Codex":7,"Black Star":6,"Membership Card":2,"Burning Blood":0},{"Darkstone Periapt":16,"HornCleat":11,"Gremlin Horn":11,"Golden Idol":22,"Nilry\u0027s Codex":45,"Black Star":38,"Membership Card":11,"Burning Blood":0}],"Burning Blood":41},"card_choices":[{"not_picked":["Havoc","Clash"],"picked":"Iron Wave","floor":1.0},{"not_picked":["Thunderclap","Burning Pact"],"picked":"Uppercut","floor":4.0},{"not_picked":["Second Wind","Havoc"],"picked":"Flame Barrier","floor":10.0},{"not_picked":["Spot Weakness","Feel No Pain"],"picked":"Battle Trance","floor":11.0},{"not_picked":["Flex","Ghostly Armor"],"picked":"Metallicize","floor":12.0},{"not_picked":["Demon Form","Juggernaut"],"picked":"Reaper","floor":16.0},{"not_picked":["Thunderclap","True Grit"],"picked":"Shrug It Off","floor":18.0}],"player_experience":555595,"relics_obtained":[{"floor":9.0,"key":"HornCleat"},{"floor":10.0,"key":"Darkstone Periapt"}],"event_choices":[{"damage_healed":0.0,"max_hp_gain":0.0,"max_hp_loss":0.0,"gold_gain":150.0,"event_name":"Liars Game","player_choice":"AGREE","floor":2.0,"gold_loss":0.0,"damage_taken":0.0,"cards_obtained":["Doubt"]},{"damage_healed":0.0,"max_hp_gain":0.0,"max_hp_loss":0.0,"gold_gain":0.0,"event_name":"Lab","player_choice":"Got Potions","floor":3.0,"gold_loss":0.0,"damage_taken":0.0},{"damage_healed":0.0,"max_hp_gain":0.0,"max_hp_loss":0.0,"gold_gain":0.0,"event_name":"Scrap Ooze","player_choice":"Success","floor":5.0,"gold_loss":0.0,"damage_taken":5.0,"relics_obtained":["Gremlin Horn"]},{"damage_healed":0.0,"max_hp_gain":0.0,"max_hp_loss":0.0,"gold_gain":0.0,"event_name":"The Cleric","player_choice":"Leave","floor":8.0,"gold_loss":0.0,"damage_taken":0.0},{"damage_healed":0.0,"max_hp_gain":0.0,"max_hp_loss":0.0,"gold_gain":0.0,"event_name":"Golden Idol","player_choice":"Take Damage","floor":14.0,"gold_loss":0.0,"damage_taken":23.0,"relics_obtained":["Golden Idol"]},{"damage_healed":0.0,"max_hp_gain":0.0,"max_hp_loss":0.0,"gold_gain":0.0,"event_name":"Cursed Tome","player_choice":"Obtained Book","floor":19.0,"gold_loss":0.0,"damage_taken":21.0}],"is_beta":false,"boss_relics":[{"not_picked":["Busted Crown","Runic Cube"],"picked":"Black Star"}],"items_purged_floors":[7],"is_endless":false,"potions_floor_spawned":[10,16],"killed_by":"3 Byrds","ascension_level":19}}