{"host":"yuoancq4cku3x8wq","time":1611592367,"event":{"mods":["AchievementEnabler","BaseMod","Minty Spire (QoL Compilation)","Quick Restart","StSLib","SuperFastMode"],"gold_per_floor":[117,117,137,187,202,235,235,235,235,249,85,85,121,139,139,227,227,249,249,275,285,38,38,367,367,367,398,398,429,447,463,463,550,550,569,581,581,581,224,224,258,272,272,312,326,358,368,402,402,402,402,402,402,89,118,118],"floor_reached":57,"language":"ZHS","playtime":1927,"items_purged":["Defend_P","Strike_P+1","Strike_P+1"],"score":3066,"play_id":"65ed47d9-ab38-4ad9-b54a-1ada8ad248e0","local_time":"20210126003247","is_ascension_mode":true,"campfire_choices":[{"data":"Eruption","floor":12.0,"key":"SMITH"},{"data":"Ragnarok","floor":15.0,"key":"SMITH"},{"data":"Wallop","floor":23.0,"key":"SMITH"},{"data":"TalkToTheHand","floor":25.0,"key":"SMITH"},{"data":"Tantrum","floor":32.0,"key":"SMITH"},{"floor":40.0,"key":"RECALL"},{"floor":49.0,"key":"REST"},{"floor":53.0,"key":"REST"}],"circlet_count":0,"master_deck":["AscendersBane","Defend_P+1","Eruption+1","Vigilance+1","FearNoEvil+1","Crescendo+1","Ragnarok+1","Wallop+1","Omniscience+1","LessonLearned+1","Tantrum+1","TalkToTheHand+1","Scrawl+1","DeusExMachina+1","Omniscience+1","Omniscience+1","Worship+1","TalkToTheHand+1"],"relics":["HolyWater","NeowsBlessing","Toxic Egg 2","Singing Bowl","CeramicFish","Membership Card","Centennial Puzzle","Old Coin","Ornamental Fan","Enchiridion","Unceasing Top","Snecko Eye","Gambling Chip","Eternal Feather","Incense Burner","Bird Faced Urn","Regal Pillow","CaptainsWheel","Ice Cream","Yang","Sling","StrikeDummy"],"acts_visited":["Exordium","TheCity","TheBeyond","TheEnding"],"potions_floor_usage":[],"damage_taken":[{"damage":0.0,"enemies":"Cultist","floor":1.0,"turns":1.0},{"damage":0.0,"enemies":"Small Slimes","floor":3.0,"turns":1.0},{"damage":0.0,"enemies":"2 Louse","floor":5.0,"turns":1.0},{"damage":7.0,"enemies":"Lagavulin","floor":6.0,"turns":5.0},{"damage":0.0,"enemies":"Looter","floor":10.0,"turns":1.0},{"damage":38.0,"enemies":"3 Sentries","floor":13.0,"turns":5.0},{"damage":0.0,"enemies":"3 Louse","floor":14.0,"turns":3.0},{"damage":8.0,"enemies":"Hexaghost","floor":16.0,"turns":7.0},{"damage":0.0,"enemies":"Spheric Guardian","floor":18.0,"turns":1.0},{"damage":0.0,"enemies":"Chosen","floor":20.0,"turns":2.0},{"damage":3.0,"enemies":"Snecko","floor":21.0,"turns":3.0},{"damage":2.0,"enemies":"Gremlin Leader","floor":24.0,"turns":6.0},{"damage":14.0,"enemies":"Slavers","floor":27.0,"turns":5.0},{"damage":0.0,"enemies":"Gremlin Leader","floor":29.0,"turns":3.0},{"damage":0.0,"enemies":"Shelled Parasite and Fungi","floor":31.0,"turns":1.0},{"damage":15.0,"enemies":"Champ","floor":33.0,"turns":4.0},{"damage":0.0,"enemies":"3 Darklings","floor":35.0,"turns":2.0},{"damage":0.0,"enemies":"3 Shapes","floor":36.0,"turns":3.0},{"damage":0.0,"enemies":"Giant Head","floor":41.0,"turns":4.0},{"damage":0.0,"enemies":"Sphere and 2 Shapes","floor":42.0,"turns":1.0},{"damage":0.0,"enemies":"Reptomancer","floor":44.0,"turns":1.0},{"damage":0.0,"enemies":"Spire Growth","floor":45.0,"turns":1.0},{"damage":0.0,"enemies":"Nemesis","floor":46.0,"turns":1.0},{"damage":0.0,"enemies":"Writhing Mass","floor":47.0,"turns":3.0},{"damage":0.0,"enemies":"Mind Bloom Boss Battle","floor":48.0,"turns":1.0},{"damage":10.0,"enemies":"Awakened One","floor":50.0,"turns":9.0},{"damage":15.0,"enemies":"Time Eater","floor":51.0,"turns":5.0},{"damage":0.0,"enemies":"Shield and Spear","floor":55.0,"turns":1.0},{"damage":22,"enemies":"The Heart","floor":56,"turns":8}],"seed_played":"1965494811731875383","potions_obtained":[{"floor":1.0,"key":"Energy Potion"},{"floor":5.0,"key":"DistilledChaos"},{"floor":13.0,"key":"SneckoOil"},{"floor":19.0,"key":"FairyPotion"},{"floor":20.0,"key":"StancePotion"},{"floor":31.0,"key":"LiquidMemories"},{"floor":33.0,"key":"SteroidPotion"},{"floor":55.0,"key":"FairyPotion"}],"is_trial":false,"path_per_floor":["M","?","M","?","M","E","?","?","T","M","$","R","E","M","R","B",null,"M","?","M","M","$","R","E","R","T","E","?","E","?","M","R","B",null,"M","M","?","?","$","R","E","M","T","E","M","E","M","?","R","B","B",null,"R","$","E","B",null],"character_chosen":"WATCHER","items_purchased":["Wallop","Membership Card","Centennial Puzzle","Gambling Chip","Eternal Feather","TalkToTheHand","Yang","Sling"],"campfire_rested":2,"item_purchase_floors":[11,22,22,39,39,54,54,54],"current_hp_per_floor":[61,54,54,54,54,47,47,47,47,49,49,49,11,13,13,5,55,55,55,55,54,54,54,54,54,54,42,21,23,23,25,25,10,64,66,68,68,68,68,77,79,81,81,83,87,91,95,96,96,86,73,90,96,96,98,78],"gold":118,"neow_bonus":"THREE_ENEMY_KILL","is_daily":false,"chose_seed":false,"campfire_upgraded":5,"win_rate":0.0,"timestamp":1611592367,"path_taken":["M","?","M","?","?","E","?","?","T","M","$","R","E","M","R","BOSS","M","?","M","?","$","R","E","R","T","E","?","E","?","M","R","BOSS","M","M","?","?","$","R","E","M","T","E","M","E","M","?","R","BOSS","BOSS","R","$","E","BOSS"],"items_purchased_type":["Card","Relic","Relic","Relic","Relic","Card","Relic","Relic"],"build_version":"2020-12-22","purchased_purges":3,"victory":true,"max_hp_per_floor":[68,68,68,68,68,68,68,68,68,70,70,70,70,72,72,72,72,72,72,72,74,74,74,76,76,76,78,78,80,80,82,82,82,82,84,86,86,86,86,86,88,90,90,90,92,94,96,96,96,96,96,96,96,96,98,98],"card_choices":[{"not_picked":["ForeignInfluence","ClearTheMind"],"picked":"FearNoEvil","floor":1.0},{"not_picked":["JustLucky","Protect","CrushJoints"],"picked":"SKIP","floor":3.0},{"not_picked":["FollowUp","ClearTheMind"],"picked":"Crescendo","floor":5.0},{"not_picked":["Prostrate+1","FollowUp"],"picked":"Ragnarok","floor":6.0},{"not_picked":["SashWhip","Prostrate+1","PathToVictory+1"],"picked":"Singing Bowl","floor":10.0},{"not_picked":["ForeignInfluence+1","FollowUp"],"picked":"Omniscience+1","floor":13.0},{"not_picked":["ClearTheMind+1","ThirdEye+1","Protect+1"],"picked":"Singing Bowl","floor":14.0},{"not_picked":["ConjureBlade+1","SpiritShield+1"],"picked":"LessonLearned","floor":16.0},{"not_picked":["JustLucky","ClearTheMind+1"],"picked":"Tantrum","floor":18.0},{"not_picked":["Indignation+1","Nirvana+1"],"picked":"TalkToTheHand","floor":20.0},{"not_picked":["JustLucky","ClearTheMind+1","Collect+1"],"picked":"Singing Bowl","floor":21.0},{"not_picked":["FlyingSleeves","Sanctity+1","DevaForm"],"picked":"Singing Bowl","floor":24.0},{"not_picked":["Crescendo+1","Consecrate","Swivel+1"],"picked":"Singing Bowl","floor":27.0},{"not_picked":["Sanctity+1","FlyingSleeves","Evaluate+1"],"picked":"Singing Bowl","floor":29.0},{"not_picked":["Crescendo+1","BowlingBash","ForeignInfluence+1"],"picked":"Singing Bowl","floor":31.0},{"not_picked":["MasterReality","Scrawl+1"],"picked":"Omniscience+1","floor":33.0},{"not_picked":["SashWhip","PathToVictory+1","Crescendo+1"],"picked":"Singing Bowl","floor":35.0},{"not_picked":["CrushJoints","Wireheading+1","JustLucky"],"picked":"Singing Bowl","floor":36.0},{"not_picked":["Crescendo+1","DeceiveReality+1","Pray+1"],"picked":"Singing Bowl","floor":41.0},{"not_picked":["Consecrate","ForeignInfluence+1","LikeWater+1"],"picked":"Singing Bowl","floor":42.0},{"not_picked":["CutThroughFate+1","Study"],"picked":"Omniscience+1","floor":44.0},{"not_picked":["EmptyFist","ThirdEye+1","FollowUp"],"picked":"Singing Bowl","floor":45.0},{"not_picked":["Prostrate+1","Brilliance","ThirdEye+1"],"picked":"Singing Bowl","floor":46.0},{"not_picked":["Evaluate+1","FollowUp","Halt+1"],"picked":"Singing Bowl","floor":47.0},{"not_picked":["ThirdEye+1","ClearTheMind+1"],"picked":"Worship+1","floor":48.0},{"not_picked":["PathToVictory+1","EmptyFist","WindmillStrike"],"picked":"Singing Bowl","floor":55.0}],"player_experience":302410,"relics_obtained":[{"floor":6.0,"key":"Toxic Egg 2"},{"floor":9.0,"key":"Singing Bowl"},{"floor":13.0,"key":"CeramicFish"},{"floor":24.0,"key":"Old Coin"},{"floor":27.0,"key":"Ornamental Fan"},{"floor":28.0,"key":"Enchiridion"},{"floor":29.0,"key":"Unceasing Top"},{"floor":41.0,"key":"Incense Burner"},{"floor":43.0,"key":"Bird Faced Urn"},{"floor":44.0,"key":"Regal Pillow"},{"floor":46.0,"key":"CaptainsWheel"},{"floor":48.0,"key":"Ice Cream"},{"floor":55.0,"key":"StrikeDummy"}],"event_choices":[{"cards_removed":["Defend_P"],"damage_healed":0.0,"max_hp_gain":0.0,"max_hp_loss":0.0,"gold_gain":0.0,"event_name":"Golden Wing","player_choice":"Card Removal","floor":2.0,"gold_loss":0.0,"damage_taken":7.0},{"damage_healed":0.0,"max_hp_gain":0.0,"max_hp_loss":0.0,"gold_gain":50.0,"event_name":"Golden Shrine","player_choice":"Pray","floor":4.0,"gold_loss":0.0,"damage_taken":0.0},{"damage_healed":0.0,"max_hp_gain":0.0,"max_hp_loss":0.0,"gold_gain":0.0,"event_name":"Dead Adventurer","player_choice":"Searched \u00270\u0027 times","floor":7.0,"gold_loss":0.0,"damage_taken":0.0},{"damage_healed":0.0,"max_hp_gain":0.0,"max_hp_loss":0.0,"gold_gain":0.0,"event_name":"Liars Game","player_choice":"Ignored","floor":8.0,"gold_loss":0.0,"damage_taken":0.0},{"damage_healed":0.0,"max_hp_gain":0.0,"max_hp_loss":0.0,"gold_gain":0.0,"event_name":"Lab","player_choice":"Got Potions","floor":19.0,"gold_loss":0.0,"damage_taken":0.0},{"damage_healed":0.0,"max_hp_gain":0.0,"max_hp_loss":0.0,"gold_gain":0.0,"event_name":"Cursed Tome","player_choice":"Obtained Book","floor":28.0,"gold_loss":0.0,"damage_taken":21.0},{"damage_healed":0.0,"max_hp_gain":0.0,"max_hp_loss":0.0,"gold_gain":0.0,"cards_transformed":["Strike_P","Strike_P"],"event_name":"Drug Dealer","player_choice":"Became Test Subject","floor":30.0,"gold_loss":0.0,"damage_taken":0.0,"cards_obtained":["Scrawl","DeusExMachina"]},{"damage_healed":0.0,"max_hp_gain":0.0,"max_hp_loss":0.0,"gold_gain":0.0,"event_name":"Tomb of Lord Red Mask","player_choice":"Ignored","floor":37.0,"gold_loss":0.0,"damage_taken":0.0},{"cards_removed":["Defend_P"],"damage_healed":0.0,"max_hp_gain":0.0,"max_hp_loss":0.0,"gold_gain":0.0,"event_name":"Falling","player_choice":"Removed Skill","floor":38.0,"gold_loss":0.0,"damage_taken":0.0},{"damage_healed":0.0,"max_hp_gain":0.0,"max_hp_loss":0.0,"gold_gain":0.0,"event_name":"MindBloom","player_choice":"Fight","floor":48.0,"gold_loss":0.0,"damage_taken":0.0}],"is_beta":false,"boss_relics":[{"not_picked":["Velvet Choker","Sozu"],"picked":"HolyWater"},{"not_picked":["Tiny House","Cursed Key"],"picked":"Snecko Eye"}],"items_purged_floors":[11,39,54],"is_endless":false,"potions_floor_spawned":[1,5,13,20,24,31,33,42,46,47,55],"ascension_level":20}}