{"host":"srk2drlvga69hbot","time":1611581921,"event":{"mods":["BaseMod","Bestiary","Block Reminder","Colored Map","Colored Powertips","Dark Map","DeckTracker","Highlight Path","Minty Spire (QoL Compilation)","Quick Restart","Rare Cards Sparkle","Relic Stats","SuperFastMode","Unceasing Turn Reminder"],"gold_per_floor":[115,115,115,42,42,75,88,123,149,149,172,172,187,218,230,361,373,404,416,428,38,52,52,52],"floor_reached":23,"language":"ZHS","playtime":1849,"items_purged":["Strike_B"],"score":217,"play_id":"11255435-d6fd-4509-8e7c-ab5921d6c2b9","local_time":"20210125213841","is_ascension_mode":true,"campfire_choices":[{"data":"White Noise","floor":10.0,"key":"SMITH"},{"data":"White Noise","floor":12.0,"key":"SMITH"},{"floor":15.0,"key":"REST"}],"circlet_count":0,"master_deck":["Strike_B","Strike_B","Defend_B","Defend_B","Defend_B","Defend_B","Zap","Dualcast","Coolheaded","Coolheaded","Redo","Enlightenment","Rainbow","Creative AI","Cold Snap","White Noise+1","White Noise+1","Biased Cognition","Chrysalis","Beam Cell+1"],"relics":["Cracked Core","Bag of Marbles","Meat on the Bone","Golden Idol","Lantern","Strawberry","Pen Nib","MawBank","Nuclear Battery","MutagenicStrength","Medical Kit"],"acts_visited":["Exordium","TheCity"],"potions_floor_usage":[23,23],"damage_taken":[{"damage":6.0,"enemies":"Cultist","floor":1.0,"turns":3.0},{"damage":25.0,"enemies":"3 Sentries","floor":6.0,"turns":5.0},{"damage":3.0,"enemies":"2 Louse","floor":7.0,"turns":3.0},{"damage":22.0,"enemies":"Lagavulin","floor":8.0,"turns":6.0},{"damage":4.0,"enemies":"Small Slimes","floor":11.0,"turns":4.0},{"damage":13.0,"enemies":"Looter","floor":13.0,"turns":4.0},{"damage":22.0,"enemies":"Gremlin Nob","floor":14.0,"turns":5.0},{"damage":41.0,"enemies":"The Guardian","floor":16.0,"turns":12.0},{"damage":8.0,"enemies":"3 Byrds","floor":18.0,"turns":2.0},{"damage":14.0,"enemies":"Shell Parasite","floor":22.0,"turns":3.0},{"damage":66,"enemies":"Gremlin Leader","floor":23,"turns":7}],"seed_played":"-4817830348458144621","potions_obtained":[{"floor":8.0,"key":"Dexterity Potion"},{"floor":13.0,"key":"PowerPotion"},{"floor":14.0,"key":"SteroidPotion"}],"is_trial":false,"path_per_floor":["M","T","?","$","?","E","M","E","T","R","M","R","M","E","R","B",null,"M","?","?","$","M","E"],"character_chosen":"DEFECT","items_purchased":["Coolheaded","Redo","Medical Kit","Chrysalis"],"campfire_rested":1,"item_purchase_floors":[4,4,21,21],"current_hp_per_floor":[69,69,51,51,51,38,47,44,44,44,52,52,51,41,65,36,82,74,74,74,74,60,0,0],"gold":52,"neow_bonus":"RANDOM_COMMON_RELIC","is_daily":false,"chose_seed":false,"campfire_upgraded":2,"win_rate":0.0,"timestamp":1611581921,"path_taken":["M","?","?","$","?","E","?","E","T","R","M","R","M","E","R","BOSS","M","?","?","$","M","E"],"items_purchased_type":["Card","Card","Relic","Card"],"build_version":"2020-12-22","purchased_purges":1,"victory":false,"max_hp_per_floor":[75,75,75,75,75,75,75,82,82,82,82,82,82,82,82,82,82,82,82,82,82,82,82,82],"relic_stats":{"counters":[11,54],"Golden Idol":62,"Pen Nib":[2],"MawBank":84,"Medical Kit":[0],"obtain_stats":[{"Lantern":6,"Golden Idol":3,"Strawberry":8,"MutagenicStrength":19,"Pen Nib":9,"Bag of Marbles":0,"Cracked Core":0,"MawBank":14,"Medical Kit":21,"Meat on the Bone":2,"Nuclear Battery":17},{"Lantern":2,"Golden Idol":1,"Strawberry":4,"MutagenicStrength":9,"Pen Nib":4,"Bag of Marbles":0,"Cracked Core":0,"MawBank":7,"Medical Kit":9,"Meat on the Bone":1,"Nuclear Battery":8},{"Lantern":8,"Golden Idol":3,"Strawberry":17,"MutagenicStrength":44,"Pen Nib":17,"Bag of Marbles":0,"Cracked Core":0,"MawBank":30,"Medical Kit":44,"Meat on the Bone":3,"Nuclear Battery":42}],"Meat on the Bone":84},"card_choices":[{"not_picked":["Ball Lightning","Sweeping Beam"],"picked":"Coolheaded","floor":1.0},{"not_picked":["Barrage","Stack"],"picked":"Creative AI","floor":6.0},{"not_picked":["Loop","Gash"],"picked":"Cold Snap","floor":7.0},{"not_picked":["Gash","Loop"],"picked":"White Noise","floor":8.0},{"not_picked":["Compile Driver","Auto Shields"],"picked":"White Noise","floor":11.0},{"not_picked":["Scrape","Go for the Eyes","Steam"],"picked":"SKIP","floor":13.0},{"not_picked":["Streamline","Seek","Stack"],"picked":"SKIP","floor":14.0},{"not_picked":["Rainbow","Buffer"],"picked":"Biased Cognition","floor":16.0},{"not_picked":["Streamline","Rip and Tear","Fusion"],"picked":"SKIP","floor":18.0},{"not_picked":["Streamline+1","Turbo"],"picked":"Beam Cell+1","floor":22.0}],"player_experience":252390,"relics_obtained":[{"floor":2.0,"key":"Meat on the Bone"},{"floor":6.0,"key":"Lantern"},{"floor":8.0,"key":"Strawberry"},{"floor":9.0,"key":"Pen Nib"},{"floor":14.0,"key":"MawBank"}],"event_choices":[{"damage_healed":0.0,"max_hp_gain":0.0,"max_hp_loss":0.0,"gold_gain":0.0,"event_name":"Golden Idol","player_choice":"Take Damage","floor":3.0,"gold_loss":0.0,"damage_taken":18.0,"relics_obtained":["Golden Idol"]},{"damage_healed":0.0,"max_hp_gain":0.0,"max_hp_loss":0.0,"gold_gain":0.0,"event_name":"Match and Keep!","player_choice":"2 cards matched","floor":5.0,"gold_loss":0.0,"damage_taken":0.0,"cards_obtained":["Enlightenment","Rainbow"]},{"damage_healed":0.0,"max_hp_gain":0.0,"max_hp_loss":0.0,"gold_gain":0.0,"event_name":"Drug Dealer","player_choice":"Inject Mutagens","floor":19.0,"gold_loss":0.0,"damage_taken":0.0,"relics_obtained":["MutagenicStrength"]},{"cards_removed":["Strike_B"],"damage_healed":0.0,"max_hp_gain":0.0,"max_hp_loss":0.0,"gold_gain":0.0,"event_name":"Back to Basics","player_choice":"Elegance","floor":20.0,"gold_loss":0.0,"damage_taken":0.0}],"is_beta":false,"boss_relics":[{"not_picked":["Tiny House","Astrolabe"],"picked":"Nuclear Battery"}],"items_purged_floors":[21],"is_endless":false,"potions_floor_spawned":[8,13,14,16,18],"killed_by":"Gremlin Leader","ascension_level":1}}