{"host":"9slw7l0ws16384qq","time":1611603931,"event":{"mods":["A Penny For Your Troubles","BaseMod","Clockwork Mod","Colored Map","Evolution","Hermit","Hubris","Minty Spire (QoL Compilation)","Replay The Spire","Shedinja","StS++","StSLib","The Dragon Tamer","The Marked"],"gold_per_floor":[12,12,22,32,48,48,62,73,120,137,137,137,156,156,156,261,261,272,43,43,59,59,59,75,93,119,135,151,163,18,18,18,119,119,134,34,52,68,83,83,133,152,152,171,171,171,171,185,185,186],"floor_reached":51,"language":"FRA","playtime":2516,"items_purged":["hermit:Defend_Hermit","hermit:Strike_Hermit"],"score":749,"play_id":"8a20b8e9-7028-4894-9a72-bef6f93753dc","local_time":"20210125204531","is_ascension_mode":false,"campfire_choices":[{"data":"hermit:Glare","floor":6.0,"key":"SMITH"},{"data":"hermit:Spite","floor":11.0,"key":"SMITH"},{"data":"hermit:Misfire","floor":23.0,"key":"SMITH"},{"data":"hermit:Adapt","floor":32.0,"key":"SMITH"},{"floor":40.0,"key":"REST"},{"floor":49,"key":"REST"}],"circlet_count":0,"master_deck":["hermit:Strike_Hermit","hermit:Strike_Hermit","hermit:Defend_Hermit","hermit:Defend_Hermit","hermit:Defend_Hermit","hermit:Snapshot+1","hermit:Covet","hermit:FinalCanter+1","Pain","hermit:Glare+1","hermit:Misfire+1","hermit:Spite+1","hermit:Deadeye","hermit:Reprieve+1","hermit:Adapt+1","hermit:HighCaliber","hermit:FlashPowder","hubris:DuctTapeCard"],"relics":["hermit:Momento","EVO:Axolotl","WarpedTongs","Vajra","hubris:Backtick","hermit:CharredGlove","War Paint","Simple Rune","Lee\u0027s Waffle","Philosopher\u0027s Stone","Prayer Wheel","hubris:DuctTape"],"acts_visited":["Exordium","TheCity","TheBeyond"],"potions_floor_usage":[50,50,50],"damage_taken":[{"damage":1.0,"enemies":"Jaw Worm","floor":1.0,"turns":4.0},{"damage":1.0,"enemies":"Cultist","floor":3.0,"turns":3.0},{"damage":0.0,"enemies":"2 Louse","floor":4.0,"turns":3.0},{"damage":5.0,"enemies":"Large Slime","floor":5.0,"turns":7.0},{"damage":5.0,"enemies":"3 Louse","floor":7.0,"turns":3.0},{"damage":4.0,"enemies":"Red Slaver","floor":8.0,"turns":3.0},{"damage":3.0,"enemies":"Lots of Slimes","floor":10.0,"turns":4.0},{"damage":0.0,"enemies":"Exordium Thugs","floor":13.0,"turns":2.0},{"damage":32.0,"enemies":"Fading Forest","floor":16.0,"turns":11.0},{"damage":0.0,"enemies":"Chosen","floor":18.0,"turns":4.0},{"damage":2.0,"enemies":"2 Thieves","floor":21.0,"turns":3.0},{"damage":2.0,"enemies":"Sentry and Sphere","floor":24.0,"turns":3.0},{"damage":3.0,"enemies":"Chosen and Byrds","floor":25.0,"turns":5.0},{"damage":4.0,"enemies":"Centurion and Healer","floor":27.0,"turns":4.0},{"damage":36.0,"enemies":"Shelled Parasite and Fungi","floor":28.0,"turns":4.0},{"damage":8.0,"enemies":"3 Cultists","floor":29.0,"turns":4.0},{"damage":62.0,"enemies":"Collector","floor":33.0,"turns":10.0},{"damage":3.0,"enemies":"Orb Walker","floor":35.0,"turns":2.0},{"damage":31.0,"enemies":"3 Darklings","floor":37.0,"turns":7.0},{"damage":14.0,"enemies":"Jaw Worm Horde","floor":38.0,"turns":5.0},{"damage":20.0,"enemies":"4 Shapes","floor":39.0,"turns":9.0},{"damage":5.0,"enemies":"Mind Bloom Boss Battle","floor":41.0,"turns":6.0},{"damage":9.0,"enemies":"Transient","floor":42.0,"turns":5.0},{"damage":22.0,"enemies":"Sphere and 2 Shapes","floor":44.0,"turns":5.0},{"damage":11,"enemies":"Writhing Mass","floor":48,"turns":8},{"damage":4,"enemies":"Time Eater","floor":50,"turns":12}],"seed_played":"5358865550683377933","potions_obtained":[{"floor":1.0,"key":"SpeedPotion"},{"floor":3.0,"key":"SteroidPotion"},{"floor":7.0,"key":"FairyPotion"},{"floor":25.0,"key":"PowerPotion"},{"floor":29.0,"key":"PowerPotion"},{"floor":38.0,"key":"BlessingOfTheForge"}],"is_trial":false,"path_per_floor":["M","?","M","M","M","R","M","M","T","M","R","?","M","?","R_BF","B",null,"M","$","?","M","?","R","M","M","T","M","M","M","$","?","R","B",null,"M","$","M","M","M","R","?","M","T","M","?","?","$","M","R","B",null],"character_chosen":"HERMIT","items_purchased":["War Paint","Lee\u0027s Waffle"],"campfire_rested":2,"item_purchase_floors":[19,30],"current_hp_per_floor":[74,74,73,73,68,68,63,59,59,56,56,56,56,56,75,48,75,75,75,75,73,73,73,71,68,68,71,35,35,82,82,82,20,82,79,79,51,45,29,53,56,55,55,37,37,37,37,26,50,54],"gold":186,"neow_bonus":"THREE_RARE_CARDS","is_daily":false,"chose_seed":false,"campfire_upgraded":4,"win_rate":0.0,"timestamp":1611603931,"path_taken":["M","?","M","?","M","R","M","M","T","M","R","?","M","?","R_BF","BOSS","M","$","?","M","?","R","?","M","T","?","M","M","?","?","R","BOSS","M","$","M","M","M","R","?","M","T","M","?","?","$","?","R","BOSS"],"items_purchased_type":["Relic","Relic"],"build_version":"2020-12-22","purchased_purges":2,"victory":true,"max_hp_per_floor":[75,75,75,75,75,75,75,75,75,75,75,75,75,75,75,75,75,75,75,75,75,75,75,75,75,75,75,75,75,82,82,82,82,82,82,82,82,82,82,82,82,82,82,82,82,82,82,82,82,82],"card_choices":[{"not_picked":["hermit:FatalDesire","hermit:Purgatory"],"picked":"hermit:FinalCanter","floor":0.0},{"not_picked":["hermit:Gestalt","hermit:Headshot","hermit:LowProfile"],"picked":"SKIP","floor":1.0},{"not_picked":["hermit:Quickdraw","hermit:TrackingShot","hermit:Glare"],"picked":"SKIP","floor":3.0},{"not_picked":["hermit:Quickdraw","hermit:TrackingShot"],"picked":"hermit:Glare","floor":3.0},{"not_picked":["hermit:Headshot","hermit:Roulette","hermit:TrackingShot"],"picked":"SKIP","floor":4.0},{"not_picked":["hermit:Quickdraw","hermit:Roulette","hermit:TakeAim"],"picked":"SKIP","floor":5.0},{"not_picked":["hermit:Ricochet","hermit:SprayPray"],"picked":"hermit:Misfire","floor":7.0},{"not_picked":["hermit:Snipe","hermit:Combo"],"picked":"hermit:Spite","floor":8.0},{"not_picked":["hermit:Midnight","hermit:TakeCover","hermit:Ricochet"],"picked":"SKIP","floor":10.0},{"not_picked":["hermit:Dissolve","hermit:Snipe"],"picked":"hermit:Deadeye","floor":13.0},{"not_picked":["hermit:OverwhelmingPower","hermit:Purgatory"],"picked":"hermit:Reprieve","floor":16.0},{"not_picked":["hermit:SprayPray","hermit:ItchyTrigger","hermit:Manifest"],"picked":"SKIP","floor":18.0},{"not_picked":["hermit:SprayPray","hermit:ItchyTrigger","hermit:Manifest"],"picked":"SKIP","floor":18.0},{"not_picked":["hermit:CalledShot+1","hermit:Malice","hermit:Glare"],"picked":"SKIP","floor":21.0},{"not_picked":["hermit:Quickdraw+1","hermit:BodyArmor"],"picked":"hermit:Adapt","floor":24.0},{"not_picked":["hermit:Cheat","hermit:Snipe","hermit:Misfire"],"picked":"SKIP","floor":25.0},{"not_picked":["hermit:BodyArmor","hermit:Virtue"],"picked":"hermit:HighCaliber","floor":27.0},{"not_picked":["hermit:Desperado","hermit:TrackingShot"],"picked":"hermit:FlashPowder","floor":28.0},{"not_picked":["hermit:CalledShot","hermit:SprayPray+1","hermit:PistolWhip"],"picked":"SKIP","floor":29.0},{"not_picked":["hermit:BodyArmor+1","hermit:HoleUp"],"picked":"hermit:Maintenance+1","floor":35.0},{"not_picked":["hermit:Enervate+1","hermit:Vantage"],"picked":"hermit:Maintenance+1","floor":37.0},{"not_picked":["hermit:Headshot","hermit:Roulette+1","hermit:HighCaliber"],"picked":"SKIP","floor":38.0},{"not_picked":["hermit:Snipe","hermit:SprayPray+1","hermit:Gestalt"],"picked":"SKIP","floor":39.0},{"not_picked":["hermit:Scavenge+1","hermit:Snipe","hermit:Quickdraw"],"picked":"SKIP","floor":42.0},{"not_picked":["hermit:SprayPray","hermit:Combo+1","hermit:Gambit"],"picked":"SKIP","floor":42.0},{"not_picked":["hermit:WideOpen+1","hermit:HoleUp+1","hermit:EyeOfTheStorm"],"picked":"SKIP","floor":44.0},{"not_picked":["hermit:Vantage","hermit:Deadeye","hermit:Roulette+1"],"picked":"SKIP","floor":44.0},{"not_picked":["hermit:Coalescence+1","hermit:Ricochet+1","hermit:Manifest+1"],"picked":"SKIP","floor":48},{"not_picked":["hermit:BodyArmor+1","hermit:NoHoldsBarred+1","hermit:TrackingShot+1"],"picked":"SKIP","floor":48}],"player_experience":1835372,"relics_obtained":[{"floor":9.0,"key":"Vajra"},{"floor":26.0,"key":"Simple Rune"},{"floor":41.0,"key":"Prayer Wheel"},{"floor":43.0,"key":"hubris:DuctTape"}],"event_choices":[{"damage_healed":0.0,"max_hp_gain":0.0,"max_hp_loss":0.0,"gold_gain":0.0,"event_name":"Accursed Blacksmith","player_choice":"Rummage","floor":2.0,"gold_loss":0.0,"damage_taken":0.0,"relics_obtained":["WarpedTongs"],"cards_obtained":["Pain"]},{"damage_healed":0.0,"max_hp_gain":0.0,"max_hp_loss":0.0,"gold_gain":0.0,"event_name":"Back to Basics","player_choice":"Simplicity","floor":20.0,"gold_loss":0.0,"damage_taken":0.0,"cards_upgraded":["hermit:Strike_Hermit","hermit:Strike_Hermit","hermit:Strike_Hermit","hermit:Strike_Hermit","hermit:Defend_Hermit","hermit:Defend_Hermit"]},{"cards_removed":["hermit:Strike_Hermit"],"damage_healed":0.0,"max_hp_gain":0.0,"max_hp_loss":0.0,"gold_gain":0.0,"event_name":"Purifier","player_choice":"Purged","floor":22.0,"gold_loss":0.0,"damage_taken":0.0},{"damage_healed":0.0,"max_hp_gain":0.0,"max_hp_loss":0.0,"gold_gain":0.0,"event_name":"MindBloom","player_choice":"Fight","floor":41.0,"gold_loss":0.0,"damage_taken":0.0},{"damage_healed":0.0,"max_hp_gain":0.0,"max_hp_loss":0.0,"gold_gain":0.0,"event_name":"Transmorgrifier","player_choice":"Ignored","floor":46.0,"gold_loss":0.0,"damage_taken":0.0}],"is_beta":false,"boss_relics":[{"not_picked":["hubris:VirtuousBlindfold","Ectoplasm"],"picked":"hubris:Backtick"},{"not_picked":["Painkiller Herb","hubris:HollowSoul"],"picked":"Philosopher\u0027s Stone"}],"items_purged_floors":[19,36],"is_endless":false,"potions_floor_spawned":[1,3,7,10,25,28,29,33,38,39,41,48],"ascension_level":0}}