{"host":"ml2ro5l6hu6y0pll","time":1611613756,"event":{"mods":["AchievementEnabler","BaseMod","Colored Map","Colored Powertips","Custom Start","Googly Eyes","Minty Spire (QoL Compilation)","Quick Restart","Rare Cards Sparkle","Relic Stats","Reliquary","StSLib","everything is the same but u backflip on backflip"],"gold_per_floor":[110,126,143,159,37,67,67,97,176,176,176,193,228,228,228,327,327,347,121,121,144,144,187,14,14,14,58,91,91,135,150,150,249,249,270,270,295,152,167,167,201,244,244,278,278,278,278,111,111,111,111,111,111,111,154,154],"floor_reached":57,"language":"ENG","playtime":1980,"items_purged":[],"score":3514,"play_id":"0fd6232c-027a-49a3-acc5-7901b6aa5104","local_time":"20210125222916","daily_mods":["Flight"],"is_ascension_mode":true,"campfire_choices":[{"data":"Whirlwind","floor":7,"key":"SMITH"},{"data":"Feed","floor":10,"key":"SMITH"},{"data":"Shockwave","floor":15,"key":"SMITH"},{"data":"Bludgeon","floor":25,"key":"SMITH"},{"data":"Disarm","floor":29,"key":"SMITH"},{"data":"Dual Wield","floor":32,"key":"SMITH"},{"data":"Limit Break","floor":40,"key":"SMITH"},{"data":"Flame Barrier","floor":46,"key":"SMITH"},{"data":"Uppercut","floor":47,"key":"SMITH"},{"floor":49,"key":"RECALL"},{"data":"Flame Barrier","floor":53,"key":"SMITH"}],"circlet_count":0,"master_deck":["Bash","Pommel Strike","Uppercut","Carnage","Flame Barrier+1","Ghostly Armor","Shrug It Off","Shrug It Off","Shrug It Off","Uppercut+1","Uppercut","Feed+1","Whirlwind+1","Flame Barrier+1","Second Wind","Entrench","Shockwave+1","Bludgeon+1","Dual Wield+1","Inflame","Power Through","Disarm+1","Burning Pact","Shrug It Off+1","Limit Break+1","Reckless Charge","Heavy Blade+1","Shockwave+1","Mayhem+1","Flame Barrier+1"],"relics":["Burning Blood","Snecko Eye","Membership Card","Sling","Unceasing Top","reliquary:PrincelyHelmet","MealTicket","Golden Idol","reliquary:KinkedSpring","TungstenRod","MutagenicStrength","Du-Vu Doll","Bag of Preparation","reliquary:Knoch","Frozen Egg 2","Boot","Shuriken","Torii","Coffee Dripper","reliquary:MedicineBall","Self Forming Clay","White Beast Statue","Paper Frog","reliquary:TatteredRug","Bottled Tornado","CaptainsWheel"],"acts_visited":["Exordium","TheCity","TheBeyond","TheEnding"],"potions_floor_usage":[48,56],"damage_taken":[{"damage":1,"enemies":"Jaw Worm","floor":1,"turns":2},{"damage":8,"enemies":"Small Slimes","floor":2,"turns":2},{"damage":0,"enemies":"Cultist","floor":3,"turns":2},{"damage":1,"enemies":"Looter","floor":4,"turns":3},{"damage":0,"enemies":"Lagavulin","floor":6,"turns":4},{"damage":0,"enemies":"Gremlin Nob","floor":8,"turns":2},{"damage":0,"enemies":"Gremlin Gang","floor":12,"turns":1},{"damage":2,"enemies":"3 Sentries","floor":13,"turns":3},{"damage":0,"enemies":"The Guardian","floor":16,"turns":8},{"damage":0,"enemies":"3 Byrds","floor":18,"turns":5},{"damage":0,"enemies":"2 Thieves","floor":21,"turns":1},{"damage":0,"enemies":"Gremlin Leader","floor":23,"turns":5},{"damage":0,"enemies":"Slavers","floor":27,"turns":3},{"damage":9,"enemies":"Book of Stabbing","floor":28,"turns":5},{"damage":0,"enemies":"Slavers","floor":30,"turns":5},{"damage":0,"enemies":"Snake Plant","floor":31,"turns":1},{"damage":48,"enemies":"Automaton","floor":33,"turns":9},{"damage":0,"enemies":"Orb Walker","floor":35,"turns":1},{"damage":0,"enemies":"3 Shapes","floor":37,"turns":2},{"damage":0,"enemies":"Transient","floor":39,"turns":6},{"damage":8,"enemies":"Giant Head","floor":41,"turns":6},{"damage":0,"enemies":"Reptomancer","floor":42,"turns":3},{"damage":0,"enemies":"Nemesis","floor":44,"turns":3},{"damage":20,"enemies":"Donu and Deca","floor":50,"turns":4},{"damage":35,"enemies":"Awakened One","floor":51,"turns":9},{"damage":0,"enemies":"Shield and Spear","floor":55,"turns":3},{"damage":64,"enemies":"The Heart","floor":56,"turns":9}],"seed_played":"5834407725799803951","potions_obtained":[{"floor":1,"key":"SteroidPotion"},{"floor":4,"key":"SneckoOil"},{"floor":27,"key":"EntropicBrew"}],"is_trial":true,"path_per_floor":["M","M","M","M","$","E","R","E","T","R","?","M","E","?","R","B",null,"M","$","?","M","?","E","$","R","T","E","E","R","E","M","R","B",null,"M","?","M","$","M","R","E","E","T","E","?","R","R","$","R","B","B",null,"R","$","E","B",null],"character_chosen":"IRONCLAD","items_purchased":["Sling","Entrench","TungstenRod","Dual Wield","Inflame","Bag of Preparation","reliquary:Knoch","reliquary:MedicineBall","Fruit Juice","Ancient Potion","Bottled Tornado","Flame Barrier"],"campfire_rested":0,"item_purchase_floors":[5,5,19,19,19,24,24,38,48,48,48,48],"current_hp_per_floor":[76,77,84,84,84,87,87,90,90,90,90,90,94,85,85,85,85,89,89,89,89,89,93,93,93,93,93,90,90,97,97,97,55,87,93,93,97,97,97,97,99,105,105,105,96,96,96,110,110,96,71,103,103,114,114,56],"gold":154,"neow_bonus":"","is_daily":false,"chose_seed":false,"campfire_upgraded":10,"win_rate":0.0,"timestamp":1611613756,"path_taken":["M","M","M","M","$","E","R","E","T","R","?","M","E","?","R","BOSS","M","$","?","M","?","E","?","R","T","E","E","R","E","?","R","BOSS","M","?","M","$","?","R","E","E","T","E","?","R","R","$","R","BOSS","BOSS","R","$","E","BOSS"],"items_purchased_type":["Relic","Card","Relic","Card","Card","Relic","Relic","Relic","Potion","Potion","Relic","Card"],"build_version":"2020-12-22","purchased_purges":0,"victory":true,"max_hp_per_floor":[78,81,84,84,84,87,87,90,90,90,90,90,94,85,85,85,85,89,89,89,89,89,93,93,93,93,93,93,93,97,97,97,97,97,97,97,97,97,97,97,101,105,105,105,105,105,105,110,110,110,114,114,114,114,114,114],"relic_stats":{"Torii":0,"counters":[27,107],"Golden Idol":185,"Self Forming Clay":[33],"Bag of Preparation":[30],"Boot":[8],"Burning Blood":70,"Shuriken":[17],"Snecko Eye":[179,201,182,188],"MealTicket":20,"obtain_stats":[{"Torii":30,"reliquary:PrincelyHelmet":8,"Bag of Preparation":24,"Bottled Tornado":48,"Sling":5,"Boot":27,"Burning Blood":0,"MealTicket":13,"Paper Frog":43,"Golden Idol":14,"Self Forming Clay":41,"reliquary:TatteredRug":44,"Frozen Egg 2":26,"White Beast Statue":42,"reliquary:KinkedSpring":17,"Du-Vu Doll":23,"CaptainsWheel":55,"Shuriken":28,"MutagenicStrength":20,"Snecko Eye":0,"Coffee Dripper":34,"reliquary:MedicineBall":38,"Membership Card":0,"reliquary:Knoch":24,"Unceasing Top":6,"TungstenRod":19},{"Torii":15,"reliquary:PrincelyHelmet":6,"Bag of Preparation":12,"Bottled Tornado":23,"Sling":4,"Boot":13,"Burning Blood":0,"MealTicket":8,"Paper Frog":22,"Golden Idol":8,"Self Forming Clay":21,"reliquary:TatteredRug":23,"Frozen Egg 2":12,"White Beast Statue":22,"reliquary:KinkedSpring":9,"Du-Vu Doll":12,"CaptainsWheel":26,"Shuriken":14,"MutagenicStrength":10,"Snecko Eye":0,"Coffee Dripper":17,"reliquary:MedicineBall":19,"Membership Card":0,"reliquary:Knoch":12,"Unceasing Top":5,"TungstenRod":10},{"Torii":51,"reliquary:PrincelyHelmet":15,"Bag of Preparation":38,"Bottled Tornado":82,"Sling":9,"Boot":41,"Burning Blood":0,"MealTicket":19,"Paper Frog":79,"Golden Idol":19,"Self Forming Clay":76,"reliquary:TatteredRug":82,"Frozen Egg 2":38,"White Beast Statue":79,"reliquary:KinkedSpring":27,"Du-Vu Doll":38,"CaptainsWheel":98,"Shuriken":46,"MutagenicStrength":32,"Snecko Eye":0,"Coffee Dripper":61,"reliquary:MedicineBall":64,"Membership Card":0,"reliquary:Knoch":38,"Unceasing Top":13,"TungstenRod":32}],"Unceasing Top":[3],"TungstenRod":21},"card_choices":[{"not_picked":["Reckless Charge","Flex","Dropkick"],"picked":"SKIP","floor":1},{"not_picked":["Anger","Pommel Strike","Cleave"],"picked":"SKIP","floor":2},{"not_picked":["Shrug It Off","Body Slam"],"picked":"Flame Barrier","floor":3},{"not_picked":["True Grit","Clothesline"],"picked":"Second Wind","floor":4},{"not_picked":["Anger","Brutality","Rampage"],"picked":"SKIP","floor":6},{"not_picked":["Clash","Thunderclap","Battle Trance"],"picked":"SKIP","floor":8},{"not_picked":["Wild Strike","Armaments"],"picked":"Shockwave","floor":12},{"not_picked":["Rage","Headbutt","Clash"],"picked":"SKIP","floor":13},{"not_picked":["Brutality","Berserk"],"picked":"Bludgeon","floor":16},{"not_picked":["Cleave","Reckless Charge","Thunderclap"],"picked":"SKIP","floor":18},{"not_picked":["Perfected Strike","Intimidate","Rampage"],"picked":"SKIP","floor":21},{"not_picked":["Spot Weakness","Rupture+1"],"picked":"Power Through","floor":23},{"not_picked":["Havoc","Ghostly Armor","Flex"],"picked":"SKIP","floor":27},{"not_picked":["Evolve+1","Headbutt"],"picked":"Disarm","floor":28},{"not_picked":["Burning Pact","Inflame+1","Bloodletting"],"picked":"SKIP","floor":30},{"not_picked":["Inflame+1","Bloodletting"],"picked":"Burning Pact","floor":30},{"not_picked":["Pommel Strike","Sword Boomerang+1"],"picked":"Shrug It Off+1","floor":31},{"not_picked":["Exhume","Offering"],"picked":"Limit Break","floor":33},{"not_picked":["Anger","Cleave","Carnage"],"picked":"SKIP","floor":35},{"not_picked":["Pommel Strike","Flex"],"picked":"Heavy Blade+1","floor":37},{"not_picked":["Sword Boomerang","Hemokinesis","Flex+1"],"picked":"SKIP","floor":39},{"not_picked":["Shrug It Off+1","Body Slam","Feed"],"picked":"SKIP","floor":41},{"not_picked":["Ghostly Armor+1","Fire Breathing+1"],"picked":"Shockwave+1","floor":42},{"not_picked":["Dropkick","Reckless Charge+1","Warcry+1"],"picked":"SKIP","floor":44},{"not_picked":["Jack Of All Trades","Panacea"],"picked":"Mayhem+1","floor":45},{"not_picked":["Thunderclap","Dark Embrace+1","Clash"],"picked":"SKIP","floor":55}],"player_experience":850685,"relics_obtained":[{"floor":6,"key":"Unceasing Top"},{"floor":8,"key":"reliquary:PrincelyHelmet"},{"floor":13,"key":"MealTicket"},{"floor":23,"key":"Du-Vu Doll"},{"floor":26,"key":"Frozen Egg 2"},{"floor":27,"key":"Boot"},{"floor":28,"key":"Shuriken"},{"floor":30,"key":"Torii"},{"floor":41,"key":"Self Forming Clay"},{"floor":42,"key":"White Beast Statue"},{"floor":43,"key":"Paper Frog"},{"floor":44,"key":"reliquary:TatteredRug"},{"floor":55,"key":"CaptainsWheel"}],"event_choices":[{"damage_healed":0,"gold_gain":0,"player_choice":"Grow","damage_taken":0,"max_hp_gain":0,"max_hp_loss":0,"event_name":"Living Wall","floor":11,"gold_loss":0,"cards_upgraded":["Flame Barrier"]},{"damage_healed":0,"gold_gain":0,"player_choice":"Lose Max HP","damage_taken":0,"relics_obtained":["Golden Idol"],"max_hp_gain":0,"max_hp_loss":9,"event_name":"Golden Idol","floor":14,"gold_loss":0},{"damage_healed":0,"gold_gain":0,"player_choice":"Inject Mutagens","damage_taken":0,"relics_obtained":["MutagenicStrength"],"max_hp_gain":0,"max_hp_loss":0,"event_name":"Drug Dealer","floor":20,"gold_loss":0},{"damage_healed":0,"gold_gain":0,"player_choice":"Ignored","damage_taken":0,"max_hp_gain":0,"max_hp_loss":0,"event_name":"Ghosts","floor":22,"gold_loss":0},{"damage_healed":0,"gold_gain":0,"cards_transformed":["True Grit"],"player_choice":"Transformed","damage_taken":0,"max_hp_gain":0,"max_hp_loss":0,"event_name":"Transmorgrifier","floor":36,"gold_loss":0,"cards_obtained":["Reckless Charge"]},{"damage_healed":0,"gold_gain":0,"player_choice":"Memory 3","damage_taken":10,"max_hp_gain":0,"max_hp_loss":0,"event_name":"SensoryStone","floor":45,"gold_loss":0}],"is_beta":false,"boss_relics":[{"not_picked":["reliquary:RedCape","Calling Bell"],"picked":"reliquary:KinkedSpring"},{"not_picked":["Empty Cage","Runic Cube"],"picked":"Coffee Dripper"}],"items_purged_floors":[],"is_endless":false,"potions_floor_spawned":[1,4,12,13,16,27,28,30,31,41,42,44,55],"ascension_level":20}}