{"host":"9tdk3zzhmpo6o3dg","time":1611579814,"event":{"mods":["AchievementEnabler","Act Like it!","BaseMod","Downfall","Gensokyo","Hermit","Koishi","Marisa（F雨　魔理沙）","Minty Spire (QoL Compilation)","Remilia（蕾米莉亚）","SOS（斯巴达之子）","Shop Mod","StSLib","The Alterego","The Cursed","The Hierophant","The Marked","The Senshi","The Servant 0.9.4","WarShipGirlsR/战舰少女R mod"],"gold_per_floor":[116,191,191,34,50,50,76,90,90,123,123,137,150,169,169,269,319,332,351,363,70,70,70,70],"floor_reached":23,"language":"ZHS","playtime":1103,"items_purged":[],"score":218,"play_id":"70170450-aea7-466a-a0cb-cf895beb0a37","local_time":"20210125210334","is_ascension_mode":false,"campfire_choices":[{"data":"alterego_mod:Cushion","floor":6,"key":"SMITH"},{"data":"alterego_mod:Impale","floor":11,"key":"SMITH"},{"data":"alterego_mod:Rip","floor":15,"key":"SMITH"}],"circlet_count":0,"master_deck":["alterego_mod:Strike","alterego_mod:Strike+1","alterego_mod:Strike","alterego_mod:Strike","alterego_mod:Defend","alterego_mod:Defend","alterego_mod:Impale+1","alterego_mod:BigMeatyClaws","alterego_mod:BrynhildrsRune","alterego_mod:Cushion+1","Regret","alterego_mod:Rip+1","alterego_mod:Smother","alterego_mod:SakuraFive","alterego_mod:Punishment","alterego_mod:Pet","alterego_mod:BiFurious","alterego_mod:Palingenesis","alterego_mod:Pet","alterego_mod:Rip+1","alterego_mod:HighServant+1","alterego_mod:IdEs","alterego_mod:Mirror","alterego_mod:Bunnysuit"],"relics":["alterego_mod:MasochisticConstitution","NeowsBlessing","Pear","ClockworkSouvenir","Odd Mushroom","Shuriken","Pocketwatch","Tiny House","Turnip"],"acts_visited":["Exordium","TheCity"],"potions_floor_usage":[13,14,18,20,20,23],"damage_taken":[{"damage":1,"enemies":"Jaw Worm","floor":1,"turns":2},{"damage":2,"enemies":"2 Louse","floor":5,"turns":2},{"damage":0,"enemies":"The Mushroom Lair","floor":7,"turns":1},{"damage":2,"enemies":"Small Slimes","floor":8,"turns":3},{"damage":43,"enemies":"Lagavulin","floor":10,"turns":7},{"damage":6,"enemies":"Looter","floor":12,"turns":2},{"damage":2,"enemies":"Blue Slaver","floor":13,"turns":3},{"damage":3,"enemies":"Red Slaver","floor":14,"turns":3},{"damage":16,"enemies":"Hexaghost","floor":16,"turns":5},{"damage":10,"enemies":"2 Thieves","floor":18,"turns":4},{"damage":38,"enemies":"Spheric Guardian","floor":19,"turns":4},{"damage":26,"enemies":"Centurion and Healer","floor":20,"turns":5},{"damage":25,"enemies":"Gremlin Leader","floor":23,"turns":2}],"seed_played":"-2194622660960774741","potions_obtained":[{"floor":1,"key":"Block Potion"},{"floor":8,"key":"Weak Potion"},{"floor":14,"key":"Fire Potion"},{"floor":16,"key":"Swift Potion"},{"floor":17,"key":"Swift Potion"},{"floor":20,"key":"AttackPotion"}],"is_trial":false,"path_per_floor":["M","?","?","$","M","R","?","M","T","E","R","M","M","M","R","B",null,"M","M","M","$","?","E"],"character_chosen":"The_Alterego","items_purchased":["ClockworkSouvenir","Turnip"],"campfire_rested":0,"item_purchase_floors":[4,21],"current_hp_per_floor":[70,59,69,69,68,68,68,67,67,32,32,27,26,24,24,9,93,84,47,22,22,22,0,0],"gold":70,"neow_bonus":"THREE_ENEMY_KILL","is_daily":false,"chose_seed":false,"campfire_upgraded":3,"win_rate":0.0,"timestamp":1611579814,"path_taken":["M","?","?","$","M","R","?","M","T","E","R","M","M","M","R","BOSS","M","M","M","$","?","E"],"items_purchased_type":["Relic","Relic"],"build_version":"2020-12-22","purchased_purges":0,"victory":false,"max_hp_per_floor":[71,71,81,81,82,82,82,83,83,84,84,85,86,87,87,88,93,94,95,96,96,96,96,96],"card_choices":[{"not_picked":["alterego_mod:GachaTicket","alterego_mod:Jiggle"],"picked":"alterego_mod:Cushion","floor":1},{"not_picked":["alterego_mod:DeftHands","alterego_mod:BiFurious"],"picked":"alterego_mod:Rip","floor":5},{"not_picked":["alterego_mod:Pet","alterego_mod:MagicResistance"],"picked":"alterego_mod:Smother","floor":8},{"not_picked":["alterego_mod:BeGentle","alterego_mod:Collar"],"picked":"alterego_mod:SakuraFive","floor":10},{"not_picked":["alterego_mod:Rip","alterego_mod:Jiggle"],"picked":"alterego_mod:Punishment","floor":12},{"not_picked":["alterego_mod:AlterEgo","alterego_mod:MagicResistance"],"picked":"alterego_mod:Pet","floor":13},{"not_picked":["alterego_mod:Valentines","alterego_mod:Swimsuit"],"picked":"alterego_mod:BiFurious","floor":14},{"not_picked":["alterego_mod:Tantrum","alterego_mod:RingBreak"],"picked":"alterego_mod:Palingenesis","floor":16},{"not_picked":["alterego_mod:DiscoLights","alterego_mod:PerceptionDisorder"],"picked":"alterego_mod:Pet","floor":17},{"not_picked":["alterego_mod:Punishment","alterego_mod:BusterCard"],"picked":"alterego_mod:Rip+1","floor":18},{"not_picked":["alterego_mod:Lingerie","alterego_mod:DiscoLights"],"picked":"alterego_mod:HighServant+1","floor":19},{"not_picked":["alterego_mod:Stockings+1","alterego_mod:Belle"],"picked":"alterego_mod:IdEs","floor":20}],"player_experience":222645,"relics_obtained":[{"floor":7,"key":"Odd Mushroom"},{"floor":9,"key":"Shuriken"},{"floor":10,"key":"Pocketwatch"}],"event_choices":[{"damage_healed":0,"gold_gain":75,"player_choice":"Gather Gold","damage_taken":11,"max_hp_gain":0,"max_hp_loss":0,"event_name":"World of Goop","floor":2,"gold_loss":0},{"damage_healed":0,"gold_gain":0,"player_choice":"Box","damage_taken":0,"relics_obtained":["Pear"],"max_hp_gain":0,"max_hp_loss":0,"event_name":"Big Fish","floor":3,"gold_loss":0,"cards_obtained":["Regret"]},{"damage_healed":0,"gold_gain":0,"player_choice":"Fought Mushrooms","damage_taken":0,"max_hp_gain":0,"max_hp_loss":0,"event_name":"Mushrooms","floor":7,"gold_loss":0},{"damage_healed":0,"gold_gain":0,"cards_transformed":["alterego_mod:Defend","alterego_mod:Defend"],"player_choice":"Became Test Subject","damage_taken":0,"max_hp_gain":0,"max_hp_loss":0,"event_name":"Drug Dealer","floor":22,"gold_loss":0,"cards_obtained":["alterego_mod:Mirror","alterego_mod:Bunnysuit"]}],"is_beta":false,"boss_relics":[{"not_picked":["Coffee Dripper","Ectoplasm"],"picked":"Tiny House"}],"items_purged_floors":[],"is_endless":false,"potions_floor_spawned":[1,8,14,16,20],"killed_by":"Gremlin Leader","ascension_level":0}}