{"host":"jh7kh5nqtgzr3auj","time":1611617594,"event":{"mods":["AchievementEnabler","Act Like it!","BaseMod","CapriCore","Highlight Path","Minty Spire (QoL Compilation)","Quick Restart","StSLib","TestMod","The Bug Knight"],"gold_per_floor":[114,126,144,161,174,199,211,224,299,332,507,517,517,544,544,646,646,665,148,148,158,177,177,210,210,210,230,265,3,3,14,14,115,115,130,1129,1148,1148,672,672,700,700,700,735,76,100,100,117,117,117],"floor_reached":51,"language":"ZHS","playtime":2765,"items_purged":["HollowMod:NailStrikeStart","HollowMod:VengefulVoid","HollowMod:NewGlowingWomb+1","HalloweenModGhostCostume"],"score":1299,"play_id":"bb7c3d79-fca5-4e67-87e3-951aad366f08","local_time":"20210126073313","is_ascension_mode":true,"campfire_choices":[{"data":"HalloweenModCandy","floor":15.0,"key":"SMITH"},{"data":"HollowMod:FocusHealStart","floor":23.0,"key":"SMITH"},{"data":"HollowMod:LifebloodCore","floor":25.0,"key":"SMITH"},{"data":"HollowMod:QuickDashStart","floor":32.0,"key":"SMITH"},{"data":"HollowMod:PogoStrike","floor":40.0,"key":"SMITH"},{"data":"HalloweenModTrick","floor":42.0,"key":"SMITH"},{"data":"HollowMod:NewLittleFool","floor":47.0,"key":"SMITH"},{"floor":49.0,"key":"RECALL"}],"circlet_count":0,"master_deck":["HollowMod:QuickDashStart+1","HollowMod:FocusHealStart+1","HollowMod:PogoStrike+1","Regret","HollowMod:LifebloodCore+1","HalloweenModCandy+1","HalloweenModTrick+1","HalloweenModTrick","HalloweenModTrick+1","HalloweenModGhostCostume","HalloweenModTrick+1","Doubt","HalloweenModGhostCostume","HalloweenModCandy","HalloweenModGhostCostume","testmod-EternalityOfKhronos+1","HollowMod:DungDefenderAura+1","HollowMod:MantisMark+1","HalloweenModGhostCostume+1","HalloweenModTrick+1","testmod-EternalityOfKhronos+1","Impatience+1","HalloweenModTrick+1","HollowMod:CornifersMapStart+1","HollowMod:NewLittleFool+1","HollowMod:CloakDash+1"],"relics":["HollowMod:VesselMask","testmod-TestBox","HalloweenModHalloween","Blue Candle","Oddly Smooth Stone","Bottled Lightning","Gremlin Horn","Bag of Preparation","Coffee Dripper","testmod-Alchemist","Strange Spoon","testmod-Fortitude","Toxic Egg 2","Toy Ornithopter","Ornamental Fan","testmod-LifeArmor","Mummified Hand","Whetstone","testmod-Charity","testmod-ArcanaOfDestiny","Letter Opener"],"acts_visited":["Exordium","TheCity","TheBeyond"],"potions_floor_usage":[50],"damage_taken":[{"damage":1.0,"enemies":"Jaw Worm","floor":1.0,"turns":5.0},{"damage":0.0,"enemies":"Small Slimes","floor":2.0,"turns":4.0},{"damage":1.0,"enemies":"Cultist","floor":3.0,"turns":4.0},{"damage":3.0,"enemies":"Large Slime","floor":4.0,"turns":4.0},{"damage":1.0,"enemies":"Lots of Slimes","floor":5.0,"turns":2.0},{"damage":1.0,"enemies":"Gremlin Nob","floor":6.0,"turns":3.0},{"damage":0.0,"enemies":"2 Fungi Beasts","floor":7.0,"turns":3.0},{"damage":0.0,"enemies":"Gremlin Gang","floor":8.0,"turns":1.0},{"damage":1.0,"enemies":"Lagavulin","floor":10.0,"turns":5.0},{"damage":1.0,"enemies":"Looter","floor":12.0,"turns":3.0},{"damage":7.0,"enemies":"HollowMod:MossKnight","floor":14.0,"turns":5.0},{"damage":4.0,"enemies":"Slime Boss","floor":16.0,"turns":6.0},{"damage":3.0,"enemies":"2 Thieves","floor":18.0,"turns":2.0},{"damage":14.0,"enemies":"Chosen","floor":21.0,"turns":3.0},{"damage":2.0,"enemies":"Snake Plant","floor":22.0,"turns":2.0},{"damage":16.0,"enemies":"Gremlin Leader","floor":24.0,"turns":3.0},{"damage":1.0,"enemies":"Shelled Parasite and Fungi","floor":27.0,"turns":2.0},{"damage":5.0,"enemies":"Slavers","floor":28.0,"turns":3.0},{"damage":14.0,"enemies":"Cultist and Chosen","floor":31.0,"turns":5.0},{"damage":16.0,"enemies":"Champ","floor":33.0,"turns":5.0},{"damage":9.0,"enemies":"3 Darklings","floor":35.0,"turns":3.0},{"damage":16.0,"enemies":"Orb Walker","floor":37.0,"turns":3.0},{"damage":2.0,"enemies":"Nemesis","floor":41.0,"turns":4.0},{"damage":0.0,"enemies":"Giant Head","floor":44.0,"turns":5.0},{"damage":2.0,"enemies":"Nemesis","floor":46.0,"turns":3.0},{"damage":1.0,"enemies":"4 Shapes","floor":48.0,"turns":2.0},{"damage":2,"enemies":"Awakened One","floor":50,"turns":4}],"seed_played":"-6282962832126460231","potions_obtained":[{"floor":2.0,"key":"DistilledChaos"},{"floor":3.0,"key":"testmod-TestPotion"},{"floor":5.0,"key":"DuplicationPotion"},{"floor":8.0,"key":"SteroidPotion"},{"floor":12.0,"key":"BlessingOfTheForge"},{"floor":24.0,"key":"SteroidPotion"},{"floor":28.0,"key":"Strength Potion"},{"floor":37.0,"key":"PowerPotion"},{"floor":44.0,"key":"testmod-TestPotion"}],"is_trial":false,"path_per_floor":["M","M","M","M","M","E","M","M","T","E","?","M","?","E","R","B",null,"M","$","?","M","M","R","E","R","T","M","E","$","$","M","R","B",null,"M","?","M","?","$","R","E","R","T","E","$","E","R","M","R","B",null],"character_chosen":"THE_BUGKNIGHT","items_purchased":["testmod-Alchemist","Strange Spoon","testmod-EternalityOfKhronos+1","Impatience+1","Ornamental Fan","HollowMod:CornifersMapStart+1","testmod-Charity","HollowMod:NewLittleFool","HollowMod:CloakDash+1","testmod-ArcanaOfDestiny"],"campfire_rested":0,"item_purchase_floors":[19,19,29,39,39,45,45,45,45,45],"current_hp_per_floor":[75,75,75,75,75,74,75,75,75,75,75,75,75,75,75,75,75,73,73,73,69,75,75,59,59,59,62,75,75,75,75,75,75,75,75,75,69,69,69,69,75,75,75,75,75,75,75,77,77,77],"gold":117,"neow_bonus":"TRANSFORM_TWO_CARDS","is_daily":false,"chose_seed":false,"campfire_upgraded":7,"win_rate":0.0,"timestamp":1611617593,"path_taken":["M","M","M","M","M","E","M","M","T","E","?","M","?","E","R","BOSS","M","$","?","M","M","R","E","R","T","M","E","$","?","M","R","BOSS","M","?","M","?","$","R","E","R","T","E","$","E","R","M","R","BOSS"],"items_purchased_type":["Relic","Relic","Card","Card","Relic","Card","Relic","Card","Card","Relic"],"build_version":"2020-12-22","purchased_purges":4,"victory":true,"max_hp_per_floor":[75,75,75,75,75,75,75,75,75,75,75,75,75,75,75,75,75,75,75,75,75,75,75,75,75,75,75,75,75,75,75,75,75,75,75,75,75,75,75,75,75,75,75,75,75,76,76,77,77,77],"card_choices":[{"not_picked":["HalloweenModTrick","HalloweenModCandy"],"picked":"HalloweenModGhostCostume","floor":1.0},{"not_picked":["HalloweenModGhostCostume","HalloweenModTrick"],"picked":"HalloweenModCandy","floor":2.0},{"not_picked":["HalloweenModCandy","HalloweenModGhostCostume"],"picked":"HalloweenModTrick","floor":3.0},{"not_picked":["HalloweenModCandy","HalloweenModGhostCostume"],"picked":"HalloweenModTrick","floor":4.0},{"not_picked":["HalloweenModGhostCostume","HalloweenModCandy"],"picked":"HalloweenModTrick","floor":5.0},{"not_picked":["HalloweenModTrick","HalloweenModCandy"],"picked":"HalloweenModGhostCostume","floor":6.0},{"not_picked":["HalloweenModGhostCostume","HalloweenModCandy"],"picked":"HalloweenModTrick","floor":7.0},{"not_picked":["HalloweenModTrick","HalloweenModCandy","HalloweenModGhostCostume"],"picked":"SKIP","floor":8.0},{"not_picked":["HalloweenModGhostCostume","HalloweenModCandy","HalloweenModTrick"],"picked":"SKIP","floor":10.0},{"not_picked":["HalloweenModGhostCostume","HalloweenModCandy","HalloweenModTrick"],"picked":"SKIP","floor":12.0},{"not_picked":["HalloweenModCandy","HalloweenModGhostCostume","HalloweenModTrick"],"picked":"SKIP","floor":14.0},{"not_picked":["HalloweenModCandy","HalloweenModTrick"],"picked":"HalloweenModGhostCostume","floor":16.0},{"not_picked":["HalloweenModTrick","HalloweenModGhostCostume"],"picked":"HalloweenModCandy","floor":18.0},{"not_picked":["HalloweenModCandy+1","HalloweenModTrick"],"picked":"HalloweenModGhostCostume","floor":21.0},{"not_picked":["HalloweenModCandy","HalloweenModTrick","HalloweenModGhostCostume+1"],"picked":"SKIP","floor":22.0},{"not_picked":["HalloweenModCandy","HalloweenModTrick","HalloweenModGhostCostume"],"picked":"SKIP","floor":24.0},{"not_picked":["HalloweenModTrick","HalloweenModCandy+1","HalloweenModGhostCostume"],"picked":"SKIP","floor":27.0},{"not_picked":["HalloweenModCandy+1","HalloweenModGhostCostume","HalloweenModTrick"],"picked":"SKIP","floor":28.0},{"not_picked":["HalloweenModCandy+1","HalloweenModGhostCostume","HalloweenModTrick"],"picked":"SKIP","floor":31.0},{"not_picked":["HalloweenModCandy+1","HalloweenModTrick"],"picked":"HalloweenModGhostCostume+1","floor":35.0},{"not_picked":["HalloweenModGhostCostume","HalloweenModCandy+1"],"picked":"HalloweenModTrick+1","floor":37.0},{"not_picked":["HalloweenModGhostCostume","HalloweenModTrick+1","HalloweenModCandy+1"],"picked":"SKIP","floor":41.0},{"not_picked":["HalloweenModCandy+1","HalloweenModGhostCostume"],"picked":"HalloweenModTrick+1","floor":44.0},{"not_picked":["HalloweenModTrick+1","HalloweenModGhostCostume+1","HalloweenModCandy+1"],"picked":"SKIP","floor":46.0},{"not_picked":["HalloweenModCandy+1","HalloweenModTrick+1","HalloweenModGhostCostume"],"picked":"SKIP","floor":48.0}],"player_experience":326952,"relics_obtained":[{"floor":6.0,"key":"Oddly Smooth Stone"},{"floor":9.0,"key":"Bottled Lightning"},{"floor":10.0,"key":"Gremlin Horn"},{"floor":14.0,"key":"Bag of Preparation"},{"floor":24.0,"key":"testmod-Fortitude"},{"floor":26.0,"key":"Toxic Egg 2"},{"floor":28.0,"key":"Toy Ornithopter"},{"floor":41.0,"key":"testmod-LifeArmor"},{"floor":43.0,"key":"Mummified Hand"},{"floor":44.0,"key":"Whetstone"},{"floor":46.0,"key":"Letter Opener"}],"event_choices":[{"damage_healed":0.0,"max_hp_gain":0.0,"max_hp_loss":0.0,"gold_gain":175.0,"event_name":"Liars Game","player_choice":"AGREE","floor":11.0,"gold_loss":0.0,"damage_taken":0.0,"cards_obtained":["Doubt"]},{"cards_removed":["HollowMod:NailStrikeStart"],"damage_healed":0.0,"max_hp_gain":0.0,"max_hp_loss":0.0,"gold_gain":0.0,"event_name":"Living Wall","player_choice":"Forget","floor":13.0,"gold_loss":0.0,"damage_taken":0.0},{"damage_healed":0.0,"max_hp_gain":0.0,"max_hp_loss":0.0,"gold_gain":999.0,"event_name":"¶÷ÂåË¹µÄÅÌ×Ó","player_choice":"Sell","floor":36.0,"relics_lost":["Astrolabe"],"gold_loss":0.0,"damage_taken":0.0},{"damage_healed":0.0,"max_hp_gain":0.0,"max_hp_loss":0.0,"gold_gain":0.0,"event_name":"Duplicator","player_choice":"Copied","floor":38.0,"gold_loss":0.0,"damage_taken":0.0,"cards_obtained":["testmod-EternalityOfKhronos"]}],"is_beta":false,"boss_relics":[{"not_picked":["testmod-KeyOfTheVoid","testmod-NegativeEmotionEnhancer"],"picked":"Coffee Dripper"},{"not_picked":["Calling Bell","HollowMod:KingsSoulRelic"],"picked":"Astrolabe"}],"items_purged_floors":[19,29,39,45],"is_endless":false,"potions_floor_spawned":[2,3,5,8,12,24,27,28,37,41,44],"ascension_level":6}}