{"host":"1tl36azeqm6yhdgj","time":1611600182,"event":{"mods":["AchievementEnabler","BaseMod","Minty Spire (QoL Compilation)","StSLib","The IronCluck","everything is the same but u backflip on backflip"],"gold_per_floor":[116,116,135,147,163,191,203,215,215],"floor_reached":8,"language":"ENG","playtime":246,"items_purged":[],"score":116,"play_id":"e617cf60-1ea8-4122-8a4f-43e6362cab9f","local_time":"20210125134302","is_ascension_mode":true,"campfire_choices":[{"floor":7.0,"key":"REST"}],"circlet_count":0,"master_deck":["AscendersBane","Strike_R","Strike_R","Strike_R","Strike_R","Defend_R","Defend_R","Defend_R","Defend_R","Bash","Disarm","Seeing Red","Cleave","Thunderclap"],"relics":["Burning Blood","Blood Vial","MawBank"],"acts_visited":["Exordium"],"potions_floor_usage":[8],"damage_taken":[{"damage":13.0,"enemies":"2 Louse","floor":1.0,"turns":3.0},{"damage":5.0,"enemies":"Small Slimes","floor":3.0,"turns":4.0},{"damage":13.0,"enemies":"Cultist","floor":4.0,"turns":4.0},{"damage":14.0,"enemies":"Looter","floor":5.0,"turns":4.0},{"damage":32.0,"enemies":"Gremlin Nob","floor":6.0,"turns":4.0},{"damage":51,"enemies":"Lagavulin","floor":8,"turns":8}],"seed_played":"-1497804950218700393","potions_obtained":[{"floor":4.0,"key":"Block Potion"},{"floor":5.0,"key":"BlessingOfTheForge"},{"floor":6.0,"key":"DuplicationPotion"}],"is_trial":false,"path_per_floor":["M","?","M","M","M","E","R","E"],"character_chosen":"IRONCLAD","items_purchased":[],"campfire_rested":1,"item_purchase_floors":[],"current_hp_per_floor":[63,56,59,54,48,24,46,0,0],"gold":215,"neow_bonus":"RANDOM_COMMON_RELIC","is_daily":false,"chose_seed":false,"campfire_upgraded":0,"win_rate":0.0,"timestamp":1611600182,"path_taken":["M","?","M","M","M","E","R","E"],"items_purchased_type":[],"build_version":"2020-12-22","purchased_purges":0,"victory":false,"max_hp_per_floor":[75,75,75,75,75,75,75,75,75],"card_choices":[{"not_picked":["Wild Strike","Anger"],"picked":"Disarm","floor":1.0},{"not_picked":["Havoc","Evolve","Armaments"],"picked":"SKIP","floor":3.0},{"not_picked":["Hemokinesis","Disarm"],"picked":"Seeing Red","floor":4.0},{"not_picked":["Twin Strike","Reckless Charge"],"picked":"Cleave","floor":5.0},{"not_picked":["Heavy Blade","Seeing Red"],"picked":"Thunderclap","floor":6.0}],"player_experience":2052748,"relics_obtained":[{"floor":6.0,"key":"MawBank"}],"event_choices":[{"cards_removed":["Strike_R"],"damage_healed":0.0,"max_hp_gain":0.0,"max_hp_loss":0.0,"gold_gain":0.0,"event_name":"Golden Wing","player_choice":"Card Removal","floor":2.0,"gold_loss":0.0,"damage_taken":7.0}],"is_beta":false,"boss_relics":[],"items_purged_floors":[],"is_endless":false,"potions_floor_spawned":[4,5,6],"killed_by":"Lagavulin","ascension_level":20}}