{"host":"ju58ncaxwefs1zmn","time":1611591933,"event":{"mods":["100% Spire Juice","2.2 Compatiblity","Act Like it!","Aspiration","BaseMod","CapriCore","ChefMod","Colored Map","Gensokyo","Hermit","Highlight Path","HololiveMod","Hubris","Infinite Spire","Koishi","Marisa????????","Minty Spire (QoL Compilation)","Permanent Neow","Quick Restart","Random Character Button","Reliquary","Robot Space Explorer","StSLib","The Animator","The Cursed","The Hierophant","The Immortal","The Marked","The Servant 0.9.4","The Showman","TheBandit","Wandering Minibosses","Yakumo Yukari mod"],"gold_per_floor":[110,110,130,141,166,166,166],"floor_reached":6,"language":"ENG","playtime":659,"items_purged":[],"score":67,"play_id":"c2fe04a4-df64-47d2-af9a-a19a728f7009","local_time":"20210125082533","is_ascension_mode":true,"campfire_choices":[],"circlet_count":0,"master_deck":["AscendersBane","animator:Strike_HitsugiNoChaika","animator:Defend_HitsugiNoChaika","animator:Strike","animator:Strike","animator:Strike","animator:Defend","animator:Defend","animator:Defend","animator:AcuraAkari+1","animator:Gillette","animator:Sonic","Injury","animator:Hakurou","animator:PinaCoLada","animator:Layla"],"relics":["animator:LivingPicture","animator:TheMissingPiece","animator:PurgingStone","Toxic Egg 2"],"acts_visited":["Exordium"],"potions_floor_usage":[],"damage_taken":[{"damage":4,"enemies":"Small Slimes","floor":1,"turns":4},{"damage":14,"enemies":"2 Louse","floor":3,"turns":3},{"damage":4,"enemies":"Cultist","floor":4,"turns":4},{"damage":11,"enemies":"Blue Slaver","floor":5,"turns":4},{"damage":32,"enemies":"Gremlin Nob","floor":6,"turns":3}],"seed_played":"7294395800587993433","potions_obtained":[{"floor":5,"key":"Fire Potion"}],"is_trial":false,"path_per_floor":["M","?","M","M","M","E"],"character_chosen":"THE_ANIMATOR","items_purchased":[],"campfire_rested":0,"item_purchase_floors":[],"current_hp_per_floor":[50,50,36,32,21,0,0],"gold":166,"neow_bonus":"UPGRADE_CARD","is_daily":false,"chose_seed":false,"campfire_upgraded":0,"win_rate":0.0,"timestamp":1611591933,"path_taken":["M","?","M","M","M","E"],"items_purchased_type":[],"build_version":"2020-12-22","purchased_purges":0,"victory":false,"max_hp_per_floor":[60,60,60,60,60,60,60],"card_choices":[{"not_picked":["animator:Shalltear","animator:ZankiKiguchi"],"picked":"animator:Sonic","floor":1},{"not_picked":["animator:OrikoMikuni+1","animator:ElricAlphonse+1"],"picked":"animator:Hakurou","floor":3},{"not_picked":["animator:OrikoMikuni+1","animator:DwarfShaman"],"picked":"animator:PinaCoLada","floor":4},{"not_picked":["animator:Gillette","animator:Fredrika+1"],"picked":"animator:Layla","floor":5}],"player_experience":1164150,"relics_obtained":[],"event_choices":[],"is_beta":false,"boss_relics":[],"items_purged_floors":[],"is_endless":false,"potions_floor_spawned":[5],"killed_by":"Gremlin Nob","ascension_level":15}}