{"host":"52lujqhsyicpcskq","time":1611580556,"event":{"mods":["BaseMod","Colored Map","Minty Spire (QoL Compilation)","Permanent Neow","StSLib","SuperFastMode","everything is the same but u backflip on backflip"],"gold_per_floor":[14,14,0,19,34,34,75,75],"floor_reached":7,"language":"KOR","playtime":161,"items_purged":[],"score":74,"play_id":"b3ef18c6-98a8-4aa4-88f8-ef9f8836cf92","local_time":"20210125221556","is_ascension_mode":true,"campfire_choices":[{"data":"Body Slam","floor":6,"key":"SMITH"}],"circlet_count":0,"master_deck":["Strike_R","Strike_R","Strike_R","Strike_R","Strike_R","Defend_R","Defend_R","Defend_R","Defend_R","Bash","Immolate","Headbutt","Shrug It Off","Body Slam+1","Inflame"],"relics":["Burning Blood","Golden Idol","Lizard Tail"],"acts_visited":["Exordium"],"potions_floor_usage":[7],"damage_taken":[{"damage":2,"enemies":"Jaw Worm","floor":1,"turns":4},{"damage":0,"enemies":"2 Louse","floor":4,"turns":1},{"damage":1,"enemies":"Cultist","floor":5,"turns":3},{"damage":20,"enemies":"Lagavulin","floor":7,"turns":5}],"seed_played":"-3579852321865463910","potions_obtained":[{"floor":4,"key":"SpeedPotion"}],"is_trial":false,"path_per_floor":["M","?","?","M","M","R","E"],"character_chosen":"IRONCLAD","items_purchased":[],"campfire_rested":0,"item_purchase_floors":[],"current_hp_per_floor":[76,56,56,62,67,67,53,53],"gold":75,"neow_bonus":"THREE_RARE_CARDS","is_daily":false,"chose_seed":false,"campfire_upgraded":1,"win_rate":0.0,"timestamp":1611580556,"path_taken":["M","?","?","M","M","R","E"],"items_purchased_type":[],"build_version":"2020-12-22","purchased_purges":0,"victory":false,"max_hp_per_floor":[80,80,80,80,80,80,80,80],"card_choices":[{"not_picked":["Berserk","Reaper"],"picked":"Immolate","floor":0},{"not_picked":["Cleave","Havoc"],"picked":"Headbutt","floor":1},{"not_picked":["Body Slam","Combust"],"picked":"Shrug It Off","floor":4},{"not_picked":["Clash","Immolate"],"picked":"Body Slam","floor":5},{"not_picked":["Searing Blow","Body Slam"],"picked":"Inflame","floor":7}],"player_experience":744064,"relics_obtained":[{"floor":7,"key":"Lizard Tail"}],"event_choices":[{"damage_healed":0,"gold_gain":0,"player_choice":"Take Damage","damage_taken":20,"relics_obtained":["Golden Idol"],"max_hp_gain":0,"max_hp_loss":0,"event_name":"Golden Idol","floor":2,"gold_loss":0},{"damage_healed":0,"gold_gain":0,"player_choice":"Left Gold","damage_taken":0,"max_hp_gain":0,"max_hp_loss":0,"event_name":"World of Goop","floor":3,"gold_loss":14}],"is_beta":false,"boss_relics":[],"items_purged_floors":[],"is_endless":false,"potions_floor_spawned":[4],"killed_by":"Lagavulin","ascension_level":9}}