{"host":"y76clbnovzmw9ubx","time":1611616810,"event":{"mods":["AchievementEnabler","BaseMod","Minty Spire (QoL Compilation)","Permanent Neow","Relic Stats"],"gold_per_floor":[119,138,154,167,178,210,210,222,245,245,245,245,267,293,293,293,293],"floor_reached":16,"language":"ENG","playtime":880,"items_purged":[],"score":212,"play_id":"a9907efc-7b35-4c5a-8c88-a72d092b7571","local_time":"20210125182010","is_ascension_mode":true,"campfire_choices":[{"data":"Envenom","floor":7,"key":"SMITH"},{"floor":10,"key":"REST"},{"data":"All Out Attack","floor":12,"key":"SMITH"},{"data":"Cloak And Dagger","floor":15,"key":"SMITH"}],"circlet_count":0,"master_deck":["AscendersBane","Strike_G","Strike_G","Strike_G","Strike_G","Strike_G","Defend_G","Defend_G","Defend_G","Defend_G","Defend_G","Survivor","Neutralize","Envenom+1","All Out Attack+1","Dodge and Roll","Masterful Stab","Slice","Bouncing Flask","Adrenaline","Cloak And Dagger+1","Escape Plan"],"relics":["Ring of the Snake","Bag of Preparation","CeramicFish"],"acts_visited":["Exordium"],"potions_floor_usage":[6,6,16,16],"damage_taken":[{"damage":4,"enemies":"Jaw Worm","floor":1,"turns":7},{"damage":5,"enemies":"2 Louse","floor":2,"turns":4},{"damage":12,"enemies":"Small Slimes","floor":3,"turns":5},{"damage":4,"enemies":"Red Slaver","floor":4,"turns":4},{"damage":4,"enemies":"Blue Slaver","floor":5,"turns":4},{"damage":6,"enemies":"3 Sentries","floor":6,"turns":4},{"damage":14,"enemies":"Large Slime","floor":8,"turns":5},{"damage":0,"enemies":"2 Fungi Beasts","floor":13,"turns":2},{"damage":0,"enemies":"Lots of Slimes","floor":14,"turns":3},{"damage":26,"enemies":"Slime Boss","floor":16,"turns":8}],"seed_played":"6234728413904007274","potions_obtained":[{"floor":1,"key":"Block Potion"},{"floor":3,"key":"LiquidMemories"},{"floor":13,"key":"Block Potion"},{"floor":14,"key":"BlessingOfTheForge"}],"is_trial":false,"path_per_floor":["M","M","M","M","M","E","R","M","T","R","?","R","M","M","R","B"],"character_chosen":"THE_SILENT","items_purchased":[],"campfire_rested":1,"item_purchase_floors":[],"current_hp_per_floor":[55,50,38,34,30,24,24,10,10,28,28,28,28,28,28,2,2],"gold":293,"neow_bonus":"THREE_RARE_CARDS","is_daily":false,"chose_seed":false,"campfire_upgraded":3,"win_rate":0.0,"timestamp":1611616810,"path_taken":["M","M","M","M","M","E","R","M","T","R","?","R","M","M","R","BOSS"],"items_purchased_type":[],"build_version":"2020-12-22","purchased_purges":0,"victory":false,"max_hp_per_floor":[60,60,60,60,60,60,60,60,60,60,60,60,60,60,60,60,60],"relic_stats":{"counters":[10,46],"CeramicFish":18,"Bag of Preparation":[8],"obtain_stats":[{"CeramicFish":9,"Bag of Preparation":6,"Ring of the Snake":0},{"CeramicFish":7,"Bag of Preparation":6,"Ring of the Snake":0},{"CeramicFish":33,"Bag of Preparation":28,"Ring of the Snake":0}],"Ring of the Snake":[20]},"card_choices":[{"not_picked":["A Thousand Cuts","Corpse Explosion"],"picked":"Envenom","floor":0},{"not_picked":["Tactician","Outmaneuver"],"picked":"All Out Attack","floor":1},{"not_picked":["Bane","Dagger Spray"],"picked":"Dodge and Roll","floor":2},{"not_picked":["Deflect","Outmaneuver"],"picked":"Masterful Stab","floor":3},{"not_picked":["Prepared","Poisoned Stab"],"picked":"Slice","floor":4},{"not_picked":["Poisoned Stab","Caltrops"],"picked":"Bouncing Flask","floor":5},{"not_picked":["Setup","Distraction"],"picked":"Adrenaline","floor":6},{"not_picked":["Underhanded Strike","Sucker Punch","Outmaneuver"],"picked":"SKIP","floor":8},{"not_picked":["Prepared","Quick Slash"],"picked":"Cloak And Dagger","floor":13},{"not_picked":["Distraction","Quick Slash"],"picked":"Escape Plan","floor":14}],"player_experience":3129174,"relics_obtained":[{"floor":6,"key":"Bag of Preparation"},{"floor":9,"key":"CeramicFish"}],"event_choices":[{"damage_healed":0,"gold_gain":0,"player_choice":"Ignored","damage_taken":0,"max_hp_gain":0,"max_hp_loss":0,"event_name":"Liars Game","floor":11,"gold_loss":0}],"is_beta":false,"boss_relics":[],"items_purged_floors":[],"is_endless":false,"potions_floor_spawned":[1,3,4,13,14],"killed_by":"Slime Boss","ascension_level":20}}