{"host":"vumwfieg2b2mnrfl","time":1611545875,"event":{"mods":["AchievementEnabler","BaseMod","Minty Spire (QoL Compilation)","Rare Cards Sparkle","Relic Stats"],"gold_per_floor":[110,110,123,139,150,150,177,177,177,241,253,286,211,223,223,294,294,312,343,268,268,286,286,319,319,343,358,372,154,154,170,170,170,170],"floor_reached":33,"language":"ENG","playtime":1133,"items_purged":["Strike_R"],"score":576,"play_id":"65ee9d13-4508-4766-853c-b197ecf162df","local_time":"20210124213755","is_ascension_mode":true,"campfire_choices":[{"data":"Spot Weakness","floor":6.0,"key":"SMITH"},{"data":"Bash","floor":8.0,"key":"SMITH"},{"data":"Berserk","floor":15.0,"key":"SMITH"},{"floor":23.0,"key":"REST"},{"data":"Shrug It Off","floor":25,"key":"SMITH"},{"data":"Shrug It Off","floor":30,"key":"SMITH"},{"floor":32,"key":"REST"}],"circlet_count":0,"master_deck":["AscendersBane","Strike_R","Strike_R","Strike_R","Defend_R","Defend_R","Defend_R","Defend_R","Bash+1","Clash","Spot Weakness+1","Whirlwind","Shrug It Off+1","Headbutt","Berserk+1","Reaper","Shrug It Off+1","Carnage","Spot Weakness","Shrug It Off"],"relics":["Burning Blood","NeowsBlessing","FaceOfCleric","Pear","Singing Bowl","Thread and Needle","SacredBark","Nloth\u0027s Gift","Darkstone Periapt","Red Skull","Strange Spoon"],"acts_visited":["Exordium","TheCity"],"potions_floor_usage":[24,24,28],"damage_taken":[{"damage":0.0,"enemies":"Jaw Worm","floor":1.0,"turns":1.0},{"damage":0.0,"enemies":"Cultist","floor":3.0,"turns":1.0},{"damage":0.0,"enemies":"2 Louse","floor":4.0,"turns":1.0},{"damage":13.0,"enemies":"Blue Slaver","floor":5.0,"turns":3.0},{"damage":43.0,"enemies":"Gremlin Nob","floor":7.0,"turns":4.0},{"damage":0.0,"enemies":"3 Louse","floor":11.0,"turns":1.0},{"damage":25.0,"enemies":"3 Sentries","floor":12.0,"turns":6.0},{"damage":14.0,"enemies":"Gremlin Gang","floor":14.0,"turns":3.0},{"damage":23.0,"enemies":"Hexaghost","floor":16.0,"turns":8.0},{"damage":41.0,"enemies":"Spheric Guardian","floor":18.0,"turns":6.0},{"damage":64.0,"enemies":"Masked Bandits","floor":19.0,"turns":4.0},{"damage":29.0,"enemies":"Chosen","floor":22.0,"turns":5.0},{"damage":81,"enemies":"Gremlin Leader","floor":24,"turns":8},{"damage":38,"enemies":"Centurion and Healer","floor":27,"turns":8},{"damage":28,"enemies":"Snecko","floor":28,"turns":5},{"damage":35,"enemies":"Shelled Parasite and Fungi","floor":31,"turns":7},{"damage":143,"enemies":"Automaton","floor":33,"turns":12}],"seed_played":"-3105513396689042088","potions_obtained":[{"floor":5.0,"key":"ColorlessPotion"},{"floor":11.0,"key":"FairyPotion"},{"floor":14.0,"key":"LiquidBronze"},{"floor":22.0,"key":"Fire Potion"},{"floor":24,"key":"BlessingOfTheForge"},{"floor":27,"key":"ColorlessPotion"},{"floor":28,"key":"Fire Potion"}],"is_trial":false,"path_per_floor":["M","?","M","M","M","R","E","R","T","?","M","E","$","M","R","B",null,"M","?","?","?","M","R","E","R","T","M","M","$","R","M","R","B"],"character_chosen":"IRONCLAD","items_purchased":["Strange Spoon","Shrug It Off"],"campfire_rested":2,"item_purchase_floors":[29,29],"current_hp_per_floor":[74,74,76,77,71,71,45,45,45,45,54,38,38,31,31,15,77,45,10,10,10,66,97,67,67,67,60,50,50,50,45,78,0,0],"gold":170,"neow_bonus":"THREE_ENEMY_KILL","is_daily":false,"chose_seed":false,"campfire_upgraded":5,"win_rate":0.0,"timestamp":1611545875,"path_taken":["M","?","?","M","?","R","E","R","T","?","M","E","$","M","R","BOSS","M","?","?","?","?","R","E","R","T","M","M","$","R","M","R","BOSS"],"items_purchased_type":["Relic","Card"],"build_version":"2020-12-22","purchased_purges":1,"victory":false,"max_hp_per_floor":[75,75,76,77,78,78,89,89,89,89,92,95,95,96,96,97,97,100,101,101,101,104,104,105,105,105,108,109,109,109,112,112,112,112],"relic_stats":{"Darkstone Periapt":0,"Strange Spoon":[2],"FaceOfCleric":15,"Singing Bowl":12,"counters":[17,83],"Nloth\u0027s Gift":0,"obtain_stats":[{"Darkstone Periapt":24,"Strange Spoon":29,"Pear":7,"NeowsBlessing":0,"FaceOfCleric":2,"Singing Bowl":9,"SacredBark":17,"Thread and Needle":12,"Red Mask":19,"Nloth\u0027s Gift":21,"Burning Blood":0,"Red Skull":26},{"Darkstone Periapt":13,"Strange Spoon":15,"Pear":5,"NeowsBlessing":0,"FaceOfCleric":1,"Singing Bowl":5,"SacredBark":9,"Thread and Needle":7,"Red Mask":11,"Nloth\u0027s Gift":11,"Burning Blood":0,"Red Skull":13},{"Darkstone Periapt":51,"Strange Spoon":64,"Pear":10,"NeowsBlessing":0,"FaceOfCleric":1,"Singing Bowl":10,"SacredBark":28,"Thread and Needle":17,"Red Mask":38,"Nloth\u0027s Gift":38,"Burning Blood":0,"Red Skull":51}],"Burning Blood":85},"card_choices":[{"not_picked":["Twin Strike","Sword Boomerang"],"picked":"Clash","floor":1.0},{"not_picked":["Havoc","Burning Pact"],"picked":"Spot Weakness","floor":3.0},{"not_picked":["Sever Soul","Sword Boomerang"],"picked":"Whirlwind","floor":4.0},{"not_picked":["Havoc","Warcry"],"picked":"Shrug It Off","floor":5.0},{"not_picked":["Exhume","Cleave"],"picked":"Headbutt","floor":7.0},{"not_picked":["Sword Boomerang","Infernal Blade","Hemokinesis"],"picked":"Singing Bowl","floor":11.0},{"not_picked":["Burning Pact","Iron Wave","Perfected Strike"],"picked":"Singing Bowl","floor":12.0},{"not_picked":["Perfected Strike","True Grit"],"picked":"Berserk","floor":14.0},{"not_picked":["Bludgeon","Juggernaut"],"picked":"Reaper","floor":16.0},{"not_picked":["Rage","Headbutt","Twin Strike+1"],"picked":"Singing Bowl","floor":18.0},{"not_picked":["Second Wind","Clash"],"picked":"Shrug It Off","floor":19.0},{"not_picked":["Flex","Twin Strike","Feel No Pain"],"picked":"Singing Bowl","floor":22.0},{"not_picked":["Infernal Blade","Wild Strike"],"picked":"Carnage","floor":24},{"not_picked":["Perfected Strike","Warcry","Bloodletting"],"picked":"Singing Bowl","floor":27},{"not_picked":["Whirlwind","Carnage"],"picked":"Spot Weakness","floor":28},{"not_picked":["Rage","Dropkick","Corruption"],"picked":"Singing Bowl","floor":31}],"player_experience":455953,"relics_obtained":[{"floor":7.0,"key":"Pear"},{"floor":9.0,"key":"Singing Bowl"},{"floor":12.0,"key":"Thread and Needle"},{"floor":19.0,"key":"Red Mask"},{"floor":24,"key":"Darkstone Periapt"},{"floor":26,"key":"Red Skull"}],"event_choices":[{"damage_healed":0.0,"max_hp_gain":0.0,"max_hp_loss":0.0,"gold_gain":0.0,"event_name":"FaceTrader","player_choice":"Trade","floor":2.0,"gold_loss":0.0,"damage_taken":0.0,"relics_obtained":["FaceOfCleric"]},{"damage_healed":0.0,"max_hp_gain":0.0,"max_hp_loss":0.0,"gold_gain":64.0,"event_name":"Golden Wing","player_choice":"Gained Gold","floor":10.0,"gold_loss":0.0,"damage_taken":0.0},{"damage_healed":0.0,"max_hp_gain":0.0,"max_hp_loss":0.0,"gold_gain":0.0,"event_name":"Masked Bandits","player_choice":"Fought Bandits","floor":19.0,"gold_loss":0.0,"damage_taken":0.0},{"cards_removed":["Strike_R"],"damage_healed":0.0,"max_hp_gain":0.0,"max_hp_loss":0.0,"gold_gain":0.0,"event_name":"Beggar","player_choice":"Gave Gold","floor":20.0,"gold_loss":75.0,"damage_taken":0.0},{"damage_healed":0.0,"max_hp_gain":0.0,"max_hp_loss":0.0,"gold_gain":0.0,"event_name":"N\u0027loth","player_choice":"Traded Relic","floor":21.0,"relics_lost":["Red Mask"],"gold_loss":0.0,"damage_taken":0.0,"relics_obtained":["Nloth\u0027s Gift"]}],"is_beta":false,"boss_relics":[{"not_picked":["Velvet Choker","Runic Dome"],"picked":"SacredBark"}],"items_purged_floors":[13],"is_endless":false,"potions_floor_spawned":[5,11,14,16,22,24,27,28],"killed_by":"Automaton","ascension_level":18}}