{"host":"Ringo","time":1611580722,"event":{"mods":["BaseMod","Colored Map","Conspire","Dota2Spire","Minty Spire (QoL Compilation)","Replay The Spire","StSLib","The Invoker Mod","[IsaacMod]ÒÔÈö¼âËþ","¡¾ÒÅÎï¿¨ÅÆ¡¿REMEMod"],"gold_per_floor":[116,134,144,144,144,144,173,173,173,173,248,267,267,267],"floor_reached":13,"language":"ZHS","playtime":358,"items_purged":[],"score":116,"play_id":"1e364c8a-c821-42ec-8a2d-02fece0f1bde","local_time":"20210125211842","is_ascension_mode":true,"campfire_choices":[{"data":"Rupture","floor":6,"key":"SMITH"},{"data":"Bloodletting","floor":8,"key":"SMITH"}],"circlet_count":0,"master_deck":["Strike_R","Strike_R","Strike_R","Strike_R","Strike_R","Defend_R","Defend_R","Defend_R","Defend_R","Bash","Transmutation","Brutality","Bloodletting+1","Rupture+1","Forethought","Flex+1"],"relics":["Burning Blood","HushsDoor","REME_ComplimentaryCards","Leech","PreservedInsect","Toxic Egg 2","BelialBook","Golden Idol","Pantograph"],"acts_visited":["Exordium"],"potions_floor_usage":[7,7],"damage_taken":[{"damage":2,"enemies":"Jaw Worm","floor":1,"turns":3},{"damage":3,"enemies":"Cultist","floor":2,"turns":3},{"damage":2,"enemies":"2 Louse","floor":3,"turns":3},{"damage":19,"enemies":"3 Sentries","floor":7,"turns":4},{"damage":23,"enemies":"Blue Slaver","floor":12,"turns":3},{"damage":38,"enemies":"Replay:BlueRogue","floor":13,"turns":4}],"seed_played":"-1231403085356143518","potions_obtained":[{"floor":1,"key":"Regen Potion"},{"floor":3,"key":"EssenceOfSteel"},{"floor":7,"key":"Ancient Potion"}],"is_trial":false,"path_per_floor":["M","M","M","?","?","R","E","R","T","?","T","M","E"],"character_chosen":"IRONCLAD","items_purchased":[],"campfire_rested":0,"item_purchase_floors":[],"current_hp_per_floor":[79,80,80,65,65,65,68,68,68,48,48,35,0,0],"gold":267,"neow_bonus":"COLORLESS_CARD","is_daily":false,"chose_seed":false,"campfire_upgraded":2,"win_rate":0.0,"timestamp":1611580722,"path_taken":["M","M","M","?","?","R","E","R","T","?","?","M","E"],"items_purchased_type":[],"build_version":"2020-12-18","purchased_purges":0,"victory":false,"max_hp_per_floor":[80,80,80,80,80,80,80,80,80,80,80,82,82,82],"card_choices":[{"not_picked":["Thunderclap","Exhume"],"picked":"Bloodletting","floor":1},{"not_picked":["Burning Pact","Flame Barrier","ReplayTheSpireMod:Strike From Hell"],"picked":"SKIP","floor":2},{"not_picked":["ReplayTheSpireMod:Limb From Limb","Sword Boomerang"],"picked":"Rupture","floor":3},{"not_picked":["Anger","Disarm+1","Perfected Strike"],"picked":"SKIP","floor":7},{"not_picked":["Replay:Undeath\u0027s Touch","Headbutt"],"picked":"Flex+1","floor":12}],"player_experience":561139,"relics_obtained":[{"floor":7,"key":"Toxic Egg 2"},{"floor":9,"key":"BelialBook"},{"floor":11,"key":"Pantograph"}],"event_choices":[{"damage_healed":0,"gold_gain":0,"player_choice":"1 cards matched","damage_taken":0,"max_hp_gain":0,"max_hp_loss":0,"event_name":"Match and Keep!","floor":5,"gold_loss":0,"cards_obtained":["Forethought"]},{"damage_healed":0,"gold_gain":0,"player_choice":"Take Damage","damage_taken":20,"relics_obtained":["Golden Idol"],"max_hp_gain":0,"max_hp_loss":0,"event_name":"Golden Idol","floor":10,"gold_loss":0}],"is_beta":true,"boss_relics":[],"items_purged_floors":[],"is_endless":false,"potions_floor_spawned":[1,3,7],"killed_by":"Replay:BlueRogue","ascension_level":8}}