{"host":"d7fiu2yjkssjxoz6","time":1611568452,"event":{"mods":["AchievementEnabler","BaseMod","Duelist Mod","Minty Spire (QoL Compilation)","StSLib"],"gold_per_floor":[138,213,227,227,244,275,275,307,333,358,358,375,395,423,423,520,520,537,537,537,537,537,568,568,591,873,885,912,930,943,960,960,1057,1057,1070,1082,1098,1108,1120,1120,1153,1153,1153,1153,1153,1153,1171,1190,1190,1190,1190],"floor_reached":50,"language":"ENG","playtime":3073,"items_purged":[],"score":1189,"play_id":"39575868-2c10-44b2-b7ee-6853e3ad8e44","local_time":"20210125015412","is_ascension_mode":true,"campfire_choices":[{"data":"theDuelist:PlantFoodChain","floor":7.0,"key":"SMITH"},{"data":"theDuelist:VioletCrystal","floor":11.0,"key":"SMITH"},{"data":"theDuelist:FallenAngelRoses","floor":15.0,"key":"SMITH"},{"data":"theDuelist:KamionTimelord","floor":24.0,"key":"SMITH"},{"data":"theDuelist:BlockGolem","floor":32.0,"key":"SMITH"},{"data":"theDuelist:LonefireBlossom","floor":40.0,"key":"SMITH"},{"data":"theDuelist:PlantFoodChain","floor":42,"key":"SMITH"},{"floor":44,"key":"REST"},{"floor":46,"key":"RECALL"},{"data":"theDuelist:PredaplantDrosophyllum","floor":49,"key":"SMITH"}],"circlet_count":0,"master_deck":["theDuelist:CactusBouncer","theDuelist:DarkworldThorns","theDuelist:GracefulCharity","theDuelist:VioletCrystal+1","theDuelist:DarkworldThorns","theDuelist:SuperSolarNutrient","AscendersBane","theDuelist:DestroyerGolem","theDuelist:PlantFoodChain+1","theDuelist:VioletCrystal","theDuelist:WormApocalypse","theDuelist:KamionTimelord+1","theDuelist:AngelTrumpeter","theDuelist:RevivalRose","theDuelist:FallenAngelRoses+1","theDuelist:SuperSolarNutrient","theDuelist:BigFire","theDuelist:VioletCrystal+1","theDuelist:PredaplantChlamydosundew","theDuelist:Inmato","theDuelist:JerryBeansMan","theDuelist:JerryBeansMan","theDuelist:LordPoison","theDuelist:BlockGolem+1","theDuelist:ReinforcementsArmy","theDuelist:RevivalRose","theDuelist:SilverApples","theDuelist:AngelTrumpeter","theDuelist:PlantFoodChain+1","theDuelist:PowerGiant","theDuelist:KamionTimelord+1","theDuelist:LonefireBlossom+1","theDuelist:SeedCannon+1","theDuelist:Firegrass+1","theDuelist:WorldCarrot+1","theDuelist:SuperSolarNutrient+1","theDuelist:SuperSolarNutrient","theDuelist:PredaplantDrosophyllum+1"],"relics":["theDuelist:MillenniumPuzzle","theDuelist:CardPoolRelic","theDuelist:CardPoolBasicRelic","theDuelist:BoosterPackPoolRelic","theDuelist:CardPoolAddRelic","theDuelist:CardPoolMinusRelic","theDuelist:CardPoolSaveRelic","theDuelist:CardPoolOptionsRelic","theDuelist:DuelistTeaSet","Red Skull","theDuelist:MillenniumArmor","Bottled Tornado","Ginger","theDuelist:ElectricKey","Nilry\u0027s Codex","Potion Belt","theDuelist:MillenniumCoin","Bag of Preparation","Pandora\u0027s Box","Dream Catcher","Juzu Bracelet","Shuriken"],"acts_visited":["Exordium","TheCity","TheBeyond"],"potions_floor_usage":[50],"damage_taken":[{"damage":0.0,"enemies":"Small Slimes","floor":1.0,"turns":4.0},{"damage":2.0,"enemies":"Jaw Worm","floor":3.0,"turns":4.0},{"damage":0.0,"enemies":"Cultist","floor":5.0,"turns":4.0},{"damage":8.0,"enemies":"Lagavulin","floor":6.0,"turns":5.0},{"damage":12.0,"enemies":"3 Sentries","floor":8.0,"turns":4.0},{"damage":0.0,"enemies":"Lagavulin","floor":10.0,"turns":7.0},{"damage":0.0,"enemies":"Exordium Wildlife","floor":12.0,"turns":3.0},{"damage":0.0,"enemies":"Blue Slaver","floor":13.0,"turns":4.0},{"damage":6.0,"enemies":"Gremlin Nob","floor":14.0,"turns":4.0},{"damage":0.0,"enemies":"Slime Boss","floor":16.0,"turns":8.0},{"damage":0.0,"enemies":"Chosen","floor":18.0,"turns":6.0},{"damage":0.0,"enemies":"Gremlin Leader","floor":23.0,"turns":6.0},{"damage":0.0,"enemies":"3 Byrds","floor":27.0,"turns":2.0},{"damage":12.0,"enemies":"Slavers","floor":28.0,"turns":6.0},{"damage":0.0,"enemies":"Snecko","floor":29.0,"turns":3.0},{"damage":0.0,"enemies":"Centurion and Healer","floor":30.0,"turns":4.0},{"damage":0.0,"enemies":"Cultist and Chosen","floor":31.0,"turns":3.0},{"damage":0.0,"enemies":"Automaton","floor":33.0,"turns":7.0},{"damage":0.0,"enemies":"Orb Walker","floor":35.0,"turns":4.0},{"damage":16.0,"enemies":"3 Darklings","floor":36.0,"turns":5.0},{"damage":0.0,"enemies":"Maw","floor":37.0,"turns":7.0},{"damage":7.0,"enemies":"Writhing Mass","floor":38.0,"turns":5.0},{"damage":0.0,"enemies":"4 Shapes","floor":39.0,"turns":6.0},{"damage":0,"enemies":"Nemesis","floor":41,"turns":5},{"damage":2,"enemies":"3 Darklings","floor":47,"turns":5},{"damage":0,"enemies":"Maw","floor":48,"turns":6},{"damage":74,"enemies":"Time Eater","floor":50,"turns":11}],"seed_played":"-789869926694197645","potions_obtained":[{"floor":1.0,"key":"theDuelist:OrbBottle"},{"floor":6.0,"key":"theDuelist:CoolBottle"},{"floor":10.0,"key":"theDuelist:VampireVial"},{"floor":14.0,"key":"Ancient Potion"},{"floor":23.0,"key":"CultistPotion"},{"floor":28.0,"key":"theDuelist:DebuffArmorPotion"},{"floor":31.0,"key":"theDuelist:BurningPotion"},{"floor":35.0,"key":"DistilledChaos"},{"floor":36.0,"key":"Swift Potion"}],"is_trial":false,"path_per_floor":["M","?","M","?","M","E","R","E","T","E","R","M","M","E","R","B",null,"M","?","?","?","?","E","R","T","T","M","E","M","M","M","R","B",null,"M","M","M","M","M","R","E","R","T","R","T","R","M","M","R","B"],"character_chosen":"THE_DUELIST","items_purchased":[],"campfire_rested":1,"item_purchase_floors":[],"current_hp_per_floor":[72,61,59,59,59,51,51,39,39,39,39,39,39,33,33,33,68,68,53,37,37,37,37,37,37,37,37,25,25,25,25,25,25,70,70,54,54,47,47,47,47,47,47,72,72,72,70,70,70,0,0],"gold":1190,"neow_bonus":"THREE_RARE_CARDS","is_daily":false,"chose_seed":false,"campfire_upgraded":8,"win_rate":0.0,"timestamp":1611568452,"path_taken":["M","?","M","?","M","E","R","E","T","E","R","M","?","E","R","BOSS","M","?","?","?","?","E","R","?","T","M","E","M","M","?","R","BOSS","M","?","M","?","M","R","E","R","T","R","?","R","M","M","R","BOSS"],"items_purchased_type":[],"build_version":"2020-12-22","purchased_purges":0,"victory":false,"max_hp_per_floor":[80,80,80,80,80,80,80,80,80,80,80,80,80,80,80,80,80,80,85,85,85,85,85,85,85,85,85,85,85,85,85,85,85,85,85,85,85,85,85,85,85,85,85,85,85,85,85,85,85,85,85],"card_choices":[{"not_picked":["theDuelist:PredaplantChimerafflesia","theDuelist:Gigaplant"],"picked":"theDuelist:RevivalRose","floor":0.0},{"not_picked":["theDuelist:SplendidRose","theDuelist:BloomingDarkestRose","theDuelist:WorldTree"],"picked":"theDuelist:VioletCrystal","floor":1.0},{"not_picked":["theDuelist:PredaplantPterapenthes","theDuelist:Reinforcements","theDuelist:CrystalRose","theDuelist:SilverApples"],"picked":"theDuelist:SuperSolarNutrient","floor":3.0},{"not_picked":["theDuelist:QueenAngelRoses","theDuelist:HeartUnderdog"],"picked":"theDuelist:PlantFoodChain","floor":5.0},{"not_picked":["theDuelist:HammerShot","theDuelist:BlueBloodedOni","theDuelist:RedMedicine","theDuelist:GraniteLoyalist"],"picked":"theDuelist:DestroyerGolem","floor":6.0},{"not_picked":["theDuelist:PredaplantDrosophyllum","theDuelist:Mudora"],"picked":"theDuelist:FallenAngelRoses","floor":8.0},{"not_picked":["theDuelist:BotanicalLion","theDuelist:Spore","theDuelist:Invigoration","theDuelist:SplendidRose"],"picked":"theDuelist:WormApocalypse","floor":10.0},{"not_picked":["theDuelist:SplendidRose","theDuelist:BloomingDarkestRose","theDuelist:WorldTree"],"picked":"theDuelist:VioletCrystal","floor":12.0},{"not_picked":["theDuelist:JerryBeansMan","theDuelist:BotanicalLion","theDuelist:SilverApples","theDuelist:Inmato"],"picked":"theDuelist:GracefulCharity","floor":13.0},{"not_picked":["theDuelist:CactusBouncer","theDuelist:Spore","theDuelist:PredaplantFlytrap","theDuelist:RagingMadPlants"],"picked":"theDuelist:PredaplantChlamydosundew","floor":14.0},{"not_picked":["theDuelist:PredaplantSarraceniant","theDuelist:RoseArcher","theDuelist:HeartUnderdog","theDuelist:SeedCannon"],"picked":"theDuelist:KamionTimelord","floor":16.0},{"not_picked":["theDuelist:ClearKuriboh","theDuelist:Fissure","theDuelist:HammerShot","theDuelist:PowerGiant"],"picked":"theDuelist:BigFire","floor":18.0},{"not_picked":["theDuelist:DestroyerGolem+1","theDuelist:Fissure+1","theDuelist:GauntletWarrior+1","theDuelist:WormWarlord","theDuelist:BattleOx+1"],"picked":"SKIP","floor":23.0},{"not_picked":["theDuelist:BotanicalLion","theDuelist:CactusBouncer","theDuelist:CheerfulCoffin","theDuelist:WormApocalypse"],"picked":"theDuelist:SuperSolarNutrient","floor":27.0},{"not_picked":["theDuelist:VenomShot","theDuelist:MarkRose","theDuelist:WorldTree","theDuelist:ThornMalice"],"picked":"theDuelist:VioletCrystal+1","floor":28.0},{"not_picked":["theDuelist:SangaEarth","theDuelist:RosePaladin+1","theDuelist:BotanicalGirl","theDuelist:CactusBouncer"],"picked":"theDuelist:LordPoison","floor":29.0},{"not_picked":["theDuelist:WormKing","theDuelist:DarklordSuperbia","theDuelist:JamBreeding","theDuelist:PreventRat"],"picked":"theDuelist:BlockGolem","floor":30.0},{"not_picked":["theDuelist:Hinotama","theDuelist:Blockman","theDuelist:RainbowJar","theDuelist:YellowBelliedOni"],"picked":"theDuelist:ReinforcementsArmy","floor":31.0},{"not_picked":["theDuelist:SeedCannon","theDuelist:KamionTimelord","theDuelist:QueenAngelRoses+1","theDuelist:Gigaplant+1"],"picked":"theDuelist:RevivalRose","floor":33.0},{"not_picked":["theDuelist:Hinotama+1","theDuelist:LightningVortex","theDuelist:MudGolem+1","theDuelist:WormWarlord+1"],"picked":"theDuelist:PowerGiant","floor":35.0},{"not_picked":["theDuelist:SangaEarth+1","theDuelist:Mathematician","theDuelist:RainbowKuriboh+1"],"picked":"theDuelist:KamionTimelord+1","floor":36.0},{"not_picked":["theDuelist:Mudora+1","theDuelist:BotanicalLion+1","theDuelist:CrystalRose","theDuelist:WitchBlackRose+1"],"picked":"theDuelist:LonefireBlossom","floor":37.0},{"not_picked":["theDuelist:VenomShot","theDuelist:MarkRose+1","theDuelist:WitchBlackRose","theDuelist:BeastFangs+1"],"picked":"theDuelist:SeedCannon+1","floor":38.0},{"not_picked":["theDuelist:CactusBouncer","theDuelist:PredaplantFlytrap+1","theDuelist:WormApocalypse","theDuelist:MarkRose"],"picked":"theDuelist:Firegrass+1","floor":39.0},{"not_picked":["theDuelist:JerryBeansMan","theDuelist:BotanicalLion","theDuelist:BottomlessTrapHole+1","theDuelist:CactusBouncer"],"picked":"theDuelist:WorldCarrot+1","floor":41},{"not_picked":["theDuelist:AcidTrapHole","theDuelist:Invigoration"],"picked":"theDuelist:SuperSolarNutrient+1","floor":44},{"not_picked":["theDuelist:CactusBouncer+1","theDuelist:PredaplantPterapenthes","theDuelist:WormApocalypse+1","theDuelist:PredaplantChlamydosundew+1"],"picked":"theDuelist:SuperSolarNutrient","floor":47},{"not_picked":["theDuelist:RosePaladin+1","theDuelist:BottomlessTrapHole+1"],"picked":"theDuelist:PredaplantDrosophyllum","floor":48}],"player_experience":285837,"relics_obtained":[{"floor":6.0,"key":"theDuelist:DuelistTeaSet"},{"floor":8.0,"key":"Red Skull"},{"floor":9.0,"key":"theDuelist:MillenniumArmor"},{"floor":10.0,"key":"Bottled Tornado"},{"floor":14.0,"key":"Ginger"},{"floor":20.0,"key":"Nilry\u0027s Codex"},{"floor":23.0,"key":"Potion Belt"},{"floor":26.0,"key":"theDuelist:MillenniumCoin"},{"floor":28.0,"key":"Bag of Preparation"},{"floor":41,"key":"Dream Catcher"},{"floor":43,"key":"Juzu Bracelet"},{"floor":45,"key":"Shuriken"}],"event_choices":[{"damage_healed":0.0,"max_hp_gain":0.0,"max_hp_loss":0.0,"gold_gain":75.0,"event_name":"World of Goop","player_choice":"Gather Gold","floor":2.0,"gold_loss":0.0,"damage_taken":11.0},{"damage_healed":0.0,"max_hp_gain":0.0,"max_hp_loss":0.0,"gold_gain":0.0,"event_name":"Card Trader","player_choice":"Traded Castle Walls for Darkworld Thorns","duelist":true,"floor":4.0,"gold_loss":0.0,"damage_taken":0.0},{"damage_healed":0.0,"max_hp_gain":5.0,"max_hp_loss":0.0,"gold_gain":0.0,"event_name":"Forgotten Altar","player_choice":"Shed Blood","floor":19.0,"gold_loss":0.0,"damage_taken":20.0},{"damage_healed":0.0,"max_hp_gain":0.0,"max_hp_loss":0.0,"gold_gain":0.0,"event_name":"Cursed Tome","player_choice":"Obtained Book","floor":20.0,"gold_loss":0.0,"damage_taken":16.0},{"damage_healed":0.0,"max_hp_gain":0.0,"max_hp_loss":0.0,"gold_gain":0.0,"event_name":"Relic Duplicator","player_choice":"Leave","duelist":true,"floor":21.0,"gold_loss":0.0,"damage_taken":0.0},{"cards_removed":["Writhe"],"damage_healed":0.0,"max_hp_gain":0.0,"max_hp_loss":0.0,"gold_gain":0.0,"event_name":"Back to Basics","player_choice":"Elegance","floor":22.0,"gold_loss":0.0,"damage_taken":0.0}],"is_beta":false,"boss_relics":[{"not_picked":["Coffee Dripper","Empty Cage"],"picked":"theDuelist:ElectricKey"},{"not_picked":["theDuelist:MillenniumKey","HoveringKite"],"picked":"Pandora\u0027s Box"}],"items_purged_floors":[],"is_endless":false,"potions_floor_spawned":[1,6,10,12,14,23,28,31,33,35,36,39,47],"killed_by":"Time Eater","ascension_level":11}}