{"host":"pesfwaef25r60kxm","time":1611567147,"event":{"mods":["Ascension Reborn","BaseMod","Challenge The Spire","Colored Powertips","KomeijiMod","Minty Spire (QoL Compilation)","Prisma Mod","Quick Restart","Replay The Spire","RumiaBox-露米娅的神秘盒子","Shop Mod","StSLib","Td1madao Mod","The Bladedancer","The Construct","The Cursed","The Hierophant","The IronCluck","The Poker Player","[IsaacMod]以撒尖塔"],"gold_per_floor":[109,184,218,319,339,373,387,404,431,396,396,396],"floor_reached":11,"language":"ZHS","playtime":294,"items_purged":[],"score":75,"play_id":"d693f6d1-5ec1-4813-94f4-00bbe0c06a10","local_time":"20210125173227","is_ascension_mode":true,"campfire_choices":[],"circlet_count":0,"master_deck":["blademaster:Strike","blademaster:Strike","blademaster:Strike","blademaster:Strike","blademaster:Defend","blademaster:Defend","blademaster:Defend","blademaster:Defend","blademaster:RagingBlow","blademaster:HighVoltage","BettingIsNotGood","blademaster:Vortex","blademaster:Quickstep","blademaster:Bloodbath","blademaster:WindSlash"],"relics":["blademaster:DancersAmulet","HushsDoor","Void","Bag of Marbles","Potion Belt"],"acts_visited":["Exordium"],"potions_floor_usage":[7],"damage_taken":[{"damage":0,"enemies":"Small Slimes","floor":1,"turns":2},{"damage":0,"enemies":"Jaw Worm","floor":3,"turns":1},{"damage":0,"enemies":"2 Louse","floor":5,"turns":2},{"damage":26,"enemies":"Gremlin Nob","floor":6,"turns":5},{"damage":19,"enemies":"Lots of Slimes","floor":7,"turns":4},{"damage":23,"enemies":"Exordium Wildlife","floor":8,"turns":4},{"damage":3,"enemies":"3 Sentries","floor":11,"turns":1}],"seed_played":"-4380776069309132465","potions_obtained":[{"floor":1,"key":"Weak Potion"},{"floor":6,"key":"Adrenaline Potion"},{"floor":8,"key":"Adrenaline Potion"}],"is_trial":false,"path_per_floor":["M","?","M","?","M","E","M","M","T","?","E"],"character_chosen":"THE_BLADEMASTER","items_purchased":[],"campfire_rested":0,"item_purchase_floors":[],"current_hp_per_floor":[75,64,64,64,64,43,24,6,6,24,21,21],"gold":396,"neow_bonus":"THREE_ENEMY_KILL","is_daily":false,"chose_seed":false,"campfire_upgraded":0,"win_rate":0.0,"timestamp":1611567147,"path_taken":["M","?","M","?","M","E","?","M","T","?","E"],"items_purchased_type":[],"build_version":"2020-12-22","purchased_purges":0,"victory":false,"max_hp_per_floor":[75,75,75,75,75,75,75,75,75,75,75,75],"card_choices":[{"not_picked":[],"picked":"BettingIsNotGood","floor":0},{"not_picked":["blademaster:ChargingUp","blademaster:DancingEdge","blademaster:Slice"],"picked":"SKIP","floor":1},{"not_picked":["blademaster:Thrust","blademaster:ParryingStrike"],"picked":"blademaster:Vortex","floor":3},{"not_picked":["blademaster:DragonStrike","blademaster:Hailwind"],"picked":"blademaster:Quickstep","floor":4},{"not_picked":["blademaster:Blockade","blademaster:EnchantedCuirass"],"picked":"blademaster:Bloodbath","floor":5},{"not_picked":["blademaster:ParryingStrike","blademaster:Safeguard","blademaster:HighVoltage"],"picked":"SKIP","floor":6},{"not_picked":["blademaster:ParryingStrike","blademaster:Safeguard","blademaster:HighVoltage"],"picked":"SKIP","floor":6},{"not_picked":["blademaster:ParryingStrike","blademaster:AspectOfLightning"],"picked":"blademaster:WindSlash","floor":7},{"not_picked":["blademaster:AwakeningStrike","blademaster:Slice","blademaster:Safeguard"],"picked":"SKIP","floor":8}],"player_experience":140576,"relics_obtained":[{"floor":1,"key":"blademaster:ComboEveryTurnPerk"},{"floor":4,"key":"Bag of Marbles"},{"floor":6,"key":"Potion Belt"},{"floor":6,"key":"blademaster:WindChargePerk"}],"event_choices":[{"damage_healed":0,"gold_gain":75,"player_choice":"Gather Gold","damage_taken":11,"max_hp_gain":0,"max_hp_loss":0,"event_name":"World of Goop","floor":2,"gold_loss":0},{"damage_healed":18,"gold_gain":0,"player_choice":"Healed","damage_taken":0,"max_hp_gain":0,"max_hp_loss":0,"event_name":"The Cleric","floor":10,"gold_loss":35}],"is_beta":false,"boss_relics":[],"items_purged_floors":[],"is_endless":false,"potions_floor_spawned":[1,6,8],"killed_by":"3 Sentries","ascension_level":0}}