{"host":"2q4p6kdcvpgo6z81","time":1611614988,"event":{"mods":["BaseMod","Colored Map","Downfall","Minty Spire (QoL Compilation)","StSLib"],"gold_per_floor":[99,111,127,61,75,88,112,135,170,198,234,259,259,302,314,314,314,314],"floor_reached":16,"language":"ENG","playtime":1487,"items_purged":[],"score":130,"play_id":"5f8501fb-a569-4b43-bb03-cd907189417c","local_time":"20210125174948","is_ascension_mode":true,"campfire_choices":[{"data":"bronze:Replicate","floor":1.0,"key":"SMITH"},{"floor":13,"key":"REST"}],"circlet_count":0,"master_deck":["bronze:Strike","bronze:Strike","bronze:Defend","bronze:Defend","bronze:Defend","bronze:Defend","bronze:Replicate+1","bronze:Goto","bronze:ThunderWave","bronze:BronzeArmor","bronze:FineTuning","bronze:Flail","bronze:BuggyMess","bronze:Repulsor","bronze:Repair","bronze:BugBarrage","bronze:InfiniteBeams","bronze:ForLoop","bronze:FunctionCard","bronze:Branch","bronze:Shell","bronze:DelayedGuard"],"relics":["bronze:BronzeCore","CeramicFish","MealTicket","Molten Egg 2"],"acts_visited":["Exordium"],"potions_floor_usage":[11,12,14,16],"damage_taken":[{"damage":1.0,"enemies":"Cultist","floor":2.0,"turns":3.0},{"damage":0.0,"enemies":"2 Louse","floor":3.0,"turns":3.0},{"damage":0.0,"enemies":"downfall:FleeingMerchant","floor":4.0,"turns":4.0},{"damage":8.0,"enemies":"Small Slimes","floor":5.0,"turns":3.0},{"damage":14.0,"enemies":"Blue Slaver","floor":6.0,"turns":4.0},{"damage":5.0,"enemies":"Red Slaver","floor":8.0,"turns":3.0},{"damage":12.0,"enemies":"3 Sentries","floor":9.0,"turns":5.0},{"damage":2.0,"enemies":"3 Louse","floor":10.0,"turns":2.0},{"damage":34,"enemies":"Blue Slaver","floor":11,"turns":10},{"damage":3,"enemies":"Lots of Slimes","floor":12,"turns":2},{"damage":20,"enemies":"Gremlin Nob","floor":14,"turns":4},{"damage":2,"enemies":"2 Fungi Beasts","floor":15,"turns":2},{"damage":43,"enemies":"SI_SHIV_ARCHETYPE","floor":16,"turns":9}],"seed_played":"5332901264510325106","potions_obtained":[{"floor":2.0,"key":"Explosive Potion"},{"floor":5.0,"key":"Energy Potion"},{"floor":8.0,"key":"Strength Potion"},{"floor":11,"key":"Slimebound:ThreeZeroPotion"},{"floor":12,"key":"AttackPotion"}],"is_trial":false,"path_per_floor":["R","M","M","$","M","M","T","M","E","M","M","M","R","E","M","B"],"character_chosen":"THE_AUTOMATON","items_purchased":["bronze:BuggyMess"],"campfire_rested":1,"item_purchase_floors":[4],"current_hp_per_floor":[63,62,62,62,54,40,40,43,38,43,16,20,38,25,31,0,0,0],"gold":314,"neow_bonus":"TRANSFORM_TWO_CARDS","is_daily":false,"chose_seed":false,"campfire_upgraded":1,"win_rate":0.0,"timestamp":1611614988,"path_taken":["R","M","?","?","?","?","T","M","E","M","M","M","R","E","M","BOSS"],"items_purchased_type":["Card"],"build_version":"2020-12-22","purchased_purges":0,"victory":false,"max_hp_per_floor":[63,63,63,63,63,63,63,63,63,63,63,63,63,63,63,63,63,63],"card_choices":[{"not_picked":["bronze:Invalidate","bronze:Return"],"picked":"bronze:BronzeArmor","floor":2.0},{"not_picked":["bronze:Shield","bronze:Repulsor"],"picked":"bronze:FineTuning","floor":3.0},{"not_picked":["bronze:Iterate","bronze:Constructor"],"picked":"bronze:Flail","floor":4.0},{"not_picked":["bronze:FineTuning","bronze:DelayedGuard"],"picked":"bronze:Repulsor","floor":5.0},{"not_picked":["bronze:Backtrace","bronze:CutThrough"],"picked":"bronze:Repair","floor":6.0},{"not_picked":["bronze:ThunderWave","bronze:Shield"],"picked":"bronze:BugBarrage","floor":8.0},{"not_picked":["bronze:ChildClass","bronze:Iterate"],"picked":"bronze:InfiniteBeams","floor":9.0},{"not_picked":["bronze:Boost","bronze:WildBeam"],"picked":"bronze:ForLoop","floor":10.0},{"not_picked":["bronze:DelayedSlice","bronze:ChosenStrike"],"picked":"bronze:Branch","floor":11},{"not_picked":["bronze:Fortify","bronze:Constructor"],"picked":"bronze:Shell","floor":12},{"not_picked":["bronze:OilSpill+1","bronze:Separator+1"],"picked":"bronze:DelayedGuard","floor":14},{"not_picked":["bronze:InfiniteBeams","bronze:CutThrough+1","bronze:Shield"],"picked":"SKIP","floor":15}],"player_experience":1564855,"relics_obtained":[{"floor":7.0,"key":"CeramicFish"},{"floor":9.0,"key":"MealTicket"},{"floor":14,"key":"Molten Egg 2"}],"event_choices":[],"is_beta":false,"boss_relics":[],"items_purged_floors":[],"is_endless":false,"potions_floor_spawned":[2,5,8,11,12],"killed_by":"SI_SHIV_ARCHETYPE","ascension_level":2}}