{"host":"usdj552hvd2ulznm","time":1611557496,"event":{"mods":["Act Like it!","Aspiration","BaseMod","Better Third Choice","Colored Powertips","Conjunction","Conspire","DeckTracker","Dota2Spire","Downfall","Emptier Cage","Energized Spire","Gensokyo","GifTheSpireLib","GungeonMod","Halation","Hallownest","Hermit","Hubris","Infinite Spire","Key Reminder","Lobotomy","LobotomyExtend","Minty Spire (QoL Compilation)","MostiFishMod","Poem Panic","Quarter Circle Forward PUNCH!","Quick Restart","RNG Fix","Railgun Mod","Random Character Mod","Relic Stats","Reliquary","Replay The Spire","Reworked Bosses","Small Relic Pack","StSLib","Stuff the Spire","The Animator","The Blue Laboratory","The IronCluck","The Jungle","Uncapped","WarShipGirlsR/????R mod","Wide Potions","??????REMEMod"],"gold_per_floor":[100,112,124,141,5,5,31,31,21,50,63,63,80,80,90,90,90],"floor_reached":16,"language":"ENG","playtime":715,"items_purged":["SpecialBullet"],"score":104,"play_id":"a3d4e8ef-6c2e-411b-9865-14e9b11f882b","local_time":"20210124235136","is_ascension_mode":false,"campfire_choices":[{"floor":8,"key":"REST"}],"circlet_count":0,"master_deck":["SpecialBullet","SpecialBullet","SpecialBullet","SpecialBullet","SpecialBullet","SpecialBullet","SpecialBullet","ControlCode","ExtractionCode","DisciplinaryCode","Horn","Tough","Moonlight","Heaven","Hornet","Freischutz","Horn","Horn","Ecstasy","DaCapo","InformationCode","BigBadWolf","FourthMatchFlame","Beak"],"relics":["CogitoBucket","DaveBox","REME_ComplimentaryCards","LetterFromLob","Dota2Spire:PowerTreads","DemoMod:GundromedaStrain","Theresia"],"acts_visited":["Exordium"],"potions_floor_usage":[],"damage_taken":[{"damage":26,"enemies":"infinitespire:Voidling","floor":2,"turns":3},{"damage":11,"enemies":"Jaw Worm","floor":3,"turns":3},{"damage":11,"enemies":"2 Louse","floor":4,"turns":2},{"damage":0,"enemies":"downfall:FleeingMerchant","floor":5,"turns":4},{"damage":0,"enemies":"Large Slime","floor":9,"turns":1},{"damage":15,"enemies":"Gremlin Nob","floor":10,"turns":3},{"damage":9,"enemies":"Lots of Slimes","floor":11,"turns":2},{"damage":0,"enemies":"Large Slime","floor":13,"turns":1},{"damage":0,"enemies":"2 Fungi Beasts","floor":15,"turns":1},{"damage":28,"enemies":"DF_ARCHETYPE_STREAMLINE","floor":16,"turns":4}],"seed_played":"6979329778192490965","potions_obtained":[{"floor":3,"key":"Adrenaline Potion"},{"floor":10,"key":"blueLaboratory:BottleOfVodka"},{"floor":11,"key":"blueLaboratory:PolymorphPotion"},{"floor":13,"key":"Swift Potion"}],"is_trial":false,"path_per_floor":["R","M","M","M","$","?","T","R","M","E","M","R","M","?","M","B"],"character_chosen":"Angela","items_purchased":["Horn"],"campfire_rested":1,"item_purchase_floors":[5],"current_hp_per_floor":[77,51,40,29,29,29,29,52,52,37,28,28,28,28,28,0,0],"gold":90,"neow_bonus":"TEN_PERCENT_HP_BONUS","is_daily":false,"chose_seed":false,"campfire_upgraded":0,"win_rate":0.0,"timestamp":1611557496,"path_taken":["R","M","M","M","$","?","T","R","M","E","M","R","M","?","M","BOSS"],"items_purchased_type":["Card"],"build_version":"2020-12-22","purchased_purges":1,"victory":false,"max_hp_per_floor":[77,77,77,77,77,77,77,77,77,77,77,77,77,77,77,77,77],"relic_stats":{"counters":[11,25],"obtain_stats":[{"CogitoBucket":0,"Dota2Spire:PowerTreads":7,"DaveBox":0,"DemoMod:GundromedaStrain":10,"DemoMod:GlassGuonStoneRelic":5,"LetterFromLob":2,"Theresia":11,"REME_ComplimentaryCards":0},{"CogitoBucket":0,"Dota2Spire:PowerTreads":4,"DaveBox":0,"DemoMod:GundromedaStrain":6,"DemoMod:GlassGuonStoneRelic":4,"LetterFromLob":1,"Theresia":8,"REME_ComplimentaryCards":0},{"CogitoBucket":0,"Dota2Spire:PowerTreads":12,"DaveBox":0,"DemoMod:GundromedaStrain":16,"DemoMod:GlassGuonStoneRelic":12,"LetterFromLob":3,"Theresia":19,"REME_ComplimentaryCards":0}]},"card_choices":[{"not_picked":["Pleasure","Soda"],"picked":"Horn","floor":2},{"not_picked":["Diffraction","ScreamingWedge"],"picked":"Tough","floor":2},{"not_picked":["CherryBlossom","Tough"],"picked":"Moonlight","floor":3},{"not_picked":["Loneliness","ShedSkin"],"picked":"Heaven","floor":3},{"not_picked":["Discord","Tough","Christmas"],"picked":"SKIP","floor":4},{"not_picked":["WristCuter","Soda"],"picked":"Hornet","floor":5},{"not_picked":["WallGazer","Wellcheers"],"picked":"Freischutz","floor":5},{"not_picked":["Loneliness","ShedSkin"],"picked":"Horn","floor":5},{"not_picked":["Christmas","Lantern"],"picked":"Ecstasy","floor":9},{"not_picked":["Discord","TodaysExpression","Regret_ego"],"picked":"SKIP","floor":10},{"not_picked":["TodaysExpression","Tough"],"picked":"DaCapo","floor":11},{"not_picked":["BeautyBeast","FairyFestival"],"picked":"BigBadWolf","floor":13},{"not_picked":["CherryBlossom","Lantern"],"picked":"FourthMatchFlame","floor":13},{"not_picked":["GreenStem","Pleasure"],"picked":"Beak","floor":15}],"player_experience":482110,"relics_obtained":[{"floor":2,"key":"LetterFromLob"},{"floor":7,"key":"Dota2Spire:PowerTreads"},{"floor":10,"key":"DemoMod:GundromedaStrain"}],"event_choices":[],"is_beta":false,"boss_relics":[],"items_purged_floors":[5],"is_endless":false,"potions_floor_spawned":[3,10,11,13,15],"killed_by":"DF_ARCHETYPE_STREAMLINE","ascension_level":0}}