{"host":"9slw7l0ws16384qq","time":1611606383,"event":{"mods":["A Penny For Your Troubles","BaseMod","Clockwork Mod","Colored Map","Evolution","Hermit","Hubris","Minty Spire (QoL Compilation)","Replay The Spire","Shedinja","StS++","StSLib","The Dragon Tamer","The Marked"],"gold_per_floor":[110,110,35,55,70,70,70,70,70,90,90,111,111,111,111,232,232,245,344,358,107,127,127,127,146,146,146,146,159,193,213,338,464,464,485,485,485,509,364,399,414,414,414,445,445,458,458,458,458,459],"floor_reached":51,"language":"FRA","playtime":1717,"items_purged":["Ball Lightning","Leap"],"score":790,"play_id":"241bdf66-14ec-422d-9cea-f9792d1c31a5","local_time":"20210125212623","is_ascension_mode":false,"campfire_choices":[{"data":"Genetic Algorithm","floor":6,"key":"SMITH"},{"data":"Ball Lightning","floor":8,"key":"SMITH"},{"data":"Ball Lightning","floor":13,"key":"SMITH"},{"data":"Ball Lightning","floor":15,"key":"SMITH"},{"data":"Leap","floor":23,"key":"SMITH"},{"floor":42,"key":"REST"},{"data":"Leap","floor":45,"key":"SMITH"},{"data":"Thunder Strike","floor":47,"key":"SMITH"},{"floor":49,"key":"REST"}],"circlet_count":0,"master_deck":["Ball Lightning+1","Ball Lightning+1","Ball Lightning+1","Leap+1","Leap+1","Ball Lightning+1","Self Repair+1","Genetic Algorithm+1","Thunder Strike+1","hubris:DuctTapeCard","Thunder Strike+1"],"relics":["EVO:Axolotl","Astrolabe","FaceOfCleric","Golden Idol","hubris:BottledRain","WingedGreaves","hubris:Towel","Philosopher\u0027s Stone","Guide Book","hubris:DuctTape","Toxic Egg 2","Singing Bowl","Sozu","Prayer Wheel","hubris:SlimyHat","ReplayFunnel","hubris:MedicalManual","Orichalcum","Oddly Smooth Stone"],"acts_visited":["Exordium","TheCity","TheBeyond"],"potions_floor_usage":[32,32,40,40],"damage_taken":[{"damage":0,"enemies":"Small Slimes","floor":1,"turns":2},{"damage":0,"enemies":"Cultist","floor":4,"turns":2},{"damage":11,"enemies":"Jaw Worm","floor":5,"turns":2},{"damage":0,"enemies":"Blue Slaver","floor":10,"turns":5},{"damage":0,"enemies":"2 Fungi Beasts","floor":12,"turns":2},{"damage":34,"enemies":"The Guardian","floor":16,"turns":5},{"damage":0,"enemies":"Chosen","floor":18,"turns":3},{"damage":1,"enemies":"Shell Parasite","floor":20,"turns":3},{"damage":8,"enemies":"Snake Plant","floor":22,"turns":3},{"damage":0,"enemies":"Cultist and Chosen","floor":25,"turns":4},{"damage":5,"enemies":"Centurion and Healer","floor":29,"turns":5},{"damage":15,"enemies":"Gremlin Leader","floor":30,"turns":5},{"damage":0,"enemies":"Shelled Parasite and Fungi","floor":31,"turns":5},{"damage":4,"enemies":"Colosseum Slavers","floor":32,"turns":4},{"damage":15,"enemies":"Colosseum Nobs","floor":32,"turns":3},{"damage":11,"enemies":"Automaton","floor":33,"turns":8},{"damage":0,"enemies":"3 Shapes","floor":35,"turns":7},{"damage":28,"enemies":"3 Darklings","floor":38,"turns":5},{"damage":47,"enemies":"Giant Head","floor":40,"turns":7},{"damage":27,"enemies":"Spire Growth","floor":41,"turns":4},{"damage":18,"enemies":"Reptomancer","floor":44,"turns":6},{"damage":6,"enemies":"Maw","floor":46,"turns":8},{"damage":61,"enemies":"Time Eater","floor":50,"turns":14}],"seed_played":"7664127173883216855","potions_obtained":[{"floor":1,"key":"Explosive Potion"},{"floor":20,"key":"ColorlessPotion"},{"floor":22,"key":"FearPotion"},{"floor":32,"key":"Block Potion"}],"is_trial":false,"path_per_floor":["M","?","$","M","M","R","?","R","T","M","T","M","R","?","R","B",null,"M","?","M","$","M","R","?","M","T","$","?","M","E","M","R_BF","B",null,"M","?","$","M","$","E","M","R","T","E","R","M","R","?","R","B",null],"character_chosen":"DEFECT","items_purchased":["Guide Book","ReplayFunnel"],"campfire_rested":2,"item_purchase_floors":[21,39],"current_hp_per_floor":[77,77,77,78,78,78,59,59,59,70,70,81,81,81,81,58,82,83,83,84,84,85,85,77,86,86,86,86,87,83,89,88,88,94,99,99,99,86,86,52,40,73,73,68,68,77,77,77,113,63],"gold":459,"neow_bonus":"BOSS_RELIC","is_daily":false,"chose_seed":false,"campfire_upgraded":7,"win_rate":0.0,"timestamp":1611606383,"path_taken":["M","?","$","M","?","R","?","R","T","M","?","M","R","?","R","BOSS","M","?","M","$","M","R","?","?","T","?","?","?","E","M","R_BF","BOSS","M","?","$","M","$","E","?","R","T","E","R","M","R","?","R","BOSS"],"items_purchased_type":["Relic","Relic"],"build_version":"2020-12-22","purchased_purges":2,"victory":true,"max_hp_per_floor":[77,77,77,78,79,79,79,79,79,80,80,81,81,81,81,82,82,83,83,84,84,85,85,85,86,86,86,86,87,88,89,93,94,94,99,99,99,104,104,107,112,112,112,115,115,120,120,120,120,121],"card_choices":[{"not_picked":["Skim","Gash","Streamline"],"picked":"SKIP","floor":1},{"not_picked":["Go for the Eyes","Stack","Cold Snap"],"picked":"SKIP","floor":4},{"not_picked":["Aggregate","BasicCrystalCard"],"picked":"Genetic Algorithm","floor":5},{"not_picked":["Leap","Panic Button","Hologram"],"picked":"SKIP","floor":10},{"not_picked":["Hologram","Cold Snap"],"picked":"hubris:PowerSurge","floor":12},{"not_picked":["Buffer","Meteor Strike"],"picked":"Thunder Strike","floor":16},{"not_picked":["Turbo","Redo","Beam Cell+1"],"picked":"SKIP","floor":18},{"not_picked":["Panic Button","BasicCrystalCard+1","Stack"],"picked":"SKIP","floor":20},{"not_picked":["Steam","Ball Lightning","Aggregate"],"picked":"SKIP","floor":22},{"not_picked":["Capacitor","Recycle+1","Time Bomb+1"],"picked":"SKIP","floor":25},{"not_picked":["Cold Snap","BootSequence","Glacier"],"picked":"SKIP","floor":29},{"not_picked":["Seek+1","Sweeping Beam","Steam Power+1"],"picked":"SKIP","floor":30},{"not_picked":["Leap+1","Compile Driver","Cold Snap"],"picked":"SKIP","floor":31},{"not_picked":["Beam Cell","Compile Driver","ReplayTheSpireMod:System Scan+1"],"picked":"Singing Bowl","floor":32},{"not_picked":["ReplayTheSpireMod:Omega Cannon","Core Surge"],"picked":"ReplayTheSpireMod:Fabricate Wheel+1","floor":33},{"not_picked":["Coolheaded+1","ReplaySolidLightProjector+1","Leap+1"],"picked":"Singing Bowl","floor":35},{"not_picked":["Compile Driver+1","Electrodynamics","BasicCrystalCard+1"],"picked":"Singing Bowl","floor":35},{"not_picked":["Panic Button+1","Ball Lightning+1","Rebound"],"picked":"Singing Bowl","floor":38},{"not_picked":["Sweeping Beam+1","StSpp:Igniter+1","Beam Cell+1"],"picked":"Singing Bowl","floor":38},{"not_picked":["Redo+1","Stack+1","Sweeping Beam"],"picked":"Singing Bowl","floor":40},{"not_picked":["White Noise+1","ReplayGash","Steam+1"],"picked":"Singing Bowl","floor":41},{"not_picked":["Undo+1","BasicCrystalCard+1","Chill+1"],"picked":"Singing Bowl","floor":41},{"not_picked":["Beam Cell+1","Coolheaded+1","FTL+1"],"picked":"Singing Bowl","floor":44},{"not_picked":["Beam Cell+1","Compile Driver","Streamline+1"],"picked":"Singing Bowl","floor":46},{"not_picked":["Ball Lightning+1","Conserve Battery+1","Steam+1"],"picked":"Singing Bowl","floor":46}],"player_experience":1839252,"relics_obtained":[{"floor":9,"key":"hubris:BottledRain"},{"floor":11,"key":"WingedGreaves"},{"floor":26,"key":"hubris:DuctTape"},{"floor":30,"key":"Toxic Egg 2"},{"floor":32,"key":"Singing Bowl"},{"floor":32,"key":"StoneCalendar"},{"floor":36,"key":"hubris:SlimyHat"},{"floor":40,"key":"hubris:MedicalManual"},{"floor":43,"key":"Orichalcum"},{"floor":44,"key":"Oddly Smooth Stone"}],"event_choices":[{"damage_healed":0,"gold_gain":0,"player_choice":"Trade","damage_taken":0,"relics_obtained":["FaceOfCleric"],"max_hp_gain":0,"max_hp_loss":0,"event_name":"FaceTrader","floor":2,"gold_loss":0},{"damage_healed":0,"gold_gain":0,"player_choice":"Take Damage","damage_taken":19,"relics_obtained":["Golden Idol"],"max_hp_gain":0,"max_hp_loss":0,"event_name":"Golden Idol","floor":7,"gold_loss":0},{"damage_healed":0,"gold_gain":99,"player_choice":"Stole From Cult","damage_taken":0,"max_hp_gain":0,"max_hp_loss":0,"event_name":"Nest","floor":19,"gold_loss":0},{"damage_healed":0,"gold_gain":0,"player_choice":"Damaged","damage_taken":8,"max_hp_gain":0,"max_hp_loss":0,"event_name":"Wheel of Change","floor":24,"gold_loss":0},{"damage_healed":0,"gold_gain":0,"player_choice":"Fight","damage_taken":0,"max_hp_gain":0,"max_hp_loss":0,"event_name":"Colosseum","floor":32,"gold_loss":0},{"damage_healed":0,"gold_gain":0,"player_choice":"Fought Nobs","damage_taken":0,"max_hp_gain":0,"max_hp_loss":0,"event_name":"Colosseum","floor":32,"gold_loss":0},{"damage_healed":0,"gold_gain":0,"player_choice":"Relic","damage_taken":0,"max_hp_gain":0,"max_hp_loss":0,"event_name":"Wheel of Change","floor":36,"gold_loss":0}],"is_beta":false,"boss_relics":[{"not_picked":["Honey Jar","StSpp:Balance"],"picked":"Philosopher\u0027s Stone"},{"not_picked":["Abe\u0027s Treasure","hubris:HollowSoul"],"picked":"Sozu"}],"items_purged_floors":[3,21],"is_endless":false,"potions_floor_spawned":[1,20,22,31,32,32,35,38,44],"ascension_level":0}}