{"host":"y89x8uui45kcjy42","time":1611568887,"event":{"mods":["2.2 Compatiblity","BaseMod","CapriCore","Colored Map","Colored Powertips","Custom Start","Friendly Minions","Keyboard Shortcuts","Minty Spire (QoL Compilation)","Relic Stats","Replay The Spire","Slay the Relics Exporter","StSLib","SuperFastMode","Uncapped"],"gold_per_floor":[116,116,41,41,60,60,10,10,36,36,236,271,282,307,307,387,387,403,415,415,415,441,441,441,441],"floor_reached":24,"language":"KOR","playtime":683,"items_purged":[],"score":550,"play_id":"afd10040-4b32-4605-97b2-56c0efc02747","local_time":"20210125190127","is_ascension_mode":true,"campfire_choices":[{"data":"Perseverance","floor":6,"key":"SMITH"},{"data":"SignatureMove","floor":8,"key":"SMITH"},{"data":"Perseverance","floor":10,"key":"SMITH"},{"data":"TalkToTheHand","floor":15,"key":"SMITH"},{"data":"Replay:BluntJabs","floor":23,"key":"SMITH"}],"circlet_count":0,"master_deck":["Defend_P+1","Eruption+1","Vigilance","Blasphemy+1","Perseverance+1","Perseverance+1","SignatureMove+1","Replay:BluntJabs+1","TalkToTheHand+1","Establishment"],"relics":["PureWater","Membership Card","Oddly Smooth Stone","HandDrill","Replay:Baseball","MealTicket","WingedGreaves","CeramicFish","Cursed Key","Omamori"],"acts_visited":["Exordium","TheCity"],"potions_floor_usage":[16,18,18,24],"damage_taken":[{"damage":24,"enemies":"Jaw Worm","floor":1,"turns":3},{"damage":0,"enemies":"2 Louse","floor":5,"turns":2},{"damage":1,"enemies":"3 Sentries","floor":12,"turns":4},{"damage":0,"enemies":"Cultist","floor":13,"turns":2},{"damage":0,"enemies":"Gremlin Nob","floor":14,"turns":1},{"damage":0,"enemies":"Fading Forest","floor":16,"turns":13},{"damage":3,"enemies":"3 Byrds","floor":18,"turns":3},{"damage":0,"enemies":"Shell Parasite","floor":19,"turns":3},{"damage":68,"enemies":"Slavers","floor":24,"turns":3}],"seed_played":"556980353363060972","potions_obtained":[{"floor":1,"key":"Explosive Potion"},{"floor":14,"key":"Adrenaline Potion"},{"floor":16,"key":"SkillPotion"},{"floor":18,"key":"BlessingOfTheForge"}],"is_trial":false,"path_per_floor":["M","?","?","?","M","R","$","R","T","R","$","E","M","E","R","B",null,"M","M","?","?","T","R","E"],"character_chosen":"WATCHER","items_purchased":["Perseverance","Oddly Smooth Stone","HandDrill","SignatureMove"],"campfire_rested":0,"item_purchase_floors":[7,7,7,7],"current_hp_per_floor":[37,17,17,17,17,17,17,17,17,17,17,16,16,16,16,16,55,52,52,52,52,52,52,0,0],"gold":441,"neow_bonus":"ONE_RANDOM_RARE_CARD","is_daily":false,"chose_seed":false,"campfire_upgraded":5,"win_rate":0.0,"timestamp":1611568887,"path_taken":["M","?","?","?","M","R","$","R","T","R","$","E","?","E","R","BOSS","M","M","?","?","?","R","E"],"items_purchased_type":["Card","Relic","Relic","Card"],"build_version":"2020-12-22","purchased_purges":0,"victory":false,"max_hp_per_floor":[68,68,68,68,68,68,68,68,68,68,68,68,68,68,68,68,68,68,68,68,68,68,68,68,68],"relic_stats":{"counters":[9,34],"CeramicFish":9,"MealTicket":0,"HandDrill":[6],"Cursed Key":1,"obtain_stats":[{"Replay:Baseball":9,"CeramicFish":14,"Oddly Smooth Stone":7,"MealTicket":12,"WingedGreaves":6,"HandDrill":7,"Omamori":17,"Membership Card":6,"PureWater":0,"Cursed Key":17},{"Replay:Baseball":2,"CeramicFish":5,"Oddly Smooth Stone":2,"MealTicket":3,"WingedGreaves":2,"HandDrill":2,"Omamori":6,"Membership Card":2,"PureWater":0,"Cursed Key":6},{"Replay:Baseball":5,"CeramicFish":12,"Oddly Smooth Stone":5,"MealTicket":9,"WingedGreaves":5,"HandDrill":5,"Omamori":25,"Membership Card":5,"PureWater":0,"Cursed Key":25}]},"card_choices":[{"not_picked":["DeceiveReality","WreathOfFlame"],"picked":"Perseverance","floor":1},{"not_picked":["Replay:ManipulateFuture","WaveOfTheHand","Consecrate"],"picked":"SKIP","floor":5},{"not_picked":["Tantrum","EmptyMind"],"picked":"Replay:BluntJabs","floor":12},{"not_picked":["Replay:AtTheReady","BowlingBash"],"picked":"TalkToTheHand","floor":13},{"not_picked":["DeusExMachina","MasterReality","Consecrate"],"picked":"SKIP","floor":14},{"not_picked":["DevaForm","MasterReality"],"picked":"Establishment","floor":16},{"not_picked":["EmptyMind","FollowUp","Replay:Vibes"],"picked":"SKIP","floor":18},{"not_picked":["Worship","SashWhip","Replay:DivineShield"],"picked":"SKIP","floor":19}],"player_experience":650578,"relics_obtained":[{"floor":9,"key":"Replay:Baseball"},{"floor":12,"key":"MealTicket"},{"floor":14,"key":"CeramicFish"}],"event_choices":[{"damage_healed":0,"gold_gain":0,"player_choice":"Entered Light","damage_taken":20,"max_hp_gain":0,"max_hp_loss":0,"event_name":"Shining Light","floor":2,"gold_loss":0,"cards_upgraded":["Blasphemy","Defend_P"]},{"cards_removed":["Defend_P"],"damage_healed":0,"gold_gain":0,"player_choice":"Card Removal","damage_taken":0,"max_hp_gain":0,"max_hp_loss":0,"event_name":"The Cleric","floor":3,"gold_loss":75},{"damage_healed":0,"gold_gain":0,"player_choice":"Upgraded","damage_taken":0,"max_hp_gain":0,"max_hp_loss":0,"event_name":"Upgrade Shrine","floor":4,"gold_loss":0,"cards_upgraded":["Eruption"]},{"damage_healed":0,"gold_gain":0,"player_choice":"Ignored","damage_taken":0,"max_hp_gain":0,"max_hp_loss":0,"event_name":"Vampires","floor":20,"gold_loss":0}],"is_beta":false,"boss_relics":[{"not_picked":["Empty Cage","Sozu"],"picked":"Cursed Key"}],"items_purged_floors":[],"is_endless":false,"potions_floor_spawned":[1,14,16,18],"killed_by":"Slavers","ascension_level":20}}