{"host":"kw4o7b3ro2ktmmbe","time":1611563500,"event":{"mods":["BaseMod","Evolution","Minty Spire (QoL Compilation)","StSLib","The Druid"],"gold_per_floor":[116,131,206,62,12,46,46,62,131,131,131,149,149,149,149,250,250,264,264,264,43,61,61,61,61],"floor_reached":24,"language":"ENG","playtime":1619,"items_purged":[],"score":338,"play_id":"400c856a-bf77-4c5e-bf81-ca3a59e4c579","local_time":"20210125213140","is_ascension_mode":true,"campfire_choices":[{"data":"theDruid:BlessedStrike","floor":7.0,"key":"SMITH"},{"floor":11.0,"key":"REST"},{"data":"theDruid:BriarArmor","floor":13.0,"key":"SMITH"},{"floor":15.0,"key":"REST"},{"floor":23,"key":"REST"}],"circlet_count":0,"master_deck":["theDruid:Strike_O+1","theDruid:Strike_O","theDruid:Strike_O","theDruid:Strike_O","theDruid:Defend_O","theDruid:Defend_O","theDruid:Defend_O+1","theDruid:Defend_O","theDruid:BriarArmor+1","theDruid:WildSlash","theDruid:BlessedStrike+1","theDruid:Fortitude","theDruid:PouncingStrike","theDruid:Mutilate","theDruid:WallofRoots","theDruid:Mutilate"],"relics":["theDruid:CrownOfTheWilds","EVO:Axolotl","Lizard Tail","Anchor","Pen Nib","theDruid:ArmillarySphere","Regal Pillow","Philosopher\u0027s Stone","Membership Card","Art of War"],"acts_visited":["Exordium","TheCity"],"potions_floor_usage":[20],"damage_taken":[{"damage":5.0,"enemies":"Jaw Worm","floor":1.0,"turns":5.0},{"damage":0.0,"enemies":"Small Slimes","floor":2.0,"turns":4.0},{"damage":31.0,"enemies":"3 Sentries","floor":6.0,"turns":10.0},{"damage":0.0,"enemies":"Cultist","floor":8.0,"turns":4.0},{"damage":8.0,"enemies":"Lots of Slimes","floor":12.0,"turns":5.0},{"damage":31.0,"enemies":"Hexaghost","floor":16.0,"turns":10.0},{"damage":3.0,"enemies":"Chosen","floor":18.0,"turns":5.0},{"damage":0,"enemies":"3 Byrds","floor":20,"turns":1},{"damage":34,"enemies":"Cultist and Chosen","floor":22,"turns":9},{"damage":114,"enemies":"Gremlin Leader","floor":24,"turns":11}],"seed_played":"-2606829025655081757","potions_obtained":[{"floor":2.0,"key":"SmokeBomb"},{"floor":8.0,"key":"SteroidPotion"}],"is_trial":false,"path_per_floor":["M","M","?","$","?","E","R","M","T","?","R","M","R","?","R","B",null,"M","?","M","$","M","R","E"],"character_chosen":"DRUID","items_purchased":["Anchor","Membership Card","Art of War"],"campfire_rested":3,"item_purchase_floors":[4,21,21],"current_hp_per_floor":[70,70,59,59,59,28,28,28,28,14,35,27,27,27,63,32,72,69,69,69,69,35,71,0,0],"gold":61,"neow_bonus":"ONE_RARE_RELIC","is_daily":false,"chose_seed":false,"campfire_upgraded":2,"win_rate":0.0,"timestamp":1611563500,"path_taken":["M","M","?","$","?","E","R","M","T","?","R","M","R","?","R","BOSS","M","?","M","$","?","R","E"],"items_purchased_type":["Relic","Relic","Relic"],"build_version":"2020-12-22","purchased_purges":0,"victory":false,"max_hp_per_floor":[75,75,75,75,72,72,72,72,72,72,72,72,72,72,72,72,72,72,72,72,72,72,72,72,72],"card_choices":[{"not_picked":["theDruid:Impale","theDruid:ExposingSlash"],"picked":"theDruid:BlessedStrike","floor":1.0},{"not_picked":["theDruid:TakeShelter","theDruid:FuriousSlash"],"picked":"theDruid:Fortitude","floor":2.0},{"not_picked":["theDruid:Starfall","theDruid:Swipe","theDruid:IronClaw"],"picked":"SKIP","floor":6.0},{"not_picked":["theDruid:Recoil","theDruid:Stampede"],"picked":"theDruid:PouncingStrike","floor":8.0},{"not_picked":["theDruid:BrambleLash","theDruid:Resupply","theDruid:BlessedStrike"],"picked":"SKIP","floor":12.0},{"not_picked":["theDruid:SerratedFlesh","theDruid:SurvivalCache"],"picked":"theDruid:Mutilate","floor":16.0},{"not_picked":["theDruid:FuriousSlash","theDruid:ThickHide"],"picked":"theDruid:WallofRoots","floor":18.0},{"not_picked":["theDruid:RockSlide","theDruid:Gore","theDruid:BlessedStrike"],"picked":"SKIP","floor":22}],"player_experience":1865524,"relics_obtained":[{"floor":6.0,"key":"Pen Nib"},{"floor":9.0,"key":"theDruid:ArmillarySphere"}],"event_choices":[{"damage_healed":0.0,"max_hp_gain":0.0,"max_hp_loss":0.0,"gold_gain":75.0,"event_name":"World of Goop","player_choice":"Gather Gold","floor":3.0,"gold_loss":0.0,"damage_taken":11.0},{"cards_removed":["Parasite"],"damage_healed":0.0,"max_hp_gain":0.0,"max_hp_loss":0.0,"gold_gain":0.0,"event_name":"The Cleric","player_choice":"Card Removal","floor":5.0,"gold_loss":50.0,"damage_taken":0.0},{"damage_healed":0.0,"max_hp_gain":0.0,"max_hp_loss":0.0,"gold_gain":0.0,"event_name":"Shining Light","player_choice":"Entered Light","floor":10.0,"gold_loss":0.0,"damage_taken":14.0,"cards_upgraded":["theDruid:Defend_O","theDruid:Strike_O"]},{"damage_healed":0.0,"max_hp_gain":0.0,"max_hp_loss":0.0,"gold_gain":0.0,"event_name":"Dead Adventurer","player_choice":"Searched \u00272\u0027 times","floor":14.0,"gold_loss":0.0,"damage_taken":0.0,"relics_obtained":["Regal Pillow"]},{"damage_healed":0.0,"max_hp_gain":0.0,"max_hp_loss":0.0,"gold_gain":0.0,"event_name":"Duplicator","player_choice":"Copied","floor":19.0,"gold_loss":0.0,"damage_taken":0.0,"cards_obtained":["theDruid:Mutilate"]}],"is_beta":false,"boss_relics":[{"not_picked":["Empty Cage","Runic Pyramid"],"picked":"Philosopher\u0027s Stone"}],"items_purged_floors":[],"is_endless":false,"potions_floor_spawned":[2,8],"killed_by":"Gremlin Leader","ascension_level":3}}