{"host":"w3q5ijqu8eoknil3","time":1611616094,"event":{"mods":["AchievementEnabler","BaseMod","Block Reminder","Colored Map","Colored Powertips","Curses Come First","Dark Map","Minty Spire (QoL Compilation)","Quick Restart","Relic Stats","StSLib","ojb\u0027s Better Paths Mod","ojb\u0027s Info Mod","slay the spire mod where everything is the same but ironclad has a cowboy hat"],"gold_per_floor":[115,129,129,145,145,177,227,242,242,269,269,288,320,19,19,93,93,111,111,111,127,127,127],"floor_reached":22,"language":"ENG","playtime":632,"items_purged":["Strike_G"],"score":388,"play_id":"515f54dd-13fc-48c5-88ed-10bcdbfa0d45","local_time":"20210125230814","is_ascension_mode":true,"campfire_choices":[{"floor":11,"key":"REST"},{"floor":15,"key":"REST"}],"circlet_count":0,"master_deck":["AscendersBane","Survivor","Neutralize","Poisoned Stab","Finisher","Poisoned Stab","Dagger Spray","Poisoned Stab","Bouncing Flask","Deadly Poison","Footwork","Corpse Explosion","A Thousand Cuts","Slice","Choke","After Image","Expertise","After Image","All Out Attack","Doppelganger","Adrenaline","Dash","Necronomicurse","Catalyst"],"relics":["Ring of the Snake","NeowsBlessing","WarpedTongs","The Courier","Singing Bowl","Centennial Puzzle","Tiny Chest","Chemical X","Pandora\u0027s Box","Necronomicon","Potion Belt"],"acts_visited":["Exordium","TheCity"],"potions_floor_usage":[10,13,22,22],"damage_taken":[{"damage":0,"enemies":"2 Louse","floor":1,"turns":1},{"damage":0,"enemies":"Cultist","floor":2,"turns":1},{"damage":2,"enemies":"Small Slimes","floor":4,"turns":1},{"damage":25,"enemies":"Gremlin Nob","floor":6,"turns":4},{"damage":8,"enemies":"Exordium Thugs","floor":8,"turns":4},{"damage":17,"enemies":"Lagavulin","floor":10,"turns":5},{"damage":6,"enemies":"Looter","floor":12,"turns":3},{"damage":12,"enemies":"3 Sentries","floor":13,"turns":5},{"damage":15,"enemies":"The Guardian","floor":16,"turns":9},{"damage":14,"enemies":"Shell Parasite","floor":18,"turns":5},{"damage":16,"enemies":"Spheric Guardian","floor":21,"turns":4},{"damage":7,"enemies":"Snake Plant","floor":22,"turns":2}],"seed_played":"-4880898819123215079","potions_obtained":[{"floor":8,"key":"ColorlessPotion"},{"floor":10,"key":"DuplicationPotion"},{"floor":13,"key":"SteroidPotion"}],"is_trial":false,"path_per_floor":["M","M","?","M","?","E","?","M","T","E","R","M","E","$","R","B",null,"M","?","T","M","M"],"character_chosen":"THE_SILENT","items_purchased":["Chemical X","Footwork","Fire Potion"],"campfire_rested":2,"item_purchase_floors":[14,14,14],"current_hp_per_floor":[59,59,59,57,57,32,32,24,24,7,26,22,10,10,30,15,55,41,20,20,4,0,0],"gold":127,"neow_bonus":"THREE_ENEMY_KILL","is_daily":false,"chose_seed":false,"campfire_upgraded":0,"win_rate":0.0,"timestamp":1611616094,"path_taken":["M","M","?","?","?","E","?","?","T","E","R","M","E","$","R","BOSS","M","?","?","M","M"],"items_purchased_type":["Relic","Card","Potion"],"build_version":"2020-12-22","purchased_purges":1,"victory":false,"max_hp_per_floor":[66,66,66,66,66,66,66,66,66,66,66,68,68,68,68,68,68,68,68,68,68,68,68],"relic_stats":{"Centennial Puzzle":[18],"Singing Bowl":2,"counters":[12,44],"Tiny Chest":0,"Pandora\u0027s Box":["A Thousand Cuts","Slice","Choke","After Image","Expertise","After Image","All Out Attack","Doppelganger","Adrenaline"],"Necronomicon":[2],"Chemical X":[4],"obtain_stats":[{"Potion Belt":20,"Centennial Puzzle":10,"NeowsBlessing":0,"Singing Bowl":9,"Tiny Chest":13,"Pandora\u0027s Box":17,"The Courier":6,"Necronomicon":19,"Chemical X":14,"Ring of the Snake":0,"WarpedTongs":3},{"Potion Belt":10,"Centennial Puzzle":6,"NeowsBlessing":0,"Singing Bowl":5,"Tiny Chest":8,"Pandora\u0027s Box":9,"The Courier":4,"Necronomicon":10,"Chemical X":8,"Ring of the Snake":0,"WarpedTongs":2},{"Potion Belt":38,"Centennial Puzzle":16,"NeowsBlessing":0,"Singing Bowl":11,"Tiny Chest":24,"Pandora\u0027s Box":33,"The Courier":7,"Necronomicon":38,"Chemical X":24,"Ring of the Snake":0,"WarpedTongs":2}],"Ring of the Snake":[24],"WarpedTongs":[42]},"card_choices":[{"not_picked":["Cloak And Dagger","Dodge and Roll"],"picked":"Poisoned Stab","floor":1},{"not_picked":["Underhanded Strike","Dodge and Roll"],"picked":"Finisher","floor":2},{"not_picked":["Reflex","Prepared"],"picked":"Poisoned Stab","floor":4},{"not_picked":["Reflex","Underhanded Strike"],"picked":"Dagger Spray","floor":6},{"not_picked":["Grand Finale","Slice"],"picked":"Poisoned Stab","floor":8},{"not_picked":["Sucker Punch","Riddle With Holes"],"picked":"Bouncing Flask","floor":10},{"not_picked":["Cloak And Dagger","Choke","Infinite Blades"],"picked":"Singing Bowl","floor":12},{"not_picked":["Outmaneuver","Sucker Punch"],"picked":"Deadly Poison","floor":13},{"not_picked":["Adrenaline","Venomology"],"picked":"Corpse Explosion","floor":16},{"not_picked":["Slice","Leg Sweep"],"picked":"Dash","floor":18},{"not_picked":["PiercingWail+1","Backstab"],"picked":"Catalyst","floor":21}],"player_experience":1015481,"relics_obtained":[{"floor":6,"key":"The Courier"},{"floor":9,"key":"Singing Bowl"},{"floor":10,"key":"Centennial Puzzle"},{"floor":13,"key":"Tiny Chest"},{"floor":19,"key":"Necronomicon"},{"floor":20,"key":"Potion Belt"}],"event_choices":[{"damage_healed":0,"gold_gain":0,"player_choice":"Rummage","damage_taken":0,"relics_obtained":["WarpedTongs"],"max_hp_gain":0,"max_hp_loss":0,"event_name":"Accursed Blacksmith","floor":3,"gold_loss":0,"cards_obtained":["Pain"]},{"cards_removed":["Pain"],"damage_healed":0,"gold_gain":0,"player_choice":"Forget","damage_taken":0,"max_hp_gain":0,"max_hp_loss":0,"event_name":"Living Wall","floor":5,"gold_loss":0},{"damage_healed":0,"gold_gain":50,"player_choice":"Pray","damage_taken":0,"max_hp_gain":0,"max_hp_loss":0,"event_name":"Golden Shrine","floor":7,"gold_loss":0},{"damage_healed":0,"gold_gain":0,"player_choice":"Obtained Book","damage_taken":21,"max_hp_gain":0,"max_hp_loss":0,"event_name":"Cursed Tome","floor":19,"gold_loss":0}],"is_beta":false,"boss_relics":[{"not_picked":["HoveringKite","Ectoplasm"],"picked":"Pandora\u0027s Box"}],"items_purged_floors":[14],"is_endless":false,"potions_floor_spawned":[8,10,13,16,18],"killed_by":"Snake Plant","ascension_level":18}}