{"host":"itbqv4oobgse7q4n","time":1611573541,"event":{"mods":["100% Spire Juice","2.2 Compatiblity","Act Like it!","Aspiration","BaseMod","Bestiary","CapriCore","Card Forge","Colored Powertips","Evolution","Friendly Minions","Gensokyo","GifTheSpireLib","Hero for Fun","Highlight Path","HololiveMod","Hubris","LagranYue(???·?)","Minty Spire (QoL Compilation)","Prisma Mod","Relic Filter","Reliquary","Remilia??????","Replay The Spire","Shop Mod","Small Relic Pack","StSLib","Td1madao Mod","The Alterego","The Animator","The Immortal","The Necromancer","The Servant 0.9.4","The Wild Card","Wandering Minibosses","Yakumo Yukari mod"],"gold_per_floor":[117,136,136,136,146,180,180,180,180,213,241,117,136,171,171,275,275,288,301,312,192,192,217,217,248,299,328,338,349,368,36,36,131,131,147,147,712,431,634,712,712,1236,1236,1759,2235,2235,2235,2353,2353,2538,2538,2538,1611,1670,1790],"floor_reached":56,"language":"RUS","playtime":6902,"items_purged":[],"score":1696,"play_id":"6a3f34ae-cc1b-4fbb-a7de-3ce89a0b1052","local_time":"20210125141901","is_ascension_mode":true,"campfire_choices":[{"floor":8.0,"key":"RECALL"},{"data":"1","floor":15.0,"key":"LIFT"},{"data":"2","floor":32.0,"key":"LIFT"},{"data":"3","floor":47.0,"key":"LIFT"},{"floor":49,"key":"REST"},{"floor":52,"key":"REST"}],"circlet_count":0,"master_deck":["LagranYue:BaseAttackCard+1","LagranYue:BaseAttackCard+1","LagranYue:BaseAttackCard+1","LagranYue:BaseDefendCard+1","LagranYue:BaseDefendCard+1","LagranYue:BaseDefendCard+1","LagranYue:AttackTopazCard+1","LagranYue:SkillBrokenSwordCard+1","LagranYue:MultipleThornsCard+1","LagranYue:EmeraldRemorseCard+1","LagranYue:AttackPurpleCard+1","LagranYue:AttackKillerCard+1","LagranYue:AttackRavagedCard+1","LagranYue:AttackMagicStarsCard+1","LagranYue:SkillFalseAerialAceCard+1","LagranYue:SkillTestamentCard+1","LagranYue:PowerFurnaceCard+1","LagranYue:SkillHeartWaterCard+1","wanderingMiniBosses:FinaleOfPromise+1","LagranYue:AttackEngravingRoseCard+1","LagranYue:SkillKadeboSwordCard+1","LagranYue:MultipleThornsCard+1","LagranYue:AttackFaithCard+1","LagranYue:AttackGodSwordCard+1","LagranYue:SkillDeathBolgCard+1","LagranYue:SkillLiberationCard+1","LagranYue:PowerWindKingEnchantmentCard+1","LagranYue:BraveTemperamentCard+1","LagranYue:PrematureBurialCard+1","LagranYue:PrematureBurialCard+1","LagranYue:SkillGanJiangMoYeSwordCard+1","LagranYue:EmeraldRemorseCard+1","LagranYue:PowerKingTreasureCard+1","Gensokyo:MonkeysPaw+1","LagranYue:SkillBlazingSevenRingsCard+1","LagranYue:MagicSkyrocketCard+1","LagranYue:AttackGoldCard+1","hubris:NaturalOne","Gensokyo:MonkeysPaw+1","LagranYue:AttackGoldCard+1","LagranYue:PowerDoubleArmsCard+1","LagranYue:SkillVictorySwordCard+1","LagranYue:PowerGoldStartCard+1","LagranYue:AttackDegenerateCard+1","LagranYue:SkillDevilKissCard+1","LagranYue:ProjectionCard+1","LagranYue:SkillDisasterEquipmentCard+1","Mayhem+1","LagranYue:SkillLiberationCard+1","Gensokyo:SummonJeweledCobra"],"relics":["LagranYue:ArmsProficiencyRelics","Hammer of Thor","Seething Fire","Anvil of the Gods","EVO:Axolotl","Gensokyo:OccultBall","aspiration:FetidBarrel","hubris:Icosahedron","Replay:Kaleidoscope","Girya","MerchantsRug","LagranYue:ReturningEmperorRelic","Replay:Grab Bag","Philosopher\u0027s Stone","Fusion Hammer","aspiration:IroncladSkillbook","wanderingMiniBosses:Blackblade","Gensokyo:MaskOfHope","Iron Hammer","Replay:Ringing Soul","reliquary:Boomerang","aspiration:StickyExplosives_weak","reliquary:RoseTintedGlasses","Potion Belt","reliquary:RedPaperclip","Replay:Bandana","DollysMirror","InkBottle","MealTicket","Gensokyo:Companionship","War Paint","hubris:MedicalManual","CaptainsWheel","relicPack:InfinityGauntlet","ReplayTheSpireMod:Lightbulb","Orichalcum","Gremlin Horn"],"acts_visited":["Gensokyo:Gensokyo","Gensokyo:Gensokyoer","Gensokyo:Gensokyoest","TheEnding"],"potions_floor_usage":[55,55,55,55],"damage_taken":[{"damage":18.0,"enemies":"Gensokyo:2_Kodama","floor":1.0,"turns":8.0},{"damage":4.0,"enemies":"Gensokyo:Python","floor":2.0,"turns":5.0},{"damage":0.0,"enemies":"Gensokyo:3_Fairies","floor":5.0,"turns":3.0},{"damage":5.0,"enemies":"Gensokyo:Mamizou","floor":6.0,"turns":8.0},{"damage":0.0,"enemies":"Gensokyo:Cirno","floor":10.0,"turns":5.0},{"damage":12.0,"enemies":"Gensokyo:Mamizou","floor":11.0,"turns":7.0},{"damage":4.0,"enemies":"Gensokyo:Python_and_Kodama","floor":13.0,"turns":3.0},{"damage":0.0,"enemies":"Gensokyo:Cirno","floor":14.0,"turns":6.0},{"damage":8.0,"enemies":"Gensokyo:Reimu","floor":16.0,"turns":6.0},{"damage":24.0,"enemies":"Gensokyo:Chomper","floor":18.0,"turns":5.0},{"damage":11.0,"enemies":"Gensokyo:CosmicMonolith","floor":19.0,"turns":4.0},{"damage":13.0,"enemies":"Gensokyo:Slime_Group","floor":20.0,"turns":3.0},{"damage":0.0,"enemies":"Gensokyo:Reisen","floor":23.0,"turns":4.0},{"damage":0.0,"enemies":"Gensokyo:Tenshi","floor":25.0,"turns":2.0},{"damage":0.0,"enemies":"Gensokyo:Koishi","floor":27.0,"turns":2.0},{"damage":3.0,"enemies":"Gensokyo:Chomper_and_Gloop","floor":28.0,"turns":6.0},{"damage":37.0,"enemies":"Gensokyo:Monolith_and_Dog","floor":29.0,"turns":6.0},{"damage":1.0,"enemies":"Gensokyo:Swordslinger","floor":30.0,"turns":2.0},{"damage":23.0,"enemies":"Gensokyo:Eiki","floor":33.0,"turns":3.0},{"damage":0.0,"enemies":"Gensokyo:3_Boulders","floor":35.0,"turns":5.0},{"damage":47.0,"enemies":"Gensokyo:3_Bats","floor":37.0,"turns":8.0},{"damage":13.0,"enemies":"Gensokyo:Marisa","floor":40.0,"turns":5.0},{"damage":36.0,"enemies":"Gensokyo:3_Boulders","floor":42.0,"turns":6.0},{"damage":54.0,"enemies":"Gensokyo:Sharpion","floor":44.0,"turns":10.0},{"damage":31.0,"enemies":"Gensokyo:AtlasGolem","floor":45.0,"turns":6.0},{"damage":1,"enemies":"Gensokyo:Doremy","floor":48,"turns":6},{"damage":4,"enemies":"Gensokyo:Shinki","floor":50,"turns":9},{"damage":2,"enemies":"Shield and Spear","floor":54,"turns":8},{"damage":44,"enemies":"The Heart","floor":55,"turns":8}],"seed_played":"2124296463672171382","potions_obtained":[{"floor":5.0,"key":"Adrenaline Potion"},{"floor":10.0,"key":"BlessingOfTheForge"},{"floor":14.0,"key":"LiquidBronze"},{"floor":16.0,"key":"Venom Potion"},{"floor":19.0,"key":"AttackPotion"},{"floor":27.0,"key":"Elixir"},{"floor":28.0,"key":"Regen Potion"},{"floor":33.0,"key":"ColorlessPotion"},{"floor":37.0,"key":"Flashbang"}],"is_trial":false,"path_per_floor":["M","M","?","?","M","E","?","R","T","E","?","$","M","E","R","B",null,"M","M","M","?","?","E","?","E","T","E","M","M","M","COS","R","B",null,"M","?","M","COS","?","E","?","M","T","M","M","?","R","E","R","B",null,"R","$","E","B",null],"character_chosen":"LagranYueCharacter","items_purchased":["MerchantsRug","LagranYue:SkillDisasterEquipmentCard","relicPack:InfinityGauntlet","ReplayTheSpireMod:Lightbulb","Orichalcum","EssenceOfSteel","Mayhem"],"campfire_rested":2,"item_purchase_floors":[12,53,53,53,53,53,53],"current_hp_per_floor":[64,60,60,68,68,67,67,67,67,68,57,57,54,55,55,48,91,72,68,60,60,60,66,76,86,86,103,107,116,122,125,125,119,139,145,145,111,114,52,63,79,51,51,69,46,46,46,58,114,126,190,190,193,198,162],"gold":1790,"neow_bonus":"TEN_PERCENT_HP_BONUS","is_daily":false,"chose_seed":false,"campfire_upgraded":0,"win_rate":0.0,"timestamp":1611573541,"path_taken":["M","M","?","?","?","E","?","R","T","E","?","$","M","E","R","BOSS","M","M","M","?","?","E","?","E","T","E","M","M","?","COS","R","BOSS","M","?","M","COS","?","E","?","M","T","M","?","?","R","E","R","BOSS","R","$","E","BOSS"],"items_purchased_type":["Relic","Card","Relic","Relic","Relic","Potion","Card"],"build_version":"2020-12-22","purchased_purges":0,"victory":true,"max_hp_per_floor":[82,82,82,82,82,86,86,86,86,87,88,88,89,90,90,91,91,92,93,94,94,94,96,96,100,100,113,116,120,123,126,126,139,139,145,145,154,157,157,162,162,166,166,179,182,182,182,187,187,190,190,190,193,198,202],"card_choices":[{"not_picked":["LagranYue:AttackGoldCard","LagranYue:AttackSapphireCard"],"picked":"LagranYue:EmeraldRemorseCard","floor":1.0},{"not_picked":["LagranYue:GoldForgingCard","LagranYue:PowerKingTreasureCard"],"picked":"LagranYue:AttackPurpleCard","floor":2.0},{"not_picked":["LagranYue:SkillWoodSpearCard","LagranYue:SkillIncompleteArchCard"],"picked":"LagranYue:AttackKillerCard","floor":5.0},{"not_picked":["LagranYue:AttackDivineGuidanceCard","LagranYue:AttackFireCard"],"picked":"LagranYue:AttackRavagedCard","floor":6.0},{"not_picked":["LagranYue:ProjectionCard","LagranYue:DefendBetterCard"],"picked":"LagranYue:AttackMagicStarsCard","floor":10.0},{"not_picked":["LagranYue:EmeraldRemorseCard","LagranYue:AttackRubyCard"],"picked":"LagranYue:SkillFalseAerialAceCard","floor":11.0},{"not_picked":["LagranYue:MagicSkyrocketCard","LagranYue:AttackBetterCard"],"picked":"LagranYue:SkillTestamentCard","floor":13.0},{"not_picked":["LagranYue:AttackRubyCard","LagranYue:AttackDegenerateCard"],"picked":"LagranYue:PowerFurnaceCard","floor":14.0},{"not_picked":["LagranYue:PowerWindKingEnchantmentCard","LagranYue:AttackGodSwordCard"],"picked":"LagranYue:SkillHeartWaterCard","floor":16.0},{"not_picked":[],"picked":"wanderingMiniBosses:FinaleOfPromise","floor":18.0},{"not_picked":["LagranYue:EatTigerCard","LagranYue:SkillIncompleteArchCard"],"picked":"LagranYue:AttackEngravingRoseCard","floor":18.0},{"not_picked":["LagranYue:ForgingCard","LagranYue:AttackGoldCard+1","LagranYue:GoldForgingCard"],"picked":"LagranYue:SkillKadeboSwordCard","floor":18.0},{"not_picked":["LagranYue:LifeForgingCard","LagranYue:AttackDivineGuidanceCard"],"picked":"LagranYue:MultipleThornsCard","floor":19.0},{"not_picked":["LagranYue:SkillWoodSpearCard","LagranYue:AttackDevilCard","LagranYue:AttackPurpleCard"],"picked":"LagranYue:AttackFaithCard+1","floor":19.0},{"not_picked":["LagranYue:SkillEightFeetJadeCard","LagranYue:AttackIceCard"],"picked":"LagranYue:AttackGodSwordCard","floor":20.0},{"not_picked":["LagranYue:MagicSkyrocketCard","LagranYue:AttackCrowCrossbowCard+1","LagranYue:TestChooseCard+1"],"picked":"LagranYue:SkillDeathBolgCard+1","floor":20.0},{"not_picked":["LagranYue:SkillBrokenShieldCard+1","LagranYue:AttackEngravingRoseCard","LagranYue:AttackFireCard+1","LagranYue:SapphirePrayerCard"],"picked":"SKIP","floor":23.0},{"not_picked":["LagranYue:EmeraldRemorseCard","LagranYue:SkillWoodSpearCard","LagranYue:SkillIncompleteArchCard"],"picked":"LagranYue:SkillLiberationCard+1","floor":25.0},{"not_picked":["LagranYue:PrematureBurialCard","LagranYue:DefendBetterCard"],"picked":"LagranYue:PowerWindKingEnchantmentCard","floor":27.0},{"not_picked":["LagranYue:MultipleThornsCard","LagranYue:GoldForgingCard","LagranYue:AttackPurpleCard"],"picked":"LagranYue:BraveTemperamentCard","floor":27.0},{"not_picked":["LagranYue:AttackTopazCard","LagranYue:AttackRavagedCard"],"picked":"LagranYue:PrematureBurialCard","floor":28.0},{"not_picked":["LagranYue:RubyDefendCard","LagranYue:AttackCrowCrossbowCard+1","LagranYue:AttackRubyCard"],"picked":"LagranYue:PrematureBurialCard","floor":28.0},{"not_picked":["LagranYue:AttackEngravingRoseCard+1","LagranYue:AttackKingCard"],"picked":"LagranYue:SkillGanJiangMoYeSwordCard","floor":29.0},{"not_picked":["LagranYue:AttackSapphireCard+1","LagranYue:AttackBetterCard","LagranYue:AttackPurpleCard"],"picked":"LagranYue:EmeraldRemorseCard","floor":29.0},{"not_picked":["LagranYue:SapphirePrayerCard","LagranYue:SkillWoodSpearCard+1","LagranYue:SkillExplosiveArmorCard"],"picked":"LagranYue:PowerKingTreasureCard","floor":30.0},{"not_picked":["LagranYue:PowerDoubleArmsCard","LagranYue:SkillLegendPaladinCard","LagranYue:AttackLakeCard"],"picked":"LagranYue:SkillBlazingSevenRingsCard","floor":33.0},{"not_picked":["LagranYue:EatTigerCard","LagranYue:AttackMagicMoonCard"],"picked":"LagranYue:MagicSkyrocketCard","floor":35.0},{"not_picked":["LagranYue:AttackMagicMoonCard+1","LagranYue:SkillEightFeetJadeCard+1","LagranYue:RubyDefendCard"],"picked":"LagranYue:AttackGoldCard","floor":35.0},{"not_picked":["LagranYue:AttackAerCard","LagranYue:AttackBetterCard","LagranYue:AttackMagicSwordCard"],"picked":"SKIP","floor":37.0},{"not_picked":["LagranYue:AttackFireCard+1","LagranYue:FantasyCard","LagranYue:SkillDeadlyBloomCard+1","LagranYue:AttackMagicMoonCard+1"],"picked":"SKIP","floor":37.0},{"not_picked":["LagranYue:EatTigerCard+1","LagranYue:SkillBrokenShieldCard","LagranYue:SkillDeadlyBloomCard"],"picked":"LagranYue:AttackGoldCard+1","floor":40.0},{"not_picked":["LagranYue:AttackFutureCard","LagranYue:AttackWaltzCard","LagranYue:AttackBetterCard"],"picked":"SKIP","floor":40.0},{"not_picked":["LagranYue:AttackLakeCard","LagranYue:PowerWindKingEnchantmentCard","LagranYue:AttackMagicSwordCard"],"picked":"LagranYue:PowerDoubleArmsCard","floor":42.0},{"not_picked":["LagranYue:AttackMagicMoonCard","LagranYue:DefendBetterCard"],"picked":"LagranYue:SkillVictorySwordCard","floor":42.0},{"not_picked":["LagranYue:AttackRavagedCard","LagranYue:SkillBrokenShieldCard","LagranYue:AttackRubyCard"],"picked":"LagranYue:PowerGoldStartCard+1","floor":42.0},{"not_picked":["LagranYue:AttackIceCard","LagranYue:AttackGoldCard"],"picked":"LagranYue:AttackDegenerateCard","floor":44.0},{"not_picked":["LagranYue:AttackDivineGuidanceCard+1","LagranYue:AttackCrowCrossbowCard","LagranYue:SkillDeadlyBloomCard","LagranYue:PowerRemoveArmorCard"],"picked":"SKIP","floor":44.0},{"not_picked":["LagranYue:EmeraldRemorseCard+1","LagranYue:SkillWoodSpearCard+1","LagranYue:AttackEngravingRoseCard"],"picked":"LagranYue:SkillDevilKissCard+1","floor":45.0},{"not_picked":["LagranYue:SkillBrokenShieldCard+1","LagranYue:ForgingCard+1","LagranYue:SkillIncompleteArchCard"],"picked":"LagranYue:ProjectionCard+1","floor":48},{"not_picked":["LagranYue:AttackSapphireCard+1","LagranYue:RoseCard","LagranYue:AttackFireCard+1"],"picked":"LagranYue:SkillLiberationCard+1","floor":54},{"not_picked":["LagranYue:SapphirePrayerCard","LagranYue:AttackGoldCard","LagranYue:SkillTestamentCard"],"picked":"SKIP","floor":54}],"player_experience":194967,"relics_obtained":[{"floor":6.0,"key":"aspiration:FetidBarrel"},{"floor":9.0,"key":"Replay:Kaleidoscope"},{"floor":10.0,"key":"Girya"},{"floor":11.0,"key":"aspiration:StickyExplosives"},{"floor":14.0,"key":"LagranYue:ReturningEmperorRelic"},{"floor":16.0,"key":"Gensokyo:OccultBall"},{"floor":18.0,"key":"wanderingMiniBosses:Blackblade"},{"floor":23.0,"key":"Iron Hammer"},{"floor":25.0,"key":"Replay:Ringing Soul"},{"floor":26.0,"key":"reliquary:Boomerang"},{"floor":27.0,"key":"aspiration:StickyExplosives_weak"},{"floor":28.0,"key":"reliquary:RoseTintedGlasses"},{"floor":29.0,"key":"Potion Belt"},{"floor":33.0,"key":"Gensokyo:OccultBall"},{"floor":35.0,"key":"Gensokyo:OccultBall"},{"floor":40.0,"key":"InkBottle"},{"floor":44.0,"key":"Gensokyo:OccultBall"},{"floor":44.0,"key":"MealTicket"},{"floor":48,"key":"War Paint"},{"floor":48,"key":"hubris:MedicalManual"},{"floor":54,"key":"Gremlin Horn"}],"event_choices":[],"is_beta":false,"boss_relics":[{"not_picked":["LagranYue:SoulBurningRelic","Black Star"],"picked":"Replay:Grab Bag"},{"not_picked":["SlaversCollar","aspiration:RandomNobGenerator"],"picked":"Philosopher\u0027s Stone"},{"not_picked":["hubris:RunicObelisk","Circlet"],"picked":"Fusion Hammer"},{"not_picked":["aspiration:RitualDagger","Replay:Drink Me"],"picked":"aspiration:IroncladSkillbook"},{"not_picked":["Tiny House","relicPack:KazumaCape"],"picked":"reliquary:RedPaperclip"}],"items_purged_floors":[],"is_endless":false,"potions_floor_spawned":[5,10,14,19,27,28,33,37],"ascension_level":1}}