{"host":"js2su9tbbk4rmjfl","time":1611607361,"event":{"mods":["AchievementEnabler","BaseMod","Block Reminder","Colored Map","Colored Powertips","Highlight Path","Minty Spire (QoL Compilation)","Relic Stats"],"gold_per_floor":[11,11,11,36,55,55,71,71,71,89,112,87,87,108,108,236,236,255,269,284,308,308,308,308,308,334,344,355,335,335,8,8,8,8],"floor_reached":33,"language":"ENG","playtime":2217,"items_purged":["Strike_R"],"score":241,"play_id":"3a06cc2c-02a1-4c3b-b66b-1cdc269b7711","local_time":"20210125214241","is_ascension_mode":false,"campfire_choices":[{"data":"Wild Strike","floor":6,"key":"SMITH"},{"data":"Fire Breathing","floor":8,"key":"SMITH"},{"data":"Bash","floor":15,"key":"SMITH"},{"data":"Evolve","floor":23,"key":"SMITH"},{"data":"Battle Trance","floor":24,"key":"SMITH"},{"data":"Double Tap","floor":25,"key":"SMITH"},{"data":"Thunderclap","floor":30,"key":"SMITH"},{"data":"Wild Strike","floor":32,"key":"SMITH"}],"circlet_count":0,"master_deck":["Strike_R","Strike_R","Strike_R","Defend_R","Defend_R","Defend_R","Defend_R","Bash+1","Carnage","Fire Breathing+1","Wild Strike+1","Shrug It Off","Battle Trance+1","Sever Soul","Thunderclap+1","Double Tap+1","CurseOfTheBell","Evolve+1","Ghostly Armor","Wild Strike+1","Iron Wave+1"],"relics":["Burning Blood","Du-Vu Doll","Bloody Idol","Orichalcum","Calling Bell","Juzu Bracelet","Letter Opener","WingedGreaves","Bag of Marbles","Bottled Lightning"],"acts_visited":["Exordium","TheCity"],"potions_floor_usage":[21,27,33],"damage_taken":[{"damage":5,"enemies":"Small Slimes","floor":1,"turns":4},{"damage":5,"enemies":"2 Louse","floor":4,"turns":2},{"damage":6,"enemies":"Cultist","floor":5,"turns":3},{"damage":11,"enemies":"Large Slime","floor":7,"turns":4},{"damage":0,"enemies":"Exordium Wildlife","floor":10,"turns":3},{"damage":6,"enemies":"Exordium Thugs","floor":11,"turns":4},{"damage":5,"enemies":"Blue Slaver","floor":14,"turns":4},{"damage":1,"enemies":"Slime Boss","floor":16,"turns":7},{"damage":11,"enemies":"3 Byrds","floor":18,"turns":5},{"damage":16,"enemies":"2 Thieves","floor":19,"turns":4},{"damage":16,"enemies":"Centurion and Healer","floor":20,"turns":4},{"damage":30,"enemies":"Snake Plant","floor":21,"turns":4},{"damage":13,"enemies":"Cultist and Chosen","floor":27,"turns":6},{"damage":15,"enemies":"Sentry and Sphere","floor":28,"turns":5},{"damage":49,"enemies":"Champ","floor":33,"turns":7}],"seed_played":"3320386674342732716","potions_obtained":[{"floor":1,"key":"Regen Potion"},{"floor":10,"key":"Strength Potion"},{"floor":14,"key":"Ancient Potion"},{"floor":21,"key":"BlessingOfTheForge"},{"floor":29,"key":"GamblersBrew"}],"is_trial":false,"path_per_floor":["M","?","?","M","M","R","M","R","T","M","M","?","$","M","R","B",null,"M","M","M","M","?","R","R","R","T","M","M","?","R","$","R","B"],"character_chosen":"IRONCLAD","items_purchased":["Bottled Lightning"],"campfire_rested":0,"item_purchase_floors":[31],"current_hp_per_floor":[80,60,60,61,61,61,56,56,56,62,62,62,62,63,63,68,80,75,65,55,40,40,40,40,40,45,43,39,39,39,39,39,0,0],"gold":8,"neow_bonus":"ONE_RARE_RELIC","is_daily":false,"chose_seed":false,"campfire_upgraded":8,"win_rate":0.0,"timestamp":1611607361,"path_taken":["M","?","?","M","M","R","M","R","T","M","?","?","?","?","R","BOSS","M","M","M","M","?","R","R","R","T","M","M","?","R","$","R","BOSS"],"items_purchased_type":["Relic"],"build_version":"2020-12-22","purchased_purges":1,"victory":false,"max_hp_per_floor":[80,80,80,80,80,80,80,80,80,80,80,80,80,80,80,80,80,80,80,80,80,80,80,80,80,80,80,80,80,80,80,80,80,80],"relic_stats":{"counters":[15,66],"Bloody Idol":15,"Juzu Bracelet":0,"Letter Opener":[20],"Orichalcum":[174],"obtain_stats":[{"Du-Vu Doll":0,"Calling Bell":17,"Golden Idol":2,"Bloody Idol":22,"WingedGreaves":17,"Juzu Bracelet":17,"Bag of Marbles":26,"Letter Opener":17,"Bottled Lightning":31,"Orichalcum":9,"Burning Blood":0},{"Du-Vu Doll":0,"Calling Bell":8,"Golden Idol":1,"Bloody Idol":12,"WingedGreaves":8,"Juzu Bracelet":8,"Bag of Marbles":12,"Letter Opener":8,"Bottled Lightning":14,"Orichalcum":4,"Burning Blood":0},{"Du-Vu Doll":0,"Calling Bell":31,"Golden Idol":4,"Bloody Idol":48,"WingedGreaves":31,"Juzu Bracelet":31,"Bag of Marbles":48,"Letter Opener":31,"Bottled Lightning":59,"Orichalcum":13,"Burning Blood":0}],"Burning Blood":83},"card_choices":[{"not_picked":["Rampage","Dark Embrace"],"picked":"Carnage","floor":1},{"not_picked":["Iron Wave","Rampage"],"picked":"Wild Strike","floor":4},{"not_picked":["Flame Barrier","Iron Wave","Clash"],"picked":"SKIP","floor":5},{"not_picked":["Cleave","Twin Strike"],"picked":"Shrug It Off","floor":7},{"not_picked":["True Grit","Cleave"],"picked":"Battle Trance","floor":10},{"not_picked":["Cleave","Iron Wave"],"picked":"Sever Soul","floor":11},{"not_picked":["Disarm","Body Slam"],"picked":"Thunderclap","floor":14},{"not_picked":["Limit Break","Reaper"],"picked":"Double Tap","floor":16},{"not_picked":["Clothesline","Iron Wave"],"picked":"Evolve","floor":18},{"not_picked":["Anger","Headbutt","Havoc+1"],"picked":"SKIP","floor":19},{"not_picked":["Infernal Blade","Body Slam","Cleave+1"],"picked":"SKIP","floor":20},{"not_picked":["Burning Pact","Fire Breathing"],"picked":"Ghostly Armor","floor":21},{"not_picked":["Sword Boomerang+1","Feel No Pain+1"],"picked":"Wild Strike","floor":27},{"not_picked":["Brutality","Headbutt"],"picked":"Iron Wave+1","floor":28}],"player_experience":794517,"relics_obtained":[{"floor":9,"key":"Orichalcum"},{"floor":17,"key":"Juzu Bracelet"},{"floor":17,"key":"Letter Opener"},{"floor":17,"key":"WingedGreaves"},{"floor":26,"key":"Bag of Marbles"}],"event_choices":[{"damage_healed":0,"gold_gain":0,"player_choice":"Take Damage","damage_taken":20,"relics_obtained":["Golden Idol"],"max_hp_gain":0,"max_hp_loss":0,"event_name":"Golden Idol","floor":2,"gold_loss":0},{"damage_healed":0,"gold_gain":0,"cards_transformed":["Strike_R"],"player_choice":"Transformed","damage_taken":0,"max_hp_gain":0,"max_hp_loss":0,"event_name":"Transmorgrifier","floor":3,"gold_loss":0,"cards_obtained":["Fire Breathing"]},{"damage_healed":0,"gold_gain":0,"player_choice":"Left Gold","damage_taken":0,"max_hp_gain":0,"max_hp_loss":0,"event_name":"World of Goop","floor":12,"gold_loss":25},{"damage_healed":0,"gold_gain":0,"player_choice":"Gave Idol","damage_taken":0,"relics_obtained":["Bloody Idol"],"max_hp_gain":0,"max_hp_loss":0,"event_name":"Forgotten Altar","floor":22,"relics_lost":["Golden Idol"],"gold_loss":0},{"damage_healed":0,"gold_gain":0,"player_choice":"Bought 1 Potion","damage_taken":0,"max_hp_gain":0,"max_hp_loss":0,"event_name":"The Woman in Blue","floor":29,"gold_loss":0}],"is_beta":false,"boss_relics":[{"not_picked":["Astrolabe","Runic Pyramid"],"picked":"Calling Bell"}],"items_purged_floors":[31],"is_endless":false,"potions_floor_spawned":[1,10,14,16,19,21],"killed_by":"Champ","ascension_level":0}}