{"host":"l2onoeb0kdqo1a9y","time":1611541853,"event":{"mods":["AchievementEnabler","BaseMod","Colored Powertips","Highlight Path","Minty Spire (QoL Compilation)","Quick Restart"],"gold_per_floor":[114,114,64,79,79,109,109,124,149,149,164,179,194,209,209,309,309,324,339,114,129,129,129,129,129,129,144,91,121,136,136,136,136,136],"floor_reached":33,"language":"ZHS","playtime":716,"items_purged":["Strike_G"],"score":344,"play_id":"99e90cc8-5496-475e-9a61-1973fc641c47","local_time":"20210125103053","daily_mods":["Chimera","Time Dilation","Lethality"],"is_ascension_mode":false,"campfire_choices":[{"data":"Whirlwind","floor":10.0,"key":"SMITH"},{"data":"Searing Blow","floor":15.0,"key":"SMITH"},{"data":"Searing Blow+1","floor":23.0,"key":"SMITH"},{"data":"Searing Blow+2","floor":25.0,"key":"SMITH"},{"data":"Armaments","floor":32.0,"key":"SMITH"}],"circlet_count":0,"master_deck":["Bash","Survivor","Eruption","Defend_R","Defend_G","Defend_P+1","Whirlwind+1","Seeing Red+1","Cleave","Thunderclap","Ghostly Armor","Flex","Searing Blow+3","Double Tap","Exhume","Shrug It Off","Good Instincts","Armaments+1","Battle Trance+1","Offering","Bite","Bite","Bite","Bite","Bite"],"relics":["Burning Blood","Darkstone Periapt","Omamori","Sozu","Medical Kit","Gremlin Horn","Du-Vu Doll"],"acts_visited":["Exordium","TheCity"],"potions_floor_usage":[],"damage_taken":[{"damage":4.0,"enemies":"Cultist","floor":1.0,"turns":3.0},{"damage":7.0,"enemies":"2 Louse","floor":4.0,"turns":2.0},{"damage":0.0,"enemies":"Gremlin Nob","floor":6.0,"turns":2.0},{"damage":0.0,"enemies":"Small Slimes","floor":8.0,"turns":1.0},{"damage":0.0,"enemies":"Exordium Thugs","floor":11.0,"turns":2.0},{"damage":6.0,"enemies":"Exordium Wildlife","floor":12.0,"turns":2.0},{"damage":0.0,"enemies":"Looter","floor":13.0,"turns":1.0},{"damage":5.0,"enemies":"2 Fungi Beasts","floor":14.0,"turns":2.0},{"damage":4.0,"enemies":"Slime Boss","floor":16.0,"turns":5.0},{"damage":13.0,"enemies":"2 Thieves","floor":18.0,"turns":3.0},{"damage":16.0,"enemies":"Chosen","floor":19.0,"turns":2.0},{"damage":0.0,"enemies":"3 Cultists","floor":21.0,"turns":2.0},{"damage":3.0,"enemies":"Snake Plant","floor":27.0,"turns":3.0},{"damage":0.0,"enemies":"Gremlin Leader","floor":29.0,"turns":3.0},{"damage":35.0,"enemies":"Sentry and Sphere","floor":30.0,"turns":5.0},{"damage":31,"enemies":"Champ","floor":33,"turns":6}],"seed_played":"7295166269203286773","potions_obtained":[{"floor":1.0,"key":"FearPotion"},{"floor":4.0,"key":"DistilledChaos"},{"floor":6.0,"key":"Strength Potion"},{"floor":8.0,"key":"Explosive Potion"}],"is_trial":false,"path_per_floor":["M","?","?","M","?","E","?","M","T","R","M","M","M","M","R","B",null,"M","M","$","M","?","R","$","R","T","M","$","E","M","?","R","B"],"character_chosen":"IRONCLAD","items_purchased":["Medical Kit","Armaments"],"campfire_rested":0,"item_purchase_floors":[20,28],"current_hp_per_floor":[80,85,85,84,67,73,73,79,79,79,85,85,85,85,85,85,85,78,68,68,74,74,74,74,74,74,77,77,83,54,54,54,37,37],"gold":136,"neow_bonus":"","is_daily":true,"chose_seed":false,"campfire_upgraded":5,"win_rate":0.0,"timestamp":1611541853,"path_taken":["M","?","?","M","?","E","?","M","T","R","M","M","M","?","R","BOSS","M","M","$","M","?","R","$","R","T","M","?","E","?","?","R","BOSS"],"items_purchased_type":["Relic","Card"],"build_version":"2020-12-22","purchased_purges":1,"victory":false,"max_hp_per_floor":[80,85,85,85,85,85,85,85,85,85,85,85,85,85,85,85,85,85,85,85,85,85,85,85,85,85,85,85,85,85,59,59,59,59],"card_choices":[{"not_picked":["Bloodletting","Clothesline"],"picked":"Whirlwind","floor":1.0},{"not_picked":["Pommel Strike","Disarm"],"picked":"Seeing Red","floor":4.0},{"not_picked":["Fire Breathing","Power Through"],"picked":"Cleave","floor":6.0},{"not_picked":["Havoc","Clothesline"],"picked":"Thunderclap","floor":8.0},{"not_picked":["Body Slam","Headbutt"],"picked":"Ghostly Armor","floor":11.0},{"not_picked":["Blood for Blood","Clothesline"],"picked":"Flex","floor":12.0},{"not_picked":["Headbutt","Sword Boomerang"],"picked":"Searing Blow","floor":13.0},{"not_picked":["Iron Wave","Headbutt"],"picked":"Double Tap","floor":14.0},{"not_picked":["Demon Form","Double Tap"],"picked":"Exhume","floor":16.0},{"not_picked":["Burning Pact","Heavy Blade+1"],"picked":"Shrug It Off","floor":18.0},{"not_picked":["Body Slam+1","Pommel Strike","Uppercut"],"picked":"SKIP","floor":19.0},{"not_picked":["Hemokinesis","Body Slam","Headbutt"],"picked":"SKIP","floor":21.0},{"not_picked":["Clothesline","Thunderclap+1","Body Slam"],"picked":"SKIP","floor":27.0},{"not_picked":["Reckless Charge","Havoc"],"picked":"Battle Trance+1","floor":29.0},{"not_picked":["Shrug It Off+1","Sword Boomerang"],"picked":"Offering","floor":30.0}],"player_experience":122172,"relics_obtained":[{"floor":6.0,"key":"Darkstone Periapt"},{"floor":9.0,"key":"Omamori"},{"floor":26.0,"key":"Gremlin Horn"},{"floor":29.0,"key":"Du-Vu Doll"}],"event_choices":[{"damage_healed":0.0,"max_hp_gain":5.0,"max_hp_loss":0.0,"gold_gain":0.0,"event_name":"Big Fish","player_choice":"Donut","floor":2.0,"gold_loss":0.0,"damage_taken":0.0},{"cards_removed":["Zap"],"damage_healed":0.0,"max_hp_gain":0.0,"max_hp_loss":0.0,"gold_gain":0.0,"event_name":"The Cleric","player_choice":"Card Removal","floor":3.0,"gold_loss":50.0,"damage_taken":0.0},{"damage_healed":0.0,"max_hp_gain":0.0,"max_hp_loss":0.0,"gold_gain":0.0,"event_name":"Shining Light","player_choice":"Entered Light","floor":5.0,"gold_loss":0.0,"damage_taken":17.0,"cards_upgraded":["Strike_B","Defend_P"]},{"damage_healed":0.0,"max_hp_gain":0.0,"max_hp_loss":0.0,"gold_gain":0.0,"event_name":"Upgrade Shrine","player_choice":"Upgraded","floor":7.0,"gold_loss":0.0,"damage_taken":0.0,"cards_upgraded":["Seeing Red"]},{"damage_healed":0.0,"max_hp_gain":0.0,"max_hp_loss":0.0,"gold_gain":0.0,"event_name":"Match and Keep!","player_choice":"1 cards matched","floor":22.0,"gold_loss":0.0,"damage_taken":0.0,"cards_obtained":["Good Instincts"]},{"damage_healed":0.0,"max_hp_gain":0.0,"max_hp_loss":26.0,"gold_gain":0.0,"event_name":"Vampires","player_choice":"Became a vampire","floor":31.0,"gold_loss":0.0,"damage_taken":0.0,"cards_obtained":["Bite","Bite","Bite","Bite","Bite"]}],"is_beta":false,"boss_relics":[{"not_picked":["Pandora\u0027s Box","Fusion Hammer"],"picked":"Sozu"}],"items_purged_floors":[20],"is_endless":false,"potions_floor_spawned":[1,4,6,8,29,30],"killed_by":"Champ","ascension_level":0}}