{"host":"98os2kmzn0twqoyj","time":1611571409,"event":{"mods":["Act Like it!","Arknights The Spire","BaseMod","Colored Powertips","Downfall","Gensokyo","Lobotomy","Minty Spire (QoL Compilation)","Rare Cards Sparkle","StSLib","everything is the same but u backflip on backflip"],"gold_per_floor":[99,111,111,211,7,27,27,12,47,60,75,93,93,110,127,127,127,127],"floor_reached":16,"language":"ZHS","playtime":758,"items_purged":["Guardian:Defend_Guardian"],"score":104,"play_id":"5144c2a5-9a3a-4b5d-b37a-3bd0d045213c","local_time":"20210125184329","is_ascension_mode":false,"campfire_choices":[{"floor":1,"key":"RECALL"}],"circlet_count":0,"master_deck":["Guardian:Strike_Guardian","Guardian:Strike_Guardian","Guardian:Strike_Guardian","Guardian:Defend_Guardian","Guardian:Defend_Guardian","Guardian:Defend_Guardian","Guardian:CurlUp","Guardian:TwinSlam","Guardian:Planning","Guardian:SphericShield","Guardian:TimeBomb","Guardian:Gem_White","Guardian:Clone"],"relics":["Guardian:ModeShifter","Membership Card","Tiny Chest","Toy Ornithopter"],"acts_visited":["Exordium"],"potions_floor_usage":[],"damage_taken":[{"damage":2,"enemies":"Small Slimes","floor":2,"turns":5},{"damage":0,"enemies":"downfall:FleeingMerchant","floor":5,"turns":4},{"damage":1,"enemies":"2 Louse","floor":6,"turns":3},{"damage":5,"enemies":"downfall:FleeingMerchant","floor":8,"turns":4},{"damage":22,"enemies":"3 Sentries","floor":9,"turns":11},{"damage":6,"enemies":"Jaw Worm","floor":10,"turns":4},{"damage":5,"enemies":"Exordium Thugs","floor":11,"turns":6},{"damage":8,"enemies":"2 Fungi Beasts","floor":12,"turns":5},{"damage":1,"enemies":"Exordium Wildlife","floor":14,"turns":5},{"damage":11,"enemies":"Large Slime","floor":15,"turns":7},{"damage":30,"enemies":"SI_SHIV_ARCHETYPE","floor":16,"turns":7}],"seed_played":"-8015517701176073365","potions_obtained":[{"floor":9,"key":"SmokeBomb"},{"floor":10,"key":"Strength Potion"},{"floor":11,"key":"EssenceOfSteel"}],"is_trial":false,"path_per_floor":["R","M","?","?","$","M","T","$","E","M","M","M","?","M","M","B"],"character_chosen":"GUARDIAN","items_purchased":["Membership Card"],"campfire_rested":0,"item_purchase_floors":[5],"current_hp_per_floor":[88,86,86,86,86,85,85,80,58,52,47,39,39,38,27,0,0,0],"gold":127,"neow_bonus":"TEN_PERCENT_HP_BONUS","is_daily":false,"chose_seed":false,"campfire_upgraded":0,"win_rate":0.0,"timestamp":1611571409,"path_taken":["R","M","?","?","$","M","T","?","E","M","M","?","?","M","M","BOSS"],"items_purchased_type":["Relic"],"build_version":"2020-12-22","purchased_purges":1,"victory":false,"max_hp_per_floor":[88,88,88,88,88,88,88,88,88,88,88,88,88,88,88,88,88,88],"card_choices":[{"not_picked":["Guardian:TemporalShield","Guardian:VentSteam"],"picked":"Guardian:Gem_White","floor":2},{"not_picked":["Guardian:PrismaticBarrier","Guardian:TemporalStrike","Guardian:Gem_Yellow"],"picked":"SKIP","floor":5},{"not_picked":["Guardian:WalkerClaw","Guardian:Gem_Lightblue","Guardian:Gem_Green"],"picked":"SKIP","floor":6},{"not_picked":["Guardian:VentSteam","Guardian:TemporalShield"],"picked":"Guardian:Planning","floor":8},{"not_picked":["Guardian:PrimingBeam","Guardian:Incinerate"],"picked":"Guardian:SphericShield","floor":9},{"not_picked":["Guardian:Gem_Cyan","Guardian:CrystalBeam","Guardian:VentSteam"],"picked":"SKIP","floor":10},{"not_picked":["Guardian:Gem_Green","Guardian:EvasiveProtocol"],"picked":"Guardian:TimeBomb","floor":11},{"not_picked":["Guardian:SpikerProtocol","Guardian:PrimingBeam","Guardian:VentSteam"],"picked":"SKIP","floor":12},{"not_picked":["Guardian:Gem_Red","Guardian:ShieldCharger"],"picked":"Guardian:Gem_White","floor":14},{"not_picked":["Guardian:TemporalStrike","Guardian:EvasiveProtocol"],"picked":"Guardian:Clone","floor":15}],"player_experience":793358,"relics_obtained":[{"floor":7,"key":"Tiny Chest"},{"floor":9,"key":"Toy Ornithopter"}],"event_choices":[],"is_beta":false,"boss_relics":[],"items_purged_floors":[5],"is_endless":false,"potions_floor_spawned":[9,10,11,12],"killed_by":"SI_SHIV_ARCHETYPE","ascension_level":0}}