{"host":"j4g6ia6asvpyu2b0","time":1611601633,"event":{"mods":["BaseMod","Colored Map","Minty Spire (QoL Compilation)","Permanent Neow","Quick Restart","Relic Stats","StSLib","Unceasing Turn Reminder"],"gold_per_floor":[117,134,134,134,152,152,165,190,190,222,222,255,268,38,38,142,142,155,172,183,194,204,204,237,237,237,237,272,283,283,297,297,393,393,413,413,424,442,455,455,489,489,489,489,489,375,406,425,425,425,425,425,49,84,84,84],"floor_reached":55,"language":"ENG","playtime":2583,"items_purged":[],"score":1036,"play_id":"4be42f40-23a3-44c1-b043-871152368a96","local_time":"20210125120713","is_ascension_mode":true,"campfire_choices":[{"data":"Footwork","floor":6.0,"key":"SMITH"},{"data":"Sucker Punch","floor":15.0,"key":"SMITH"},{"data":"Finisher","floor":23.0,"key":"SMITH"},{"data":"Blade Dance","floor":25.0,"key":"SMITH"},{"data":"Cloak And Dagger","floor":27.0,"key":"SMITH"},{"data":"Acrobatics","floor":32.0,"key":"SMITH"},{"data":"Neutralize","floor":40,"key":"SMITH"},{"data":"Dagger Spray","floor":42,"key":"SMITH"},{"floor":44,"key":"RECALL"},{"data":"Noxious Fumes","floor":49,"key":"SMITH"},{"data":"Finisher","floor":52,"key":"SMITH"}],"circlet_count":0,"master_deck":["Strike_G+1","Strike_G","Strike_G","Strike_G+1","Strike_G+1","Defend_G","Defend_G","Defend_G","Defend_G","Defend_G","Survivor","Neutralize+1","Footwork+1","Backflip","Finisher+1","Poisoned Stab","Acrobatics+1","Dagger Spray","Leg Sweep","Blade Dance+1","Sucker Punch+1","Unload+1","Well Laid Plans+1","Backflip","Cloak And Dagger+1","Dagger Spray+1","Venomology","Heel Hook+1","Escape Plan","Backflip","Calculated Gamble","Finisher+1","Escape Plan+1","Heel Hook","Madness","Finesse","Thinking Ahead","Noxious Fumes+1","Finisher+1","PiercingWail","Magnetism","Accuracy","Impatience","Dodge and Roll+1"],"relics":["Busted Crown","Paper Crane","Gambling Chip","FossilizedHelix","MealTicket","Art of War","Omamori","Runic Dome","Orichalcum","Whetstone","Oddly Smooth Stone","Coffee Dripper","Meat on the Bone","Eternal Feather","Boot"],"acts_visited":["Exordium","TheCity","TheBeyond","TheEnding"],"potions_floor_usage":[39,41,47,50,54,54,55,55,55],"damage_taken":[{"damage":0.0,"enemies":"Small Slimes","floor":1.0,"turns":3.0},{"damage":0.0,"enemies":"2 Louse","floor":2.0,"turns":3.0},{"damage":0.0,"enemies":"Jaw Worm","floor":5.0,"turns":4.0},{"damage":0.0,"enemies":"Large Slime","floor":7.0,"turns":8.0},{"damage":5.0,"enemies":"Gremlin Nob","floor":8.0,"turns":4.0},{"damage":0.0,"enemies":"3 Sentries","floor":10.0,"turns":7.0},{"damage":0.0,"enemies":"Lagavulin","floor":12.0,"turns":7.0},{"damage":0.0,"enemies":"3 Louse","floor":13.0,"turns":2.0},{"damage":0.0,"enemies":"The Guardian","floor":16.0,"turns":16.0},{"damage":0.0,"enemies":"3 Byrds","floor":18.0,"turns":4.0},{"damage":2.0,"enemies":"Shell Parasite","floor":19.0,"turns":4.0},{"damage":0.0,"enemies":"Snecko","floor":20.0,"turns":6.0},{"damage":8.0,"enemies":"Cultist and Chosen","floor":21.0,"turns":6.0},{"damage":0.0,"enemies":"Centurion and Healer","floor":22.0,"turns":5.0},{"damage":0.0,"enemies":"Book of Stabbing","floor":24.0,"turns":4.0},{"damage":0.0,"enemies":"Slavers","floor":28.0,"turns":3.0},{"damage":0.0,"enemies":"3 Cultists","floor":29.0,"turns":4.0},{"damage":0.0,"enemies":"Shelled Parasite and Fungi","floor":31.0,"turns":3.0},{"damage":0.0,"enemies":"Automaton","floor":33.0,"turns":12.0},{"damage":8.0,"enemies":"3 Darklings","floor":35.0,"turns":4.0},{"damage":0.0,"enemies":"Orb Walker","floor":37.0,"turns":3.0},{"damage":0.0,"enemies":"Writhing Mass","floor":38.0,"turns":4.0},{"damage":0,"enemies":"Maw","floor":39,"turns":7},{"damage":1,"enemies":"Giant Head","floor":41,"turns":6},{"damage":17,"enemies":"Reptomancer","floor":47,"turns":6},{"damage":0,"enemies":"Sphere and 2 Shapes","floor":48,"turns":2},{"damage":49,"enemies":"Awakened One","floor":50,"turns":13},{"damage":43,"enemies":"Shield and Spear","floor":54,"turns":6},{"damage":69,"enemies":"The Heart","floor":55,"turns":8}],"seed_played":"5653347464509829029","potions_obtained":[{"floor":1.0,"key":"Poison Potion"},{"floor":7.0,"key":"PowerPotion"},{"floor":8.0,"key":"AttackPotion"},{"floor":13.0,"key":"AttackPotion"},{"floor":16.0,"key":"Fruit Juice"},{"floor":19.0,"key":"Explosive Potion"},{"floor":20.0,"key":"BlessingOfTheForge"},{"floor":24.0,"key":"Strength Potion"},{"floor":29.0,"key":"Weak Potion"},{"floor":38.0,"key":"Strength Potion"},{"floor":41,"key":"CunningPotion"},{"floor":47,"key":"Strength Potion"},{"floor":48,"key":"PowerPotion"}],"is_trial":false,"path_per_floor":["M","M","?","?","M","R","M","E","T","E","?","E","M","$","R","B",null,"M","M","M","M","M","R","E","R","T","R","E","M","?","M","R","B",null,"M","$","M","M","M","R","E","R","T","R","?","$","E","M","R","B",null,"R","$","E","B"],"character_chosen":"THE_SILENT","items_purchased":["Omamori","Blade Dance","Sucker Punch","Noxious Fumes","Finisher","PiercingWail","Magnetism","Accuracy","Impatience"],"campfire_rested":0,"item_purchase_floors":[14,14,14,46,46,53,53,53,53],"current_hp_per_floor":[70,70,58,44,44,44,44,39,39,39,44,44,44,59,59,64,80,80,78,78,70,70,70,70,70,70,70,70,70,55,55,55,55,85,77,85,85,85,85,85,84,84,84,84,74,85,68,68,85,48,85,85,85,54,0,0],"gold":84,"neow_bonus":"BOSS_RELIC","is_daily":false,"chose_seed":false,"campfire_upgraded":10,"win_rate":0.0,"timestamp":1611601633,"path_taken":["M","M","?","?","M","R","M","E","T","E","?","E","M","$","R","BOSS","M","M","M","M","M","R","E","R","T","R","E","M","?","M","R","BOSS","M","$","M","M","M","R","E","R","T","R","?","$","E","M","R","BOSS","R","$","E","BOSS"],"items_purchased_type":["Relic","Card","Card","Card","Card","Card","Card","Card","Card"],"build_version":"2020-12-22","purchased_purges":0,"victory":false,"max_hp_per_floor":[70,70,70,70,70,70,70,70,70,70,75,75,75,75,75,80,80,80,80,80,80,80,80,80,80,80,80,80,80,85,85,85,85,85,85,85,85,85,85,85,85,85,85,85,85,85,85,85,85,85,85,85,85,85,85,85],"relic_stats":{"Busted Crown":60,"counters":[29,164],"Gambling Chip":[37],"MealTicket":34,"Eternal Feather":17,"Art of War":[4],"Whetstone":["Strike_G","Unload"],"Orichalcum":[60],"Boot":[4],"obtain_stats":[{"Oddly Smooth Stone":28,"Eternal Feather":47,"Omamori":14,"Whetstone":26,"Paper Crane":3,"Orichalcum":24,"Boot":54,"Runic Dome":17,"Busted Crown":0,"Gambling Chip":8,"MealTicket":10,"Art of War":12,"Coffee Dripper":34,"FossilizedHelix":9,"Ring of the Snake":0,"Meat on the Bone":41},{"Oddly Smooth Stone":16,"Eternal Feather":25,"Omamori":8,"Whetstone":15,"Paper Crane":2,"Orichalcum":15,"Boot":28,"Runic Dome":9,"Busted Crown":0,"Gambling Chip":5,"MealTicket":6,"Art of War":7,"Coffee Dripper":19,"FossilizedHelix":5,"Ring of the Snake":0,"Meat on the Bone":24},{"Oddly Smooth Stone":86,"Eternal Feather":135,"Omamori":38,"Whetstone":83,"Paper Crane":6,"Orichalcum":83,"Boot":156,"Runic Dome":54,"Busted Crown":0,"Gambling Chip":22,"MealTicket":29,"Art of War":36,"Coffee Dripper":105,"FossilizedHelix":22,"Ring of the Snake":0,"Meat on the Bone":129}],"Meat on the Bone":24},"card_choices":[{"not_picked":[],"picked":"Footwork","floor":1.0},{"not_picked":["Underhanded Strike"],"picked":"SKIP","floor":2.0},{"not_picked":[],"picked":"Backflip","floor":5.0},{"not_picked":[],"picked":"Finisher","floor":7.0},{"not_picked":[],"picked":"Poisoned Stab","floor":8.0},{"not_picked":[],"picked":"Acrobatics","floor":10.0},{"not_picked":[],"picked":"Dagger Spray","floor":12.0},{"not_picked":[],"picked":"Leg Sweep","floor":13.0},{"not_picked":[],"picked":"Unload","floor":16.0},{"not_picked":[],"picked":"Well Laid Plans+1","floor":18.0},{"not_picked":[],"picked":"Backflip","floor":19.0},{"not_picked":[],"picked":"Cloak And Dagger","floor":20.0},{"not_picked":[],"picked":"Dagger Spray","floor":21.0},{"not_picked":[],"picked":"Venomology","floor":22.0},{"not_picked":[],"picked":"Heel Hook+1","floor":24.0},{"not_picked":[],"picked":"Escape Plan","floor":28.0},{"not_picked":["Underhanded Strike+1"],"picked":"SKIP","floor":29.0},{"not_picked":[],"picked":"Backflip","floor":31.0},{"not_picked":["Deflect"],"picked":"SKIP","floor":35.0},{"not_picked":[],"picked":"Calculated Gamble","floor":37.0},{"not_picked":[],"picked":"Finisher+1","floor":38.0},{"not_picked":[],"picked":"Escape Plan+1","floor":39},{"not_picked":[],"picked":"Heel Hook","floor":41},{"not_picked":[],"picked":"Madness","floor":45},{"not_picked":[],"picked":"Finesse","floor":45},{"not_picked":[],"picked":"Thinking Ahead","floor":45},{"not_picked":["Setup"],"picked":"SKIP","floor":47},{"not_picked":["Underhanded Strike+1"],"picked":"SKIP","floor":48},{"not_picked":[],"picked":"Dodge and Roll+1","floor":54}],"player_experience":1009469,"relics_obtained":[{"floor":8.0,"key":"Gambling Chip"},{"floor":9.0,"key":"FossilizedHelix"},{"floor":10.0,"key":"MealTicket"},{"floor":12.0,"key":"Art of War"},{"floor":24.0,"key":"Orichalcum"},{"floor":26.0,"key":"Whetstone"},{"floor":28.0,"key":"Oddly Smooth Stone"},{"floor":41,"key":"Meat on the Bone"},{"floor":47,"key":"Eternal Feather"},{"floor":54,"key":"Boot"}],"event_choices":[{"damage_healed":0.0,"max_hp_gain":0.0,"max_hp_loss":0.0,"gold_gain":0.0,"event_name":"Scrap Ooze","player_choice":"Success","floor":3.0,"gold_loss":0.0,"damage_taken":12.0,"relics_obtained":["Paper Crane"]},{"damage_healed":0.0,"max_hp_gain":0.0,"max_hp_loss":0.0,"gold_gain":0.0,"event_name":"Shining Light","player_choice":"Entered Light","floor":4.0,"gold_loss":0.0,"damage_taken":14.0,"cards_upgraded":["Strike_G","Strike_G"]},{"damage_healed":0.0,"max_hp_gain":5.0,"max_hp_loss":0.0,"gold_gain":0.0,"event_name":"Big Fish","player_choice":"Donut","floor":11.0,"gold_loss":0.0,"damage_taken":0.0},{"damage_healed":0.0,"max_hp_gain":5.0,"max_hp_loss":0.0,"gold_gain":0.0,"event_name":"Forgotten Altar","player_choice":"Shed Blood","floor":30.0,"gold_loss":0.0,"damage_taken":20.0},{"damage_healed":0,"gold_gain":0,"player_choice":"Memory 3","damage_taken":10,"max_hp_gain":0,"max_hp_loss":0,"event_name":"SensoryStone","floor":45,"gold_loss":0}],"is_beta":false,"boss_relics":[{"not_picked":["Tiny House","Fusion Hammer"],"picked":"Runic Dome"},{"not_picked":["WristBlade","Sozu"],"picked":"Coffee Dripper"}],"items_purged_floors":[],"is_endless":false,"potions_floor_spawned":[1,7,8,13,16,19,20,24,29,38,41,47,48],"killed_by":"The Heart","ascension_level":1}}