{"host":"6ncdf681trjj7gs6","time":1611611551,"event":{"mods":["BaseMod","Colored Map","Downfall","Highlight Path","Minty Spire (QoL Compilation)","StSLib"],"gold_per_floor":[99,112,112,112,22,38,38,63,63,75,75,75,0,20,30,134,134,34,48,62,62,62,80,80,98,98,118,103,131,31,61,77,182,182,182,194,204,224,234,234,234,234,134,168,168,198,208,230,249,249,249,274,6,6,6,6,6,6],"floor_reached":56,"language":"ENG","playtime":4544,"items_purged":["bronze:Strike","bronze:Strike","bronze:Strike","bronze:Strike"],"score":799,"play_id":"68ed46fc-0320-4982-b7f6-d076094f899d","local_time":"20210125165231","is_ascension_mode":false,"campfire_choices":[{"floor":1.0,"key":"RECALL"},{"data":"bronze:Backtrace","floor":12.0,"key":"SMITH"},{"data":"bronze:SpaghettiCode","floor":18.0,"key":"SMITH"},{"data":"bronze:FineTuning","floor":26.0,"key":"SMITH"},{"floor":30.0,"key":"REST"},{"data":"bronze:Backtrace","floor":35.0,"key":"SMITH"},{"data":"bronze:FineTuning","floor":40.0,"key":"SMITH"},{"data":"bronze:ForceShield","floor":43.0,"key":"SMITH"},{"floor":54,"key":"REST"}],"circlet_count":0,"master_deck":["bronze:Defend","bronze:Defend","bronze:Defend","bronze:Defend","bronze:Replicate","bronze:Goto","bronze:Backtrace+1","bronze:Fortify","bronze:DelayedGuard","bronze:Backtrace+1","bronze:SpaghettiCode+1","bronze:FineTuning+1","bronze:ChosenStrike","bronze:FineTuning+1","bronze:CleanCode","RitualDagger+1","bronze:FollowUp","bronze:FollowUp+1","bronze:ForceShield","bronze:Boost+1","bronze:ForceShield+1","bronze:SpaghettiCode","bronze:MaxOutput+1","Secret Weapon","bronze:Repulsor","bronze:Shell"],"relics":["bronze:PlatinumCore","bronze:CableSpool","Happy Flower","bronze:BottledCode","downfall:HeartBlessingRed","hexamod:CandleOfCauterizing","hexamod:Sixitude","downfall:HeartBlessingGreen","Eternal Feather","Sozu","downfall:HeartBlessingBlue","HornCleat","Blue Candle","Boot","Orichalcum","hexamod:BolsterEngine"],"acts_visited":["Exordium","TheCity","TheBeyond","TheEnding"],"potions_floor_usage":[56,56],"damage_taken":[{"damage":5.0,"enemies":"Jaw Worm","floor":2.0,"turns":4.0},{"damage":0.0,"enemies":"downfall:FleeingMerchant","floor":5.0,"turns":4.0},{"damage":0.0,"enemies":"Small Slimes","floor":6.0,"turns":2.0},{"damage":6.0,"enemies":"Gremlin Nob","floor":8.0,"turns":3.0},{"damage":0.0,"enemies":"Cultist","floor":9.0,"turns":1.0},{"damage":7.0,"enemies":"Blue Slaver","floor":10.0,"turns":2.0},{"damage":7.0,"enemies":"downfall:FleeingMerchant","floor":13.0,"turns":4.0},{"damage":0.0,"enemies":"Large Slime","floor":14.0,"turns":4.0},{"damage":0.0,"enemies":"Blue Slaver","floor":15.0,"turns":2.0},{"damage":30.0,"enemies":"DF_ARCHETYPE_STREAMLINE","floor":16.0,"turns":11.0},{"damage":0.0,"enemies":"Chosen","floor":19.0,"turns":2.0},{"damage":1.0,"enemies":"Snecko","floor":20.0,"turns":4.0},{"damage":3.0,"enemies":"Cultist and Chosen","floor":23.0,"turns":4.0},{"damage":0.0,"enemies":"Snake Plant","floor":25.0,"turns":1.0},{"damage":5.0,"enemies":"Centurion and Healer","floor":27.0,"turns":5.0},{"damage":9.0,"enemies":"downfall:FleeingMerchant","floor":28.0,"turns":4.0},{"damage":20.0,"enemies":"Slavers","floor":29.0,"turns":2.0},{"damage":4.0,"enemies":"Book of Stabbing","floor":31.0,"turns":3.0},{"damage":2.0,"enemies":"Cultist and Chosen","floor":32.0,"turns":3.0},{"damage":12.0,"enemies":"IC_MUSHROOM_ARCHETYPE","floor":33.0,"turns":5.0},{"damage":0.0,"enemies":"3 Shapes","floor":36.0,"turns":2.0},{"damage":0.0,"enemies":"Orb Walker","floor":37.0,"turns":2.0},{"damage":0.0,"enemies":"Transient","floor":38.0,"turns":5.0},{"damage":15.0,"enemies":"Writhing Mass","floor":39.0,"turns":3.0},{"damage":1.0,"enemies":"Reptomancer","floor":44.0,"turns":3.0},{"damage":0.0,"enemies":"Giant Head","floor":46.0,"turns":6.0},{"damage":0.0,"enemies":"Jaw Worm Horde","floor":47.0,"turns":4.0},{"damage":0.0,"enemies":"downfall:FleeingMerchant","floor":48.0,"turns":1.0},{"damage":0,"enemies":"Spire Growth","floor":49,"turns":4},{"damage":5,"enemies":"WA_ARCHETYPE_DIVINITY","floor":50,"turns":11},{"damage":63,"enemies":"downfall:CharBossMerchant","floor":52,"turns":9},{"damage":36,"enemies":"downfall:NeowBoss","floor":55,"turns":19},{"damage":34,"enemies":"downfall:NeowBossFinal","floor":56,"turns":5}],"seed_played":"-7669678869325414039","potions_obtained":[{"floor":2.0,"key":"AttackPotion"},{"floor":6.0,"key":"bronze:FreeFunctionsPotion"},{"floor":8.0,"key":"FearPotion"},{"floor":15.0,"key":"Fire Potion"},{"floor":27.0,"key":"Strength Potion"},{"floor":31.0,"key":"SmokeBomb"},{"floor":32.0,"key":"bronze:CleanCodePotion"}],"is_trial":false,"path_per_floor":["R","M","?","?","$","M","T","E","M","M","?","R","$","M","M","B",null,"R","M","M","?","?","M","T","M","R","M","$","E","R","E","M","B",null,"R","M","M","M","M","R","T","?","R","E","?","E","M","?","M","B",null,"E","$","R","B","B"],"character_chosen":"THE_AUTOMATON","items_purchased":["Secret Weapon","bronze:Repulsor","bronze:Shell","hexamod:BolsterEngine"],"campfire_rested":2,"item_purchase_floors":[48,53,53,53],"current_hp_per_floor":[77,72,72,77,77,77,77,71,71,64,64,64,57,57,57,27,72,72,72,71,71,58,55,55,55,55,50,41,21,44,40,38,26,77,77,77,77,77,62,74,74,74,87,86,81,81,81,81,81,76,87,24,24,65,29,0,0,0],"gold":6,"neow_bonus":"TEN_PERCENT_HP_BONUS","is_daily":false,"chose_seed":false,"campfire_upgraded":6,"win_rate":0.0,"timestamp":1611611551,"path_taken":["R","M","?","?","?","M","T","E","?","M","?","R","$","M","M","BOSS","R","M","M","?","?","M","T","M","R","M","$","E","R","E","M","BOSS","R","M","M","M","M","R","T","?","R","E","?","E","M","?","M","BOSS","E","$","R","BOSS","BOSS"],"items_purchased_type":["Card","Card","Card","Relic"],"build_version":"2020-12-22","purchased_purges":4,"victory":false,"max_hp_per_floor":[77,77,77,82,82,82,82,82,82,82,72,72,72,72,72,72,72,72,72,72,72,77,77,77,77,77,77,77,77,77,77,77,77,77,77,77,77,77,77,77,77,77,87,87,87,87,87,87,87,87,87,87,87,87,87,87,87,87],"card_choices":[{"not_picked":["bronze:Branch","bronze:DelayedSlice"],"picked":"bronze:Backtrace","floor":2.0},{"not_picked":["bronze:Shield","bronze:Optimize"],"picked":"bronze:Fortify","floor":5.0},{"not_picked":["bronze:Branch","bronze:Shield"],"picked":"bronze:DelayedGuard","floor":6.0},{"not_picked":["bronze:ClassDefault","bronze:Iterate"],"picked":"bronze:Backtrace","floor":8.0},{"not_picked":["bronze:GetLatest","bronze:Turbo"],"picked":"bronze:SpaghettiCode","floor":9.0},{"not_picked":["bronze:OilSpill","bronze:Turbo"],"picked":"bronze:FineTuning","floor":10.0},{"not_picked":["bronze:CutThrough","bronze:Invalidate"],"picked":"bronze:ChosenStrike","floor":13.0},{"not_picked":["bronze:WildBeam","bronze:ItsAFeature"],"picked":"bronze:FineTuning","floor":14.0},{"not_picked":["bronze:Turbo","bronze:NullPointer","bronze:Overload"],"picked":"SKIP","floor":15.0},{"not_picked":["bronze:SpaghettiCode","bronze:FindAndReplace"],"picked":"bronze:CleanCode","floor":16.0},{"not_picked":["bronze:DelayedGuard","bronze:BugBarrage+1","bronze:OilSpill"],"picked":"SKIP","floor":19.0},{"not_picked":["bronze:BitShift","bronze:Return","bronze:Turbo"],"picked":"SKIP","floor":20.0},{"not_picked":["bronze:BuggyMess","bronze:FineTuning","bronze:Branch"],"picked":"SKIP","floor":23.0},{"not_picked":["bronze:BuggyMess","bronze:FineTuning","bronze:Branch"],"picked":"SKIP","floor":23.0},{"not_picked":["bronze:WhirlingStrike","bronze:BitShift","bronze:BugBarrage+1"],"picked":"SKIP","floor":25.0},{"not_picked":["bronze:OilSpill","bronze:CutThrough","bronze:DelayedGuard+1"],"picked":"SKIP","floor":27.0},{"not_picked":["bronze:OilSpill","bronze:Overheat","bronze:Deprecate"],"picked":"SKIP","floor":28.0},{"not_picked":["bronze:OilSpill","bronze:CutThrough","bronze:Overload"],"picked":"SKIP","floor":29.0},{"not_picked":["bronze:MaxOutput+1","bronze:Overheat+1","bronze:SpaghettiCode"],"picked":"SKIP","floor":31.0},{"not_picked":["bronze:Shield","bronze:OilSpill"],"picked":"bronze:FollowUp","floor":32.0},{"not_picked":["bronze:ForLoop+1","bronze:Turbo+1"],"picked":"bronze:FollowUp+1","floor":36.0},{"not_picked":["bronze:Repulsor","bronze:Turbo"],"picked":"bronze:ForceShield","floor":37.0},{"not_picked":["bronze:Turbo+1","bronze:DelayedGuard+1"],"picked":"bronze:Boost+1","floor":38.0},{"not_picked":["bronze:OilSpill+1","bronze:BitShift"],"picked":"bronze:ForceShield","floor":39.0},{"not_picked":["bronze:Deprecate","bronze:Turbo","bronze:FineTuning"],"picked":"SKIP","floor":44.0},{"not_picked":["bronze:ClassDefault+1","bronze:DigitalCarnage+1","bronze:CutThrough"],"picked":"SKIP","floor":46.0},{"not_picked":["bronze:Return+1","bronze:DigitalCarnage"],"picked":"bronze:SpaghettiCode","floor":47.0},{"not_picked":["bronze:Iterate+1","bronze:BugBarrage+1"],"picked":"bronze:MaxOutput+1","floor":48.0},{"not_picked":["bronze:FineTuning","bronze:CutThrough+1","bronze:MaxOutput+1"],"picked":"SKIP","floor":49},{"not_picked":["bronze:FollowUp","bronze:BurnOut","bronze:Optimize+1"],"picked":"SKIP","floor":52}],"player_experience":974640,"relics_obtained":[{"floor":7.0,"key":"bronze:CableSpool"},{"floor":8.0,"key":"Happy Flower"},{"floor":24.0,"key":"hexamod:CandleOfCauterizing"},{"floor":29.0,"key":"hexamod:Sixitude"},{"floor":31.0,"key":"Eternal Feather"},{"floor":44.0,"key":"HornCleat"},{"floor":46.0,"key":"Boot"},{"floor":52,"key":"Orichalcum"}],"event_choices":[{"damage_healed":0.0,"max_hp_gain":5.0,"max_hp_loss":0.0,"gold_gain":0.0,"event_name":"Big Fish","player_choice":"Donut","floor":4.0,"gold_loss":0.0,"damage_taken":0.0}],"is_beta":false,"boss_relics":[{"not_picked":["Tiny House","Fusion Hammer"],"picked":"bronze:PlatinumCore"},{"not_picked":["Calling Bell","Black Star"],"picked":"Sozu"}],"items_purged_floors":[5,13,28,48],"is_endless":false,"potions_floor_spawned":[2,6,8,15,19,27,31,32,36,38,39,47],"killed_by":"downfall:NeowBossFinal","ascension_level":0}}