{"host":"April","time":1611557952,"event":{"mods":["BaseMod","Minty Spire (QoL Compilation)"],"gold_per_floor":[117,133,133,152,0,25,25,60,84,110,121,134,234,250,250,345,345,362,373,0,15,15,40,40,40,40,55,72,39,69,79,79,79,79],"floor_reached":33,"language":"ENG","playtime":2519,"items_purged":[],"score":324,"play_id":"9c36da20-9b5d-493b-91f7-4ef5e1e6e84c","local_time":"20210124225912","is_ascension_mode":true,"campfire_choices":[{"data":"Sweeping Beam","floor":7.0,"key":"SMITH"},{"floor":15.0,"key":"REST"},{"floor":24.0,"key":"REST"},{"floor":32,"key":"REST"}],"circlet_count":0,"master_deck":["Strike_B","Strike_B","Strike_B","Strike_B","Defend_B","Defend_B","Defend_B","Zap","Dualcast","Sweeping Beam","Chill","Rainbow","Loop","Turbo","Sweeping Beam+1","Redo","Cold Snap","Amplify","Conserve Battery","Coolheaded","Hologram","Creative AI","Reinforced Body","Doom and Gloom+1","Melter","Ball Lightning","Fission","Shame","Steam+1","Compile Driver","BootSequence","White Noise","Reboot","Auto Shields"],"relics":["Cracked Core","MealTicket","DataDisk","Lantern","Shovel","SlaversCollar","Bird Faced Urn","Ornamental Fan","Vajra","Molten Egg 2"],"acts_visited":["Exordium","TheCity"],"potions_floor_usage":[30],"damage_taken":[{"damage":4.0,"enemies":"2 Louse","floor":1.0,"turns":2.0},{"damage":1.0,"enemies":"Cultist","floor":2.0,"turns":3.0},{"damage":0.0,"enemies":"Small Slimes","floor":4.0,"turns":2.0},{"damage":25.0,"enemies":"Lagavulin","floor":6.0,"turns":7.0},{"damage":9.0,"enemies":"Gremlin Nob","floor":8.0,"turns":3.0},{"damage":8.0,"enemies":"Lagavulin","floor":10.0,"turns":4.0},{"damage":0.0,"enemies":"Gremlin Gang","floor":11.0,"turns":2.0},{"damage":0.0,"enemies":"2 Fungi Beasts","floor":12.0,"turns":2.0},{"damage":18.0,"enemies":"Exordium Thugs","floor":14.0,"turns":4.0},{"damage":12.0,"enemies":"Slime Boss","floor":16.0,"turns":15.0},{"damage":26.0,"enemies":"2 Thieves","floor":18.0,"turns":4.0},{"damage":9.0,"enemies":"Spheric Guardian","floor":19.0,"turns":6.0},{"damage":17.0,"enemies":"Snecko","floor":21.0,"turns":7.0},{"damage":36.0,"enemies":"Slavers","floor":23.0,"turns":6.0},{"damage":12.0,"enemies":"Snake Plant","floor":27.0,"turns":4.0},{"damage":33.0,"enemies":"3 Cultists","floor":28.0,"turns":7.0},{"damage":34,"enemies":"Gremlin Leader","floor":30,"turns":6},{"damage":9,"enemies":"Chosen and Byrds","floor":31,"turns":5},{"damage":62,"enemies":"Collector","floor":33,"turns":6}],"seed_played":"3669117283570993259","potions_obtained":[{"floor":0.0,"key":"Strength Potion"},{"floor":0.0,"key":"SpeedPotion"},{"floor":0.0,"key":"Ancient Potion"},{"floor":1.0,"key":"Fire Potion"},{"floor":10.0,"key":"FocusPotion"},{"floor":14.0,"key":"Energy Potion"},{"floor":18.0,"key":"LiquidMemories"},{"floor":23.0,"key":"Explosive Potion"},{"floor":28.0,"key":"DuplicationPotion"}],"is_trial":false,"path_per_floor":["M","M","?","M","$","E","R","E","T","E","M","M","?","M","R","B",null,"M","M","$","M","?","E","R","$","T","M","M","$","E","M","R","B"],"character_chosen":"DEFECT","items_purchased":["Loop","Turbo","Sweeping Beam","Bird Faced Urn","Melter","White Noise"],"campfire_rested":3,"item_purchase_floors":[5,5,5,20,20,29],"current_hp_per_floor":[71,70,70,70,70,45,45,36,36,28,28,28,28,10,32,20,75,49,40,55,58,58,24,46,61,61,57,36,51,27,22,44,0,0],"gold":79,"neow_bonus":"THREE_SMALL_POTIONS","is_daily":false,"chose_seed":false,"campfire_upgraded":1,"win_rate":0.0,"timestamp":1611557952,"path_taken":["M","M","?","?","?","E","R","E","T","E","M","?","?","M","R","BOSS","M","?","$","M","?","E","R","?","T","M","?","$","E","M","R","BOSS"],"items_purchased_type":["Card","Card","Card","Relic","Card","Card"],"build_version":"2020-12-18","purchased_purges":0,"victory":false,"max_hp_per_floor":[75,75,75,75,75,75,75,75,75,75,75,75,75,75,75,75,75,75,75,75,75,75,75,75,75,75,75,75,75,75,75,75,75,75],"card_choices":[{"not_picked":["Turbo","Hologram"],"picked":"Sweeping Beam","floor":1.0},{"not_picked":["Stack","Hologram"],"picked":"Chill","floor":2.0},{"not_picked":["Chill","Sunder"],"picked":"Rainbow","floor":4.0},{"not_picked":["Leap","Streamline"],"picked":"Redo","floor":6.0},{"not_picked":["Sweeping Beam","Rebound"],"picked":"Cold Snap","floor":8.0},{"not_picked":["Steam","Turbo"],"picked":"Amplify","floor":10.0},{"not_picked":["Rebound","Lockon"],"picked":"Conserve Battery","floor":11.0},{"not_picked":["Ball Lightning","Go for the Eyes"],"picked":"Coolheaded","floor":12.0},{"not_picked":["Barrage","Coolheaded"],"picked":"Hologram","floor":14.0},{"not_picked":["Hyperbeam","All For One"],"picked":"Creative AI","floor":16.0},{"not_picked":["Compile Driver","Loop+1"],"picked":"Reinforced Body","floor":18.0},{"not_picked":["Heatsinks","Steam"],"picked":"Doom and Gloom+1","floor":19.0},{"not_picked":["Stack","Sweeping Beam"],"picked":"Ball Lightning","floor":21.0},{"not_picked":["Beam Cell+1","Stack+1"],"picked":"Steam+1","floor":23.0},{"not_picked":["Rip and Tear+1","Gash"],"picked":"Compile Driver","floor":27.0},{"not_picked":["Steam","Cold Snap"],"picked":"BootSequence","floor":28.0},{"not_picked":["Beam Cell+1","Rebound+1"],"picked":"Reboot","floor":30},{"not_picked":["Doom and Gloom+1","Beam Cell+1"],"picked":"Auto Shields","floor":31}],"player_experience":2608310,"relics_obtained":[{"floor":6.0,"key":"MealTicket"},{"floor":8.0,"key":"DataDisk"},{"floor":9.0,"key":"Lantern"},{"floor":10.0,"key":"Shovel"},{"floor":23.0,"key":"Ornamental Fan"},{"floor":26.0,"key":"Vajra"},{"floor":30,"key":"Molten Egg 2"}],"event_choices":[{"cards_removed":["Defend_B"],"damage_healed":0.0,"max_hp_gain":0.0,"max_hp_loss":0.0,"gold_gain":0.0,"event_name":"Bonfire Elementals","player_choice":"Offered Basic","floor":3.0,"gold_loss":0.0,"damage_taken":0.0},{"damage_healed":0.0,"max_hp_gain":0.0,"max_hp_loss":0.0,"gold_gain":100.0,"event_name":"Golden Shrine","player_choice":"Pray","floor":13.0,"gold_loss":0.0,"damage_taken":0.0},{"damage_healed":0.0,"max_hp_gain":0.0,"max_hp_loss":0.0,"gold_gain":0.0,"event_name":"Match and Keep!","player_choice":"2 cards matched","floor":22.0,"gold_loss":0.0,"damage_taken":0.0,"cards_obtained":["Fission","Shame"]}],"is_beta":true,"boss_relics":[{"not_picked":["Runic Dome","Runic Pyramid"],"picked":"SlaversCollar"}],"items_purged_floors":[],"is_endless":false,"potions_floor_spawned":[1,10,14,18,23,28],"killed_by":"Collector","ascension_level":1}}