{"host":"sxnl403xm2xmiyj1","time":1611549590,"event":{"mods":["AchievementEnabler","BaseMod","Colored Map","Keyboard Shortcuts","Minty Spire (QoL Compilation)","Quick Restart","StSLib","SuperFastMode"],"gold_per_floor":[111,123,141,158,158,158,170,170,225,253,253,253,269,303,303,377,377,394,3,13,24,41,41,76,76,76,76,94,127,141,157,157,231,231,245,262,275,10,23,23,23,51,51,6,25,40,57,57,57,57,57],"floor_reached":50,"language":"KOR","playtime":1468,"items_purged":[],"score":1215,"play_id":"fa6ec992-900b-4afa-a30d-71b33d2854a8","local_time":"20210125133950","is_ascension_mode":true,"campfire_choices":[{"data":"Skewer","floor":6.0,"key":"SMITH"},{"data":"Neutralize","floor":8.0,"key":"SMITH"},{"data":"Flying Knee","floor":11.0,"key":"SMITH"},{"data":"Terror","floor":15.0,"key":"SMITH"},{"data":"Phantasmal Killer","floor":23.0,"key":"SMITH"},{"data":"Burst","floor":25.0,"key":"SMITH"},{"data":"Skewer","floor":27.0,"key":"SMITH"},{"data":"Prepared","floor":32.0,"key":"SMITH"},{"data":"After Image","floor":40.0,"key":"SMITH"},{"floor":49.0,"key":"RECALL"}],"circlet_count":0,"master_deck":["AscendersBane","Strike_G","Strike_G+1","Strike_G","Strike_G+1","Strike_G","Defend_G","Defend_G","Defend_G","Defend_G","Defend_G","Survivor","Neutralize+1","Flying Knee+1","Skewer+1","Blur","Slice","Slice","Burst+1","Quick Slash","Terror+1","Phantasmal Killer+1","Backstab","Bandage Up","Skewer+1","Flying Knee+1","Outmaneuver","Deflect+1","Predator","Prepared+1","Prepared","Acrobatics","After Image+1","Tactician","Slice+1","Dagger Throw","Footwork+1","Flying Knee","Acrobatics","Dodge and Roll"],"relics":["Ring of the Snake","Whetstone","Strawberry","Pantograph","Bag of Preparation","Coffee Dripper","Oddly Smooth Stone","Art of War","Vajra","FossilizedHelix","Omamori","Busted Crown","TheAbacus"],"acts_visited":["Exordium","TheCity","TheBeyond"],"potions_floor_usage":[50,50],"damage_taken":[{"damage":3.0,"enemies":"Cultist","floor":1.0,"turns":4.0},{"damage":4.0,"enemies":"Jaw Worm","floor":2.0,"turns":4.0},{"damage":0.0,"enemies":"Small Slimes","floor":3.0,"turns":2.0},{"damage":10.0,"enemies":"Gremlin Gang","floor":4.0,"turns":6.0},{"damage":0.0,"enemies":"Blue Slaver","floor":7.0,"turns":4.0},{"damage":6.0,"enemies":"Lagavulin","floor":10.0,"turns":7.0},{"damage":0.0,"enemies":"2 Fungi Beasts","floor":13.0,"turns":3.0},{"damage":2.0,"enemies":"3 Sentries","floor":14.0,"turns":6.0},{"damage":34.0,"enemies":"The Guardian","floor":16.0,"turns":12.0},{"damage":0.0,"enemies":"Spheric Guardian","floor":18.0,"turns":4.0},{"damage":11.0,"enemies":"3 Byrds","floor":20.0,"turns":5.0},{"damage":0.0,"enemies":"Centurion and Healer","floor":21.0,"turns":5.0},{"damage":6.0,"enemies":"Chosen and Byrds","floor":22.0,"turns":4.0},{"damage":23.0,"enemies":"Book of Stabbing","floor":24.0,"turns":3.0},{"damage":0.0,"enemies":"3 Cultists","floor":28.0,"turns":4.0},{"damage":14.0,"enemies":"Gremlin Leader","floor":29.0,"turns":5.0},{"damage":0.0,"enemies":"Snake Plant","floor":30.0,"turns":4.0},{"damage":0.0,"enemies":"Cultist and Chosen","floor":31.0,"turns":4.0},{"damage":49.0,"enemies":"Automaton","floor":33.0,"turns":8.0},{"damage":17.0,"enemies":"3 Darklings","floor":35.0,"turns":7.0},{"damage":0.0,"enemies":"Orb Walker","floor":36.0,"turns":1.0},{"damage":21.0,"enemies":"Writhing Mass","floor":37.0,"turns":6.0},{"damage":29.0,"enemies":"Maw","floor":39.0,"turns":7.0},{"damage":23.0,"enemies":"Reptomancer","floor":42.0,"turns":7.0},{"damage":7.0,"enemies":"Sphere and 2 Shapes","floor":45.0,"turns":6.0},{"damage":0.0,"enemies":"Jaw Worm Horde","floor":46.0,"turns":5.0},{"damage":0.0,"enemies":"Maw","floor":47.0,"turns":8.0},{"damage":32,"enemies":"Awakened One","floor":50,"turns":6}],"seed_played":"-4906864072312847921","potions_obtained":[{"floor":2.0,"key":"GhostInAJar"},{"floor":4.0,"key":"Block Potion"},{"floor":10.0,"key":"FearPotion"},{"floor":16.0,"key":"Regen Potion"},{"floor":20.0,"key":"LiquidMemories"},{"floor":29.0,"key":"Strength Potion"},{"floor":30.0,"key":"Swift Potion"},{"floor":35.0,"key":"Strength Potion"},{"floor":39.0,"key":"SpeedPotion"},{"floor":46.0,"key":"ColorlessPotion"},{"floor":47.0,"key":"LiquidBronze"}],"is_trial":false,"path_per_floor":["M","M","M","M","?","R","M","R","T","E","R","?","M","E","R","B",null,"M","$","M","M","M","R","E","R","T","R","M","E","M","M","R","B",null,"M","M","M","$","M","R","?","E","T","$","M","M","M","?","R","B"],"character_chosen":"THE_SILENT","items_purchased":["Oddly Smooth Stone","Art of War","Bandage Up","Footwork","TheAbacus","Flying Knee","Acrobatics"],"campfire_rested":0,"item_purchase_floors":[19,19,19,38,38,38,44],"current_hp_per_floor":[56,52,52,42,47,47,47,47,54,48,48,48,48,46,46,37,68,68,68,61,65,63,63,49,49,49,49,49,39,43,51,51,29,66,53,53,36,36,11,11,27,8,8,8,5,9,17,17,17,14,14],"gold":57,"neow_bonus":"RANDOM_COMMON_RELIC","is_daily":false,"chose_seed":false,"campfire_upgraded":9,"win_rate":0.0,"timestamp":1611549590,"path_taken":["M","M","M","M","?","R","M","R","T","E","R","?","M","E","R","BOSS","M","$","M","M","M","R","E","R","T","R","M","E","?","M","R","BOSS","M","M","M","$","M","R","?","E","T","$","M","M","M","?","R","BOSS"],"items_purchased_type":["Relic","Relic","Card","Card","Relic","Card","Card"],"build_version":"2020-12-22","purchased_purges":0,"victory":false,"max_hp_per_floor":[66,66,66,66,71,71,71,71,78,78,78,78,78,78,78,78,78,78,78,78,78,78,78,78,78,78,78,78,78,78,78,78,78,78,78,78,78,78,78,78,78,78,78,78,78,78,78,78,78,78,78],"card_choices":[{"not_picked":["Backflip","Bane"],"picked":"Flying Knee","floor":1.0},{"not_picked":["Dagger Spray","Dodge and Roll"],"picked":"Skewer","floor":2.0},{"not_picked":["Blade Dance","Sucker Punch"],"picked":"Blur","floor":3.0},{"not_picked":["Bane","Finisher"],"picked":"Slice","floor":4.0},{"not_picked":["Underhanded Strike","Quick Slash"],"picked":"Slice","floor":7.0},{"not_picked":["Storm of Steel","Blade Dance","Riddle With Holes"],"picked":"SKIP","floor":10.0},{"not_picked":["Quick Slash","Setup","All Out Attack"],"picked":"SKIP","floor":13.0},{"not_picked":["Setup","All Out Attack"],"picked":"Quick Slash","floor":13.0},{"not_picked":["Predator","Bane"],"picked":"Terror","floor":14.0},{"not_picked":["Venomology","Night Terror"],"picked":"Phantasmal Killer","floor":16.0},{"not_picked":["Backflip","Leg Sweep"],"picked":"Backstab","floor":18.0},{"not_picked":["Noxious Fumes","Catalyst"],"picked":"Skewer","floor":20.0},{"not_picked":["Bane","Predator"],"picked":"Flying Knee+1","floor":21.0},{"not_picked":["Flechettes","Deflect"],"picked":"Outmaneuver","floor":22.0},{"not_picked":["Dagger Spray","Unload"],"picked":"Deflect+1","floor":24.0},{"not_picked":["Finisher","Dagger Throw"],"picked":"Predator","floor":28.0},{"not_picked":["Noxious Fumes","Predator"],"picked":"Prepared","floor":29.0},{"not_picked":["Masterful Stab","Deadly Poison"],"picked":"Prepared","floor":30.0},{"not_picked":["Accuracy","Blade Dance"],"picked":"Acrobatics","floor":31.0},{"not_picked":["Doppelganger","Corpse Explosion"],"picked":"After Image","floor":33.0},{"not_picked":[],"picked":"Tactician","floor":35.0},{"not_picked":[],"picked":"Slice+1","floor":36.0},{"not_picked":[],"picked":"Dagger Throw","floor":37.0},{"not_picked":["Cloak And Dagger"],"picked":"SKIP","floor":39.0},{"not_picked":["Blade Dance"],"picked":"SKIP","floor":42.0},{"not_picked":[],"picked":"Dodge and Roll","floor":45.0},{"not_picked":["Caltrops"],"picked":"SKIP","floor":46.0},{"not_picked":["Dash"],"picked":"SKIP","floor":47.0}],"player_experience":176034,"relics_obtained":[{"floor":9.0,"key":"Strawberry"},{"floor":10.0,"key":"Pantograph"},{"floor":14.0,"key":"Bag of Preparation"},{"floor":24.0,"key":"Vajra"},{"floor":26.0,"key":"FossilizedHelix"},{"floor":29.0,"key":"Omamori"}],"event_choices":[{"damage_healed":0.0,"max_hp_gain":5.0,"max_hp_loss":0.0,"gold_gain":0.0,"event_name":"Big Fish","player_choice":"Donut","floor":5.0,"gold_loss":0.0,"damage_taken":0.0},{"damage_healed":0.0,"max_hp_gain":0.0,"max_hp_loss":0.0,"gold_gain":0.0,"event_name":"Match and Keep!","player_choice":"1 cards matched","floor":12.0,"gold_loss":0.0,"damage_taken":0.0,"cards_obtained":["Burst"]},{"damage_healed":16.0,"max_hp_gain":0.0,"max_hp_loss":0.0,"gold_gain":0.0,"event_name":"Winding Halls","player_choice":"Writhe","floor":41.0,"gold_loss":0.0,"damage_taken":0.0,"cards_obtained":["Writhe"]},{"damage_healed":0.0,"max_hp_gain":0.0,"max_hp_loss":0.0,"gold_gain":0.0,"event_name":"Upgrade Shrine","player_choice":"Upgraded","floor":48.0,"gold_loss":0.0,"damage_taken":0.0,"cards_upgraded":["Footwork"]}],"is_beta":false,"boss_relics":[{"not_picked":["Astrolabe","SacredBark"],"picked":"Coffee Dripper"},{"not_picked":["Calling Bell","Velvet Choker"],"picked":"Busted Crown"}],"items_purged_floors":[],"is_endless":false,"potions_floor_spawned":[2,4,10,16,20,29,30,31,35,39,46,47],"killed_by":"Awakened One","ascension_level":15}}