{"host":"k2mw1od0xoi9pcfj","time":1611584709,"event":{"mods":["AchievementEnabler","BaseMod","Hermit","Highlight Path","Minty Spire (QoL Compilation)","Permanent Neow","Relic Stats","StSLib"],"gold_per_floor":[115,115,45,62,76,76,90,101,101,101,101,134,149,178,178,274,274,287,299,318,335,349,387,337,337,337,378,143,16,25,40,40,149,149,164,164,174,56,66,101,412,447,447,467,467,467],"floor_reached":45,"language":"ENG","playtime":6259,"items_purged":[],"score":763,"play_id":"108ace21-3cca-40d2-9094-42ed049314b2","local_time":"20210125082509","daily_mods":["Vintage","Diverse","Heirloom","Uncertain Future"],"is_ascension_mode":true,"campfire_choices":[{"data":"hermit:ShadowCloak","floor":6,"key":"SMITH"},{"data":"hermit:Defend_Hermit","floor":10,"key":"SMITH"},{"floor":15,"key":"REST"},{"data":"Infinite Blades","floor":25,"key":"SMITH"},{"data":"Apotheosis","floor":32,"key":"SMITH"}],"circlet_count":0,"master_deck":["hermit:Strike_Hermit","hermit:Strike_Hermit","hermit:Strike_Hermit","hermit:Strike_Hermit","hermit:Defend_Hermit+1","hermit:Defend_Hermit","hermit:Defend_Hermit","hermit:Defend_Hermit","hermit:Snapshot+1","hermit:Covet","hermit:ShadowCloak+1","Infinite Blades+1","hermit:Ricochet+1","DeceiveReality","Exhume","FearNoEvil+1","hermit:FlashPowder+1","hermit:Misfire+1","Conserve Battery","Apotheosis+1","Amplify","SpiritShield","Coolheaded+1","Outmaneuver+1"],"relics":["hermit:ClaspedLocket","TungstenRod","PreservedInsect","Matryoshka","Molten Egg 2","Bronze Scales","Vajra","Pen Nib","Boot","Toy Ornithopter","Dream Catcher","Shuriken","Philosopher\u0027s Stone","CeramicFish","Question Card","Sundial","Blue Candle","hermit:Spyglass","Shovel","Anchor","Meat on the Bone","The Courier","Ornamental Fan","Centennial Puzzle","MealTicket","Nunchaku","Chemical X","Akabeko","Toxic Egg 2","Old Coin","Blood Vial","Ginger","Strawberry"],"acts_visited":["Exordium","TheCity","TheBeyond"],"potions_floor_usage":[23,40,42],"damage_taken":[{"damage":0,"enemies":"Jaw Worm","floor":1,"turns":4},{"damage":0,"enemies":"Cultist","floor":4,"turns":4},{"damage":0,"enemies":"2 Louse","floor":5,"turns":2},{"damage":0,"enemies":"2 Fungi Beasts","floor":7,"turns":4},{"damage":4,"enemies":"Exordium Thugs","floor":8,"turns":6},{"damage":8,"enemies":"Gremlin Nob","floor":12,"turns":3},{"damage":6,"enemies":"Lots of Slimes","floor":13,"turns":3},{"damage":9,"enemies":"Lagavulin","floor":14,"turns":5},{"damage":5,"enemies":"The Guardian","floor":16,"turns":12},{"damage":2,"enemies":"Shell Parasite","floor":18,"turns":4},{"damage":3,"enemies":"Spheric Guardian","floor":19,"turns":4},{"damage":2,"enemies":"Cultist and Chosen","floor":20,"turns":5},{"damage":8,"enemies":"Chosen and Byrds","floor":21,"turns":4},{"damage":4,"enemies":"Centurion and Healer","floor":22,"turns":5},{"damage":6,"enemies":"Gremlin Leader","floor":23,"turns":6},{"damage":7,"enemies":"Book of Stabbing","floor":27,"turns":4},{"damage":3,"enemies":"Snecko","floor":31,"turns":3},{"damage":34,"enemies":"Collector","floor":33,"turns":11},{"damage":13,"enemies":"3 Darklings","floor":35,"turns":5},{"damage":0,"enemies":"Orb Walker","floor":37,"turns":4},{"damage":23,"enemies":"Jaw Worm Horde","floor":39,"turns":4},{"damage":13,"enemies":"Nemesis","floor":40,"turns":4},{"damage":12,"enemies":"Maw","floor":41,"turns":6},{"damage":29,"enemies":"Reptomancer","floor":42,"turns":9},{"damage":15,"enemies":"Spire Growth","floor":44,"turns":6},{"damage":0,"enemies":"Writhing Mass","floor":45,"turns":1}],"seed_played":"-1703896167444030573","potions_obtained":[{"floor":4,"key":"LiquidBronze"},{"floor":12,"key":"ColorlessPotion"},{"floor":13,"key":"Weak Potion"},{"floor":23,"key":"SteroidPotion"},{"floor":39,"key":"Regen Potion"},{"floor":42,"key":"SneckoOil"}],"is_trial":true,"path_per_floor":["M","?","$","M","M","R","M","M","T","R","?","E","M","E","R","B",null,"M","M","M","M","M","E","?","R","T","E","$","$","?","M","R","B",null,"M","?","M","$","M","E","M","E","T","M","M"],"character_chosen":"HERMIT","items_purchased":["hermit:ShadowCloak","Ornamental Fan","hermit:Misfire+1","Conserve Battery","Apotheosis","Chemical X"],"campfire_rested":1,"item_purchase_floors":[3,28,28,28,29,38],"current_hp_per_floor":[75,75,75,75,75,75,75,71,71,71,71,63,57,48,70,65,75,73,70,68,60,56,55,55,55,55,48,48,48,48,45,45,23,75,62,62,62,75,52,58,46,34,34,40,42,42],"gold":467,"neow_bonus":"","is_daily":false,"chose_seed":false,"campfire_upgraded":4,"win_rate":0.0,"timestamp":1611584709,"path_taken":["M","?","$","?","M","R","M","M","T","R","?","E","M","E","R","BOSS","M","M","M","M","M","E","?","R","T","E","?","$","?","M","R","BOSS","M","?","?","$","M","E","M","E","T","M","M"],"items_purchased_type":["Card","Relic","Card","Card","Card","Relic"],"build_version":"2020-12-22","purchased_purges":0,"victory":false,"max_hp_per_floor":[75,75,75,75,75,75,75,75,75,75,75,75,75,75,75,75,75,75,75,75,75,75,75,75,75,75,75,75,75,75,75,75,75,75,75,75,75,75,75,75,75,75,75,82,82,82],"relic_stats":{"counters":[26,128],"CeramicFish":81,"Blue Candle":[0],"PreservedInsect":240,"Pen Nib":[26],"Ginger":[0],"Boot":[30],"Question Card":5,"Blood Vial":4,"Dream Catcher":1,"Centennial Puzzle":[21],"Nunchaku":[8],"Shovel":0,"Shuriken":[49],"Sundial":[10],"Ornamental Fan":[120],"Bronze Scales":[328],"MealTicket":13,"Chemical X":[2],"obtain_stats":[{"hermit:ClaspedLocket":34,"CeramicFish":18,"Vajra":8,"Ginger":43,"Boot":9,"Old Coin":41,"Blood Vial":42,"Dream Catcher":13,"Centennial Puzzle":31,"Nunchaku":37,"Matryoshka":4,"Shovel":23,"Sundial":20,"Strawberry":44,"Philosopher\u0027s Stone":17,"MealTicket":35,"Chemical X":38,"Toxic Egg 2":40,"hermit:Spyglass":22,"Blue Candle":21,"PreservedInsect":1,"Pen Nib":9,"The Courier":27,"Question Card":19,"Akabeko":39,"Anchor":26,"Shuriken":14,"Ornamental Fan":28,"Bronze Scales":7,"Molten Egg 2":5,"hermit:Momento":0,"TungstenRod":0,"Toy Ornithopter":12,"Meat on the Bone":26},{"hermit:ClaspedLocket":18,"CeramicFish":10,"Vajra":5,"Ginger":24,"Boot":5,"Old Coin":23,"Blood Vial":24,"Dream Catcher":7,"Centennial Puzzle":17,"Nunchaku":20,"Matryoshka":2,"Shovel":15,"Sundial":12,"Strawberry":25,"Philosopher\u0027s Stone":9,"MealTicket":19,"Chemical X":20,"Toxic Egg 2":22,"hermit:Spyglass":14,"Blue Candle":13,"PreservedInsect":1,"Pen Nib":5,"The Courier":16,"Question Card":11,"Akabeko":21,"Anchor":15,"Shuriken":8,"Ornamental Fan":16,"Bronze Scales":4,"Molten Egg 2":3,"hermit:Momento":0,"TungstenRod":0,"Toy Ornithopter":6,"Meat on the Bone":15},{"hermit:ClaspedLocket":89,"CeramicFish":47,"Vajra":20,"Ginger":121,"Boot":20,"Old Coin":112,"Blood Vial":121,"Dream Catcher":26,"Centennial Puzzle":78,"Nunchaku":98,"Matryoshka":8,"Shovel":71,"Sundial":56,"Strawberry":127,"Philosopher\u0027s Stone":43,"MealTicket":94,"Chemical X":98,"Toxic Egg 2":106,"hermit:Spyglass":65,"Blue Candle":60,"PreservedInsect":4,"Pen Nib":20,"The Courier":75,"Question Card":51,"Akabeko":102,"Anchor":71,"Shuriken":31,"Ornamental Fan":75,"Bronze Scales":14,"Molten Egg 2":10,"hermit:Momento":0,"TungstenRod":0,"Toy Ornithopter":23,"Meat on the Bone":71}],"TungstenRod":39,"Toy Ornithopter":15,"Meat on the Bone":36},"card_choices":[{"not_picked":["Phantasmal Killer","CutThroughFate+1"],"picked":"Infinite Blades","floor":12},{"not_picked":["hermit:Grudge+1","Blur"],"picked":"hermit:Ricochet+1","floor":14},{"not_picked":["Blood for Blood+1","Deflect"],"picked":"DeceiveReality","floor":15},{"not_picked":["Impervious","Meteor Strike+1"],"picked":"Exhume","floor":16},{"not_picked":["Static Discharge","Shrug It Off","Dagger Throw+1"],"picked":"FearNoEvil+1","floor":23},{"not_picked":["Shrug It Off","hermit:PistolWhip+1","FTL+1"],"picked":"hermit:FlashPowder+1","floor":27},{"not_picked":["Hyperbeam+1","Electrodynamics","Meteor Strike+1"],"picked":"SpiritShield","floor":33},{"not_picked":["SignatureMove+1","hermit:WideOpen+1","SashWhip+1"],"picked":"Coolheaded+1","floor":40},{"not_picked":["PiercingWail+1","Corruption","Setup+1"],"picked":"Outmaneuver+1","floor":42}],"player_experience":671042,"relics_obtained":[{"floor":1,"key":"PreservedInsect"},{"floor":4,"key":"Matryoshka"},{"floor":5,"key":"Molten Egg 2"},{"floor":7,"key":"Bronze Scales"},{"floor":8,"key":"Vajra"},{"floor":9,"key":"Pen Nib"},{"floor":9,"key":"Boot"},{"floor":12,"key":"Toy Ornithopter"},{"floor":13,"key":"Dream Catcher"},{"floor":14,"key":"Shuriken"},{"floor":18,"key":"CeramicFish"},{"floor":19,"key":"Question Card"},{"floor":20,"key":"Sundial"},{"floor":21,"key":"Blue Candle"},{"floor":22,"key":"hermit:Spyglass"},{"floor":23,"key":"Shovel"},{"floor":26,"key":"Anchor"},{"floor":26,"key":"Meat on the Bone"},{"floor":27,"key":"The Courier"},{"floor":31,"key":"Centennial Puzzle"},{"floor":35,"key":"MealTicket"},{"floor":37,"key":"Nunchaku"},{"floor":39,"key":"Akabeko"},{"floor":40,"key":"Toxic Egg 2"},{"floor":41,"key":"Old Coin"},{"floor":42,"key":"Blood Vial"},{"floor":43,"key":"Ginger"},{"floor":44,"key":"Strawberry"}],"event_choices":[{"damage_healed":0,"gold_gain":0,"player_choice":"Upgraded","damage_taken":0,"max_hp_gain":0,"max_hp_loss":0,"event_name":"Upgrade Shrine","floor":2,"gold_loss":0,"cards_upgraded":["hermit:Snapshot"]},{"damage_healed":0,"gold_gain":0,"player_choice":"Leave","damage_taken":0,"max_hp_gain":0,"max_hp_loss":0,"event_name":"The Cleric","floor":11,"gold_loss":0},{"damage_healed":0,"gold_gain":0,"player_choice":"Bet on Murderer","damage_taken":0,"max_hp_gain":0,"max_hp_loss":0,"event_name":"The Joust","floor":24,"gold_loss":50},{"damage_healed":0,"gold_gain":0,"player_choice":"1 cards matched","damage_taken":0,"max_hp_gain":0,"max_hp_loss":0,"event_name":"Match and Keep!","floor":30,"gold_loss":0,"cards_obtained":["Amplify"]},{"damage_healed":0,"gold_gain":0,"player_choice":"Bought 0 Potions","damage_taken":0,"max_hp_gain":0,"max_hp_loss":0,"event_name":"The Woman in Blue","floor":36,"gold_loss":0}],"is_beta":false,"boss_relics":[{"not_picked":["Velvet Choker","Astrolabe"],"picked":"Philosopher\u0027s Stone"},{"not_picked":["SlaversCollar","Coffee Dripper"],"picked":"hermit:ClaspedLocket"}],"items_purged_floors":[],"is_endless":true,"potions_floor_spawned":[4,12,13,14,18,22,23,33,35,37,39,42],"killed_by":"Writhing Mass","ascension_level":1}}