{"host":"g01l53quoe6lrer0","time":1611542080,"event":{"mods":["2.2 Compatiblity","AchievementEnabler","BaseMod","Colored Map","Highlight Path","Keyboard Shortcuts","Minty Spire (QoL Compilation)","Permanent Neow","StSLib","SuperFastMode","everything is the same but u backflip on backflip"],"gold_per_floor":[366,377,389,234,254,285,285,319,319,319,337,354,36,36,36],"floor_reached":14,"language":"KOR","playtime":501,"items_purged":["Strike_G","Strike_G"],"score":173,"play_id":"256db7bb-0c63-499d-825a-f2de02c303d2","local_time":"20210125113440","is_ascension_mode":true,"campfire_choices":[{"data":"Neutralize","floor":7,"key":"SMITH"},{"floor":10,"key":"REST"}],"circlet_count":0,"master_deck":["AscendersBane","Strike_G","Strike_G","Strike_G","Defend_G","Defend_G","Defend_G","Defend_G","Defend_G","Survivor","Neutralize+1","Calculated Gamble","Flying Knee","Backflip","Dagger Throw","Finisher","Reflex","Flechettes","Wraith Form v2","Quick Slash","Choke","Accuracy","Blade Dance","Reflex","Dagger Throw"],"relics":["Ring of the Snake","Blood Vial","White Beast Statue","Bottled Lightning"],"acts_visited":["Exordium"],"potions_floor_usage":[5,5,6,14],"damage_taken":[{"damage":0,"enemies":"Cultist","floor":1,"turns":4},{"damage":0,"enemies":"Jaw Worm","floor":2,"turns":5},{"damage":3,"enemies":"Small Slimes","floor":3,"turns":4},{"damage":14,"enemies":"Exordium Thugs","floor":5,"turns":9},{"damage":17,"enemies":"Lagavulin","floor":6,"turns":8},{"damage":28,"enemies":"Gremlin Nob","floor":8,"turns":4},{"damage":4,"enemies":"Blue Slaver","floor":11,"turns":3},{"damage":11,"enemies":"3 Louse","floor":12,"turns":4},{"damage":14,"enemies":"3 Sentries","floor":14,"turns":6}],"seed_played":"1798214495389564340","potions_obtained":[{"floor":1,"key":"Weak Potion"},{"floor":3,"key":"Regen Potion"},{"floor":5,"key":"LiquidMemories"},{"floor":8,"key":"Poison Potion"},{"floor":11,"key":"SpeedPotion"},{"floor":12,"key":"Fire Potion"}],"is_trial":false,"path_per_floor":["M","M","M","$","M","E","R","E","T","R","M","M","$","E"],"character_chosen":"THE_SILENT","items_purchased":["Dagger Throw","Finisher","Accuracy","Blade Dance","Reflex","Dagger Throw"],"campfire_rested":1,"item_purchase_floors":[4,4,13,13,13,13],"current_hp_per_floor":[59,59,56,56,56,39,39,13,13,31,29,20,20,8,8],"gold":36,"neow_bonus":"TWO_FIFTY_GOLD","is_daily":false,"chose_seed":false,"campfire_upgraded":1,"win_rate":0.0,"timestamp":1611542080,"path_taken":["M","M","M","$","?","E","R","E","T","R","M","M","$","E"],"items_purchased_type":["Card","Card","Card","Card","Card","Card"],"build_version":"2020-12-22","purchased_purges":2,"victory":false,"max_hp_per_floor":[60,60,60,60,60,60,60,60,60,60,60,60,60,60,60],"card_choices":[{"not_picked":["Riddle With Holes","Quick Slash"],"picked":"Calculated Gamble","floor":1},{"not_picked":["Calculated Gamble","Outmaneuver"],"picked":"Flying Knee","floor":2},{"not_picked":["Slice","Flying Knee"],"picked":"Backflip","floor":3},{"not_picked":["Prepared","Slice"],"picked":"Reflex","floor":5},{"not_picked":["Phantasmal Killer","Sucker Punch"],"picked":"Flechettes","floor":6},{"not_picked":["Distraction","Prepared"],"picked":"Wraith Form v2","floor":8},{"not_picked":["Masterful Stab","Poisoned Stab"],"picked":"Quick Slash","floor":11},{"not_picked":["Concentrate","Calculated Gamble"],"picked":"Choke","floor":12}],"player_experience":294339,"relics_obtained":[{"floor":6,"key":"Blood Vial"},{"floor":8,"key":"White Beast Statue"},{"floor":9,"key":"Bottled Lightning"}],"event_choices":[],"is_beta":false,"boss_relics":[],"items_purged_floors":[4,13],"is_endless":false,"potions_floor_spawned":[1,3,5,8,11,12],"killed_by":"3 Sentries","ascension_level":14}}