{"host":"p8f0otjoacyb9giz","time":1611604105,"event":{"mods":["AchievementEnabler","BaseMod","Downfall","Minty Spire (QoL Compilation)","StSLib"],"gold_per_floor":[99,99,99,99,99,99,99,99,122,107,120,132,32,51,63,63,63,63],"floor_reached":16,"language":"ENG","playtime":522,"items_purged":[],"score":119,"play_id":"632599c9-387d-44b2-bd61-b0bba4b8d2db","local_time":"20210125224825","is_ascension_mode":true,"campfire_choices":[{"floor":1.0,"key":"RECALL"},{"data":"Guardian:Suspension","floor":6.0,"key":"SMITH"},{"data":"Guardian:FuturePlans","floor":8.0,"key":"SMITH"},{"data":"Guardian:CompilePackage","floor":13.0,"key":"SMITH"}],"circlet_count":0,"master_deck":["Guardian:Strike_Guardian","Guardian:Strike_Guardian","Guardian:Strike_Guardian","Guardian:Strike_Guardian","Guardian:Defend_Guardian","Guardian:Defend_Guardian","Guardian:Defend_Guardian","Guardian:Defend_Guardian","Guardian:CurlUp","Guardian:TwinSlam","Guardian:FuturePlans+1","Guardian:Suspension+1","Guardian:CompilePackage+1","Guardian:TimeCapacitor","Guardian:Orbwalk"],"relics":["Guardian:ModeShifter","downfall:HeartsMalice","Odd Mushroom","downfall:HeartBlessingRed"],"acts_visited":["Exordium"],"potions_floor_usage":[16],"damage_taken":[{"damage":0.0,"enemies":"2 Louse","floor":2.0,"turns":1.0},{"damage":0.0,"enemies":"Small Slimes","floor":3.0,"turns":1.0},{"damage":0.0,"enemies":"Cultist","floor":4.0,"turns":1.0},{"damage":21.0,"enemies":"The Mushroom Lair","floor":9.0,"turns":5.0},{"damage":0.0,"enemies":"downfall:FleeingMerchant","floor":10.0,"turns":4.0},{"damage":1.0,"enemies":"2 Fungi Beasts","floor":11.0,"turns":4.0},{"damage":19.0,"enemies":"Lots of Slimes","floor":12.0,"turns":4.0},{"damage":3.0,"enemies":"Blue Slaver","floor":14.0,"turns":4.0},{"damage":0,"enemies":"3 Louse","floor":15,"turns":1},{"damage":29,"enemies":"WA_ARCHETYPE_RETAIN","floor":16,"turns":7}],"seed_played":"-6908014348852620965","potions_obtained":[{"floor":9.0,"key":"AttackPotion"},{"floor":14.0,"key":"Weak Potion"},{"floor":15,"key":"SteroidPotion"}],"is_trial":false,"path_per_floor":["R","M","M","M","?","R","T","R","?","$","M","M","R","M","M","B"],"character_chosen":"GUARDIAN","items_purchased":[],"campfire_rested":0,"item_purchase_floors":[],"current_hp_per_floor":[72,72,72,72,72,72,72,72,51,51,50,31,31,28,28,0,0,0],"gold":63,"neow_bonus":"THREE_ENEMY_KILL","is_daily":false,"chose_seed":false,"campfire_upgraded":3,"win_rate":0.0,"timestamp":1611604105,"path_taken":["R","M","M","M","?","R","T","R","?","$","M","M","R","M","M","BOSS"],"items_purchased_type":[],"build_version":"2020-12-22","purchased_purges":0,"victory":false,"max_hp_per_floor":[80,80,80,80,80,80,80,80,80,80,80,80,80,80,80,80,80,80],"card_choices":[{"not_picked":["Guardian:VentSteam","Guardian:Gem_Green"],"picked":"Guardian:FuturePlans","floor":2.0},{"not_picked":["Guardian:BronzeArmor","Guardian:PrismaticBeam","Guardian:GuardianWhirl"],"picked":"SKIP","floor":3.0},{"not_picked":["Guardian:Gem_Lightblue","Guardian:Gem_Cyan"],"picked":"Guardian:Suspension","floor":4.0},{"not_picked":["Guardian:ChargeUp","Guardian:ShieldCharger"],"picked":"Guardian:CompilePackage","floor":9.0},{"not_picked":["Guardian:Gem_Blue","Guardian:PrimingBeam","Guardian:BronzeOrb"],"picked":"SKIP","floor":10.0},{"not_picked":["Guardian:PiercingHide","Guardian:Gem_Lightblue","Guardian:Suspension"],"picked":"SKIP","floor":11.0},{"not_picked":["Guardian:TemporalShield","Guardian:ShieldSpikes","Guardian:Emergency"],"picked":"SKIP","floor":12.0},{"not_picked":["Guardian:TemporalShield","Guardian:ShieldSpikes","Guardian:Emergency"],"picked":"SKIP","floor":12.0},{"not_picked":["Guardian:EvasiveProtocol","Guardian:Preprogram"],"picked":"Guardian:TimeCapacitor","floor":14.0},{"not_picked":["Guardian:ChargeUp","Guardian:Reroute"],"picked":"Guardian:Orbwalk","floor":15}],"player_experience":405077,"relics_obtained":[{"floor":9.0,"key":"Odd Mushroom"}],"event_choices":[{"damage_healed":0.0,"max_hp_gain":0.0,"max_hp_loss":0.0,"gold_gain":0.0,"event_name":"Mushrooms","player_choice":"Fought Mushrooms","floor":9.0,"gold_loss":0.0,"damage_taken":0.0}],"is_beta":false,"boss_relics":[],"items_purged_floors":[],"is_endless":false,"potions_floor_spawned":[9,14,15],"killed_by":"WA_ARCHETYPE_RETAIN","ascension_level":7}}