{"host":"w8xisjf5mgmfjvmt","time":1611575284,"event":{"mods":["BaseMod","BetterRewards","Challenge The Spire","Conspire","Dota2Spire","Energized Spire","Filter the Spire","Minty Spire (QoL Compilation)","Quarter Circle Forward PUNCH!","Quick Restart","Relic Stats","Replay The Spire","Shop Mod","Spicy Shops","StSLib","Starting Relic: Pandora\u0027s Box","¡¾ÒÅÎï¿¨ÅÆ¡¿REMEMod","óô»ðÖ¸ÄÏ"],"gold_per_floor":[111,111,122,149,149,176,193,251,277,277,289,303,303,70,70,145,145,156,156,156,176,190,190,190],"floor_reached":23,"language":"ZHS","playtime":762,"items_purged":["Delirium"],"score":452,"play_id":"7d7803ec-1a1b-44d9-8648-f83eddc55839","local_time":"20210125194804","is_ascension_mode":true,"campfire_choices":[{"floor":13.0,"key":"REST"},{"data":"Limit Break","floor":15.0,"key":"SMITH"}],"circlet_count":0,"master_deck":["AscendersBane","Bash","REME_Scribble","Flex","Thunderclap+1","ReplayTheSpireMod:Stacked","conspire:Charge+1","Run Through","ReplayTheSpireMod:Faulty Equipment","Limit Break+1","Feed","True Grit","Shrug It Off","conspire:Purge","REME_ACTH","Whirlwind"],"relics":["Pandora\u0027s Box","REME_ComplimentaryCards","Replay:Baseball","Whetstone","ReplayTheSpireMod:Ring of Addiction","White Beast Statue","Potion Belt","Centennial Puzzle","conspire:Flyswatter","ReplayTheSpireMod:Lightbulb","Vajra","Busted Crown"],"acts_visited":["Exordium","TheCity"],"potions_floor_usage":[],"damage_taken":[{"damage":6.0,"enemies":"Small Slimes","floor":1.0,"turns":3.0},{"damage":3.0,"enemies":"Jaw Worm","floor":3.0,"turns":3.0},{"damage":21.0,"enemies":"conspire:MimicChest","floor":4.0,"turns":4.0},{"damage":8.0,"enemies":"Gremlin Nob","floor":6.0,"turns":3.0},{"damage":2.0,"enemies":"Exordium Wildlife","floor":7.0,"turns":2.0},{"damage":36.0,"enemies":"3 Sentries","floor":8.0,"turns":8.0},{"damage":5.0,"enemies":"Blue Slaver","floor":11.0,"turns":3.0},{"damage":7.0,"enemies":"Looter","floor":12.0,"turns":4.0},{"damage":34.0,"enemies":"Hexaghost","floor":16.0,"turns":7.0},{"damage":21.0,"enemies":"2 Thieves","floor":18.0,"turns":3.0},{"damage":2.0,"enemies":"3 Byrds","floor":21.0,"turns":1.0},{"damage":16,"enemies":"Centurion and Healer","floor":22,"turns":2},{"damage":7,"enemies":"conspire:SneckoGhost","floor":23,"turns":4}],"seed_played":"-642646012219054624","potions_obtained":[{"floor":1.0,"key":"Elixir"},{"floor":4.0,"key":"Explosive Potion"},{"floor":5.0,"key":"Regen Potion"},{"floor":5.0,"key":"SteroidPotion"},{"floor":6.0,"key":"SpeedPotion"},{"floor":7.0,"key":"REME_GoldPotion"},{"floor":8.0,"key":"HeartOfIron"},{"floor":11.0,"key":"Block Potion"},{"floor":12.0,"key":"LiquidBronze"},{"floor":16.0,"key":"Elixir"},{"floor":18.0,"key":"Venom Potion"},{"floor":21.0,"key":"Fire Potion"},{"floor":22,"key":"Regen Potion"}],"is_trial":false,"path_per_floor":["M","?","M","?","?","E","M","E","T","?","M","M","R","$","R","B",null,"M","?","?","M","M","E"],"character_chosen":"IRONCLAD","items_purchased":["Vajra"],"campfire_rested":1,"item_purchase_floors":[14],"current_hp_per_floor":[67,49,51,32,32,26,29,13,13,13,11,6,37,37,37,5,81,62,62,56,56,42,37,37],"gold":190,"neow_bonus":"THREE_RARE_CARDS","is_daily":false,"chose_seed":false,"campfire_upgraded":1,"win_rate":0.0,"timestamp":1611575284,"path_taken":["M","?","M","?","?","E","M","E","T","?","M","M","R","$","R","BOSS","M","?","?","M","M","E"],"items_purchased_type":["Relic"],"build_version":"2020-12-22","purchased_purges":1,"victory":false,"max_hp_per_floor":[80,80,85,87,87,89,94,99,99,99,102,104,104,104,104,106,106,108,108,108,108,110,112,112],"relic_stats":{"Centennial Puzzle":[27],"Busted Crown":6,"counters":[13,47],"Pandora\u0027s Box":[],"Whetstone":["conspire:Charge","Thunderclap"],"obtain_stats":[{"Potion Belt":5,"Replay:Baseball":2,"Centennial Puzzle":6,"Busted Crown":17,"ReplayTheSpireMod:Ring of Addiction":5,"Vajra":14,"Pandora\u0027s Box":0,"Whetstone":4,"ReplayTheSpireMod:Lightbulb":9,"White Beast Statue":5,"REME_ComplimentaryCards":0,"conspire:Flyswatter":8},{"Potion Belt":3,"Replay:Baseball":1,"Centennial Puzzle":4,"Busted Crown":9,"ReplayTheSpireMod:Ring of Addiction":3,"Vajra":8,"Pandora\u0027s Box":0,"Whetstone":3,"ReplayTheSpireMod:Lightbulb":6,"White Beast Statue":3,"REME_ComplimentaryCards":0,"conspire:Flyswatter":6},{"Potion Belt":10,"Replay:Baseball":3,"Centennial Puzzle":13,"Busted Crown":37,"ReplayTheSpireMod:Ring of Addiction":10,"Vajra":30,"Pandora\u0027s Box":0,"Whetstone":10,"ReplayTheSpireMod:Lightbulb":23,"White Beast Statue":10,"REME_ComplimentaryCards":0,"conspire:Flyswatter":23}]},"card_choices":[{"not_picked":["REME_ACTH","conspire:Purge"],"picked":"Limit Break","floor":0.0},{"not_picked":["Run Through","Havoc"],"picked":"True Grit","floor":1.0},{"not_picked":["Twin Strike","Wild Strike","Anger"],"picked":"SKIP","floor":3.0},{"not_picked":["Perfected Strike","Pommel Strike"],"picked":"Shrug It Off","floor":4.0},{"not_picked":["True Grit","Shrug It Off","Perfected Strike"],"picked":"SKIP","floor":6.0},{"not_picked":["Body Slam","Feel No Pain","Run Through"],"picked":"SKIP","floor":7.0},{"not_picked":["Searing Blow","Body Slam"],"picked":"conspire:Purge","floor":8.0},{"not_picked":["Shrug It Off","Cleave","Flame Barrier"],"picked":"SKIP","floor":11.0},{"not_picked":["Feel No Pain","REME_Cut","Perfected Strike"],"picked":"SKIP","floor":12.0},{"not_picked":["Eclipse","Replay:Many Hands"],"picked":"REME_ACTH","floor":16.0},{"not_picked":["Flex"],"picked":"SKIP","floor":18.0},{"not_picked":["Perfected Strike"],"picked":"SKIP","floor":21.0},{"not_picked":["Replay:Undeath\u0027s Touch"],"picked":"SKIP","floor":22}],"player_experience":1244220,"relics_obtained":[{"floor":4.0,"key":"Whetstone"},{"floor":5.0,"key":"ReplayTheSpireMod:Ring of Addiction"},{"floor":5.0,"key":"White Beast Statue"},{"floor":5.0,"key":"Potion Belt"},{"floor":6.0,"key":"Centennial Puzzle"},{"floor":8.0,"key":"conspire:Flyswatter"},{"floor":9.0,"key":"ReplayTheSpireMod:Lightbulb"}],"event_choices":[{"damage_healed":0.0,"max_hp_gain":0.0,"max_hp_loss":0.0,"gold_gain":0.0,"event_name":"Scrap Ooze","player_choice":"Success","floor":2.0,"gold_loss":0.0,"damage_taken":18.0,"relics_obtained":["Replay:Baseball"]},{"damage_healed":0.0,"max_hp_gain":0.0,"max_hp_loss":0.0,"gold_gain":0.0,"event_name":"Liars Game","player_choice":"Ignored","floor":10.0,"gold_loss":0.0,"damage_taken":0.0},{"damage_healed":0.0,"max_hp_gain":0.0,"max_hp_loss":0.0,"gold_gain":0.0,"event_name":"The Library","player_choice":"Read","floor":19.0,"gold_loss":0.0,"damage_taken":0.0,"cards_obtained":["Whirlwind"]},{"damage_healed":0.0,"max_hp_gain":0.0,"max_hp_loss":0.0,"gold_gain":0.0,"event_name":"conspire:Investor","player_choice":"Leave","floor":20.0,"gold_loss":0.0,"damage_taken":0.0}],"is_beta":false,"boss_relics":[{"not_picked":["Calling Bell","Replay:Drink Me"],"picked":"Busted Crown"}],"items_purged_floors":[14],"is_endless":false,"potions_floor_spawned":[1,4,6,7,8,11,12,16,18,21,22],"killed_by":"conspire:SneckoGhost","ascension_level":20}}