{"host":"i0avyit1s6jb1siw","time":1611608871,"event":{"mods":["BaseMod","DeckTracker","Dota2Spire","Highlight Path","Minty Spire (QoL Compilation)","Quick Restart","StSLib","SuperFastMode"],"gold_per_floor":[113,132,7,22,32,32,32,57,104,179,205,205,8,8,66,138,138,189,239,239,239,353,353,410,410,432,432,347,410,477,477,477,527,33,98,68,125,125,238,238,285,340,340,363,444,506,506,547,571,571,643,643,669,723,735,735,795,825,825,825,136,210,240],"floor_reached":64,"language":"ENG","playtime":2247,"items_purged":["Strike_G","Strike_G","Strike_G"],"score":3408,"play_id":"967f1324-5a7f-437b-8a4d-b46a9e24a062","local_time":"20210125220751","is_ascension_mode":true,"campfire_choices":[{"floor":7.0,"key":"REST"},{"data":"Apotheosis","floor":14.0,"key":"SMITH"},{"floor":17.0,"key":"REST"},{"data":"Footwork","floor":20.0,"key":"SMITH"},{"floor":21.0,"key":"RECALL"},{"floor":31.0,"key":"REST"},{"floor":38.0,"key":"REST"},{"floor":47,"key":"DIG"},{"floor":56,"key":"DIG"},{"floor":60,"key":"DIG"}],"circlet_count":0,"master_deck":["AscendersBane","Strike_G","Defend_G","Defend_G","Defend_G","Defend_G","Defend_G","Survivor","Neutralize","Apotheosis+1","Crippling Poison","Leg Sweep","Flying Knee","Footwork+1","Blur","Blade Dance","Noxious Fumes","Reflex","Malaise","Accuracy","Dodge and Roll","Corpse Explosion","Tactician+1","Acrobatics","Blade Dance+1","Calculated Gamble","PiercingWail","Accuracy","Malaise","Well Laid Plans","Acrobatics+1","Wraith Form v2","PiercingWail","Accuracy","Wraith Form v2","Backflip+1","Noxious Fumes","Noxious Fumes","Night Terror"],"relics":["Ring of the Snake","Mummified Hand","Dota2Spire:HandOfMidas","Nunchaku","Dota2Spire:AssaultCuirass","Lee\u0027s Waffle","Odd Mushroom","CeramicFish","Sozu","Dota2Spire:CrimsonGuard","Prayer Wheel","Pear","Lantern","Chemical X","Thread and Needle","Dota2Spire:RefresherOrb","Shovel","Turnip","InkBottle","Dota2Spire:PowerTreads","Strawberry","Dota2Spire:ArcaneBoots","Vajra","Paper Crane","OrangePellets","Snake Skull","Pen Nib","Dota2Spire:EchoSabre"],"acts_visited":["Exordium","TheCity","TheBeyond","TheEnding"],"potions_floor_usage":[],"damage_taken":[{"damage":0.0,"enemies":"Cultist","floor":1.0,"turns":5.0},{"damage":8.0,"enemies":"Small Slimes","floor":2.0,"turns":4.0},{"damage":1.0,"enemies":"2 Louse","floor":4.0,"turns":5.0},{"damage":3.0,"enemies":"2 Fungi Beasts","floor":5.0,"turns":4.0},{"damage":4.0,"enemies":"Lagavulin","floor":8.0,"turns":7.0},{"damage":0.0,"enemies":"Exordium Wildlife","floor":9.0,"turns":7.0},{"damage":0.0,"enemies":"The Mushroom Lair","floor":15.0,"turns":3.0},{"damage":29.0,"enemies":"Gremlin Nob","floor":16.0,"turns":4.0},{"damage":0.0,"enemies":"Large Slime","floor":18.0,"turns":6.0},{"damage":0.0,"enemies":"2 Fungi Beasts","floor":19.0,"turns":4.0},{"damage":11.0,"enemies":"Slime Boss","floor":22.0,"turns":12.0},{"damage":0.0,"enemies":"Spheric Guardian","floor":24.0,"turns":6.0},{"damage":16.0,"enemies":"2 Thieves","floor":26.0,"turns":4.0},{"damage":10.0,"enemies":"Gremlin Leader","floor":29.0,"turns":7.0},{"damage":23.0,"enemies":"Cultist and Chosen","floor":30.0,"turns":7.0},{"damage":4.0,"enemies":"Sentry and Sphere","floor":33.0,"turns":5.0},{"damage":6.0,"enemies":"Slavers","floor":35.0,"turns":3.0},{"damage":0.0,"enemies":"Snake Plant","floor":37.0,"turns":7.0},{"damage":0.0,"enemies":"Champ","floor":39.0,"turns":9.0},{"damage":0.0,"enemies":"3 Shapes","floor":41.0,"turns":6.0},{"damage":0.0,"enemies":"Mind Bloom Boss Battle","floor":42.0,"turns":5.0},{"damage":0.0,"enemies":"Orb Walker","floor":44.0,"turns":4.0},{"damage":0.0,"enemies":"2 Orb Walkers","floor":45.0,"turns":5.0},{"damage":0,"enemies":"Nemesis","floor":46,"turns":7},{"damage":0,"enemies":"Reptomancer","floor":48,"turns":4},{"damage":0,"enemies":"Nemesis","floor":51,"turns":7},{"damage":0,"enemies":"Jaw Worm Horde","floor":53,"turns":4},{"damage":0,"enemies":"Maw","floor":54,"turns":5},{"damage":0,"enemies":"Spire Growth","floor":55,"turns":3},{"damage":0,"enemies":"Awakened One","floor":57,"turns":13},{"damage":3,"enemies":"Time Eater","floor":58,"turns":14},{"damage":9,"enemies":"Shield and Spear","floor":62,"turns":5},{"damage":10,"enemies":"The Heart","floor":63,"turns":10}],"seed_played":"-367696531044522838","potions_obtained":[{"floor":4.0,"key":"DistilledChaos"},{"floor":5.0,"key":"Poison Potion"},{"floor":8.0,"key":"DistilledChaos"},{"floor":15.0,"key":"Regen Potion"},{"floor":16.0,"key":"LiquidMemories"}],"is_trial":false,"path_per_floor":["M","M","$","M","M","?","R","E","M","?","T","T","$","R","?","E","R","M","M","R","R","B",null,"M","?","M","?","?","E","M","R","T","M","$","E","$","M","R","B",null,"M","?","?","M","?","E","R","E","T","T","E","?","M","M","M","R","B","B",null,"R","$","E","B",null],"character_chosen":"THE_SILENT","items_purchased":["Dagger Spray","Lee\u0027s Waffle","Noxious Fumes","Accuracy","Lantern","Chemical X","Well Laid Plans","OrangePellets","Snake Skull","Pen Nib","Noxious Fumes"],"campfire_rested":4,"item_purchase_floors":[3,13,13,34,34,34,36,61,61,61,61],"current_hp_per_floor":[44,36,36,35,32,6,25,21,21,10,10,10,73,73,73,44,65,65,65,65,65,54,68,68,47,31,31,31,21,3,26,36,32,32,26,26,26,52,52,79,79,79,79,79,79,79,79,86,86,86,86,86,86,86,86,86,86,83,92,92,92,83,73],"gold":240,"neow_bonus":"RANDOM_COLORLESS_2","is_daily":false,"chose_seed":false,"campfire_upgraded":2,"win_rate":0.0,"timestamp":1611608871,"path_taken":["M","?","?","M","?","?","R","E","M","?","T","T","$","R","?","E","R","?","M","R","R","BOSS","M","?","M","?","?","E","M","R","T","M","?","E","$","M","R","BOSS","M","?","?","M","?","E","R","E","T","T","E","?","M","M","M","R","BOSS","BOSS","R","$","E","BOSS"],"items_purchased_type":["Card","Relic","Card","Card","Relic","Relic","Card","Relic","Relic","Relic","Card"],"build_version":"2020-12-22","purchased_purges":3,"victory":true,"max_hp_per_floor":[66,66,66,66,66,66,66,66,66,66,66,66,73,73,73,73,73,73,73,73,73,73,73,73,78,78,78,78,78,78,78,88,88,88,88,88,88,88,88,88,88,88,88,88,88,88,88,95,95,95,95,95,95,95,95,95,95,95,95,95,95,95,95],"card_choices":[{"not_picked":["Transmutation","Metamorphosis"],"picked":"Apotheosis","floor":0.0},{"not_picked":["Dash","Prepared"],"picked":"Crippling Poison","floor":1.0},{"not_picked":["Concentrate","Endless Agony"],"picked":"Leg Sweep","floor":2.0},{"not_picked":["Bane","Dodge and Roll"],"picked":"Flying Knee","floor":4.0},{"not_picked":["Flying Knee","Slice"],"picked":"Footwork","floor":5.0},{"not_picked":["Acrobatics","Accuracy"],"picked":"Blur","floor":8.0},{"not_picked":["Terror","Reflex"],"picked":"Blade Dance","floor":9.0},{"not_picked":["Poisoned Stab","Dagger Throw"],"picked":"Reflex","floor":15.0},{"not_picked":["Unload","Predator"],"picked":"Malaise","floor":16.0},{"not_picked":["Deflect","Acrobatics"],"picked":"Accuracy","floor":18.0},{"not_picked":["Poisoned Stab","Slice"],"picked":"Dodge and Roll","floor":19.0},{"not_picked":["Storm of Steel","Grand Finale"],"picked":"Corpse Explosion","floor":22.0},{"not_picked":["Backflip","Outmaneuver"],"picked":"Tactician+1","floor":24.0},{"not_picked":["Slice","Reflex"],"picked":"Acrobatics","floor":26.0},{"not_picked":["Sucker Punch","Predator","All Out Attack"],"picked":"SKIP","floor":29.0},{"not_picked":["Dash","Blur"],"picked":"Blade Dance+1","floor":30.0},{"not_picked":["Outmaneuver","Blade Dance"],"picked":"Calculated Gamble","floor":30.0},{"not_picked":["Deflect","Expertise"],"picked":"PiercingWail","floor":33.0},{"not_picked":["Terror","Deflect","Reflex"],"picked":"SKIP","floor":33.0},{"not_picked":["Deflect","Venomology"],"picked":"Malaise","floor":35.0},{"not_picked":["All Out Attack","Noxious Fumes"],"picked":"Acrobatics+1","floor":37.0},{"not_picked":["Flying Knee","Reflex","Poisoned Stab"],"picked":"SKIP","floor":37.0},{"not_picked":["Tools of the Trade","Phantasmal Killer"],"picked":"Wraith Form v2","floor":39.0},{"not_picked":["Dodge and Roll","Outmaneuver+1","Deflect"],"picked":"SKIP","floor":41.0},{"not_picked":["Outmaneuver","Blade Dance","Eviscerate"],"picked":"SKIP","floor":41.0},{"not_picked":["Sucker Punch","Dagger Spray+1"],"picked":"PiercingWail","floor":44.0},{"not_picked":["Glass Knife","Acrobatics","Quick Slash+1"],"picked":"SKIP","floor":44.0},{"not_picked":["Bullet Time","Quick Slash","Dagger Spray"],"picked":"SKIP","floor":46},{"not_picked":["Acrobatics","Reflex"],"picked":"Accuracy","floor":48},{"not_picked":["Flying Knee","Quick Slash"],"picked":"Wraith Form v2","floor":51},{"not_picked":["Dagger Throw","Cloak And Dagger"],"picked":"Backflip+1","floor":53},{"not_picked":["Predator","Dagger Throw","Cloak And Dagger"],"picked":"SKIP","floor":53},{"not_picked":["Accuracy","Outmaneuver+1"],"picked":"Noxious Fumes","floor":54},{"not_picked":["Acrobatics+1","Prepared","Choke"],"picked":"SKIP","floor":54},{"not_picked":["Dagger Spray","Deflect+1","Dodge and Roll"],"picked":"SKIP","floor":55},{"not_picked":["Deflect","Sucker Punch","Escape Plan"],"picked":"SKIP","floor":55},{"not_picked":["Endless Agony","Predator"],"picked":"Night Terror","floor":62}],"player_experience":2337952,"relics_obtained":[{"floor":8.0,"key":"Dota2Spire:HandOfMidas"},{"floor":11.0,"key":"Nunchaku"},{"floor":12.0,"key":"Dota2Spire:AssaultCuirass"},{"floor":15.0,"key":"Odd Mushroom"},{"floor":16.0,"key":"CeramicFish"},{"floor":29.0,"key":"Prayer Wheel"},{"floor":32.0,"key":"Pear"},{"floor":35.0,"key":"Thread and Needle"},{"floor":42.0,"key":"Shovel"},{"floor":45.0,"key":"Turnip"},{"floor":46,"key":"InkBottle"},{"floor":47,"key":"Dota2Spire:PowerTreads"},{"floor":48,"key":"Strawberry"},{"floor":49,"key":"Dota2Spire:ArcaneBoots"},{"floor":51,"key":"Vajra"},{"floor":60,"key":"Paper Crane"},{"floor":62,"key":"Dota2Spire:EchoSabre"}],"event_choices":[{"damage_healed":0.0,"max_hp_gain":0.0,"max_hp_loss":0.0,"gold_gain":0.0,"event_name":"Scrap Ooze","player_choice":"Success","floor":6.0,"gold_loss":0.0,"damage_taken":26.0,"relics_obtained":["Mummified Hand"]},{"damage_healed":0.0,"max_hp_gain":0.0,"max_hp_loss":0.0,"gold_gain":75.0,"event_name":"World of Goop","player_choice":"Gather Gold","floor":10.0,"gold_loss":0.0,"damage_taken":11.0},{"damage_healed":0.0,"max_hp_gain":0.0,"max_hp_loss":0.0,"gold_gain":0.0,"event_name":"Mushrooms","player_choice":"Fought Mushrooms","floor":15.0,"gold_loss":0.0,"damage_taken":0.0},{"damage_healed":0.0,"max_hp_gain":5.0,"max_hp_loss":0.0,"gold_gain":0.0,"event_name":"Forgotten Altar","player_choice":"Shed Blood","floor":25.0,"gold_loss":0.0,"damage_taken":26.0},{"cards_removed":["Strike_G"],"damage_healed":0.0,"max_hp_gain":0.0,"max_hp_loss":0.0,"gold_gain":0.0,"event_name":"Back to Basics","player_choice":"Elegance","floor":27.0,"gold_loss":0.0,"damage_taken":0.0},{"damage_healed":0.0,"max_hp_gain":0.0,"max_hp_loss":0.0,"gold_gain":0.0,"event_name":"Addict","player_choice":"Obtained Relic","floor":28.0,"gold_loss":85.0,"damage_taken":0.0,"relics_obtained":["Dota2Spire:CrimsonGuard"]},{"damage_healed":0.0,"max_hp_gain":0.0,"max_hp_loss":0.0,"gold_gain":0.0,"event_name":"MindBloom","player_choice":"Fight","floor":42.0,"gold_loss":0.0,"damage_taken":0.0},{"cards_removed":["Dagger Spray"],"damage_healed":0.0,"max_hp_gain":0.0,"max_hp_loss":0.0,"gold_gain":0.0,"event_name":"Falling","player_choice":"Removed Attack","floor":43.0,"gold_loss":0.0,"damage_taken":0.0},{"damage_healed":0.0,"max_hp_gain":0.0,"max_hp_loss":0.0,"gold_gain":0.0,"event_name":"Mysterious Sphere","player_choice":"Fight","floor":45.0,"gold_loss":0.0,"damage_taken":0.0},{"damage_healed":0,"gold_gain":0,"player_choice":"Ignored","damage_taken":0,"max_hp_gain":0,"max_hp_loss":0,"event_name":"Tomb of Lord Red Mask","floor":52,"gold_loss":0}],"is_beta":false,"boss_relics":[{"not_picked":["Coffee Dripper","Ring of the Serpent"],"picked":"Sozu"},{"not_picked":["Pandora\u0027s Box","Calling Bell"],"picked":"Dota2Spire:RefresherOrb"}],"items_purged_floors":[3,34,61],"is_endless":false,"potions_floor_spawned":[4,5,8,15,16,22,24,35,37,41,44,46,48,51,54,62],"ascension_level":20}}