{"host":"0ricjaa7rfq9v76t","time":1611583420,"event":{"mods":["AchievementEnabler","Aspiration","BaseMod","Better Vampires","BetterRewards","Colored Powertips","Downfall","Highlight Path","Hubris","Infinite Spire","Minty Spire (QoL Compilation)","Quick Restart","Rare Cards Sparkle","Relic Sorter","Replay The Spire","StSLib","SuperFastMode","Synergy Search","The Cursed","The Disciple","The Jungle","The Marked","The Runesmith","Uncapped"],"gold_per_floor":[112,122,122,47,47,78,95,122,145,74,74,74,74,74,74,184,184,206,230,230,260,287,287,325,325,325,325,325,346,372,400,400,508,508,539,39,105,105,155,204,233,87,87,105,105,31,31],"floor_reached":46,"language":"ENG","playtime":3098,"items_purged":["Defend_B","Strike_B","Defend_B","Strike_B"],"score":678,"play_id":"5c196ee8-3513-4b61-8234-a46fbec37efb","local_time":"20210125220340","is_ascension_mode":false,"campfire_choices":[{"floor":15,"key":"REST"},{"data":"Electrodynamics","floor":23,"key":"SMITH"},{"data":"Turbo","floor":25,"key":"SMITH"},{"floor":32,"key":"REST"}],"circlet_count":0,"master_deck":["Strike_B","Defend_B","Defend_B","Zap","Dualcast+1","Turbo+1","Gash","Streamline","Buffer+1","Gash","Creative AI+1","Electrodynamics+1","RitualDagger","Streamline","Zap","Ball Lightning+1","Thunder Strike","Gash+1","Apotheosis","Storm","Tempest","Hello World"],"relics":["Cracked Core","Replay:Wax Seal","aspiration:FrozenJewel","hubris:OldNail","MealTicket","Replay:Bandana","Ring of Peace","Happy Flower","Nuclear Battery","hubris:ScarierMask","Sundial","hubris:SphereOfDissonance","Bird Faced Urn","Philosopher\u0027s Stone","Raider\u0027s Mask","aspiration:HatOfInfinitePower","Blue Candle","ReplayTheSpireMod:TigerMarble","infinitespire:Eraser","Golden Egg","Symbiotic Virus","StoneCalendar"],"acts_visited":["Exordium","TheCity","TheBeyond"],"potions_floor_usage":[8,16,16,33,37],"damage_taken":[{"damage":6,"enemies":"Jaw Worm","floor":1,"turns":2},{"damage":1,"enemies":"Cultist","floor":2,"turns":3},{"damage":5,"enemies":"Replay:BlueRogue","floor":6,"turns":5},{"damage":0,"enemies":"Small Slimes","floor":7,"turns":3},{"damage":30,"enemies":"Gremlin Nob","floor":8,"turns":4},{"damage":9,"enemies":"3 Louse","floor":10,"turns":3},{"damage":22,"enemies":"The Guardian","floor":16,"turns":11},{"damage":0,"enemies":"3 Byrds","floor":18,"turns":3},{"damage":0,"enemies":"2 Thieves","floor":19,"turns":4},{"damage":0,"enemies":"Cultist and Chosen","floor":21,"turns":7},{"damage":0,"enemies":"Shelled Parasite and Fungi","floor":22,"turns":5},{"damage":15,"enemies":"Replay:Snechameleon","floor":24,"turns":6},{"damage":13,"enemies":"Snake Plant","floor":29,"turns":3},{"damage":7,"enemies":"Centurion and Healer","floor":30,"turns":4},{"damage":0,"enemies":"Chosen and Byrds","floor":31,"turns":3},{"damage":26,"enemies":"Collector","floor":33,"turns":8},{"damage":4,"enemies":"3 Shapes","floor":35,"turns":3},{"damage":20,"enemies":"Mind Bloom Boss Battle","floor":37,"turns":6},{"damage":0,"enemies":"Reptomancer","floor":40,"turns":6},{"damage":4,"enemies":"Orb Walker","floor":41,"turns":3},{"damage":0,"enemies":"3 Darklings","floor":44,"turns":2},{"damage":0,"enemies":"infinitespire:Three Voidlings","floor":46,"turns":2},{"damage":88,"enemies":"Nightmare_Alpha","floor":46,"turns":5}],"seed_played":"-1678631870054899615","potions_obtained":[{"floor":2,"key":"Adrenaline Potion"},{"floor":7,"key":"sneckomod:MuddlingPotion"},{"floor":8,"key":"LiquidMemories"},{"floor":10,"key":"LifebloodPotion"},{"floor":19,"key":"SmokeBomb"},{"floor":29,"key":"AttackPotion"},{"floor":33,"key":"Block Potion"},{"floor":41,"key":"Milkshake"}],"is_trial":false,"path_per_floor":["M","M","?","$","T","E","M","E","T","M","?","?","?","T","R","B",null,"M","M","AVR","M","M","R","E","R","T","?","?","M","M","M","R","B",null,"M","$","?","?","T","E","M","$","T","M","AVR","?"],"character_chosen":"DEFECT","items_purchased":["Turbo","Replay:Wax Seal","Gash","Raider\u0027s Mask","Apotheosis","Storm","Golden Egg"],"campfire_rested":2,"item_purchase_floors":[0,0,0,36,36,36,42],"current_hp_per_floor":[69,68,68,68,68,63,63,33,33,24,24,24,9,9,31,9,75,75,75,75,75,75,75,60,60,60,54,54,43,44,50,72,49,75,75,75,65,60,60,70,68,75,75,75,75,0,0],"gold":31,"neow_bonus":"","is_daily":false,"chose_seed":false,"campfire_upgraded":2,"win_rate":0.0,"timestamp":1611583420,"path_taken":["M","M","?","$","?","E","M","E","T","M","?","?","?","?","R","BOSS","M","M","AVR","M","M","R","E","R","T","?","?","?","M","M","R","BOSS","M","?","?","?","?","E","M","$","T","M","AVR","?"],"items_purchased_type":["Card","Relic","Card","Relic","Card","Card","Relic"],"build_version":"2020-12-22","purchased_purges":4,"victory":false,"max_hp_per_floor":[75,75,75,75,75,75,75,75,75,75,75,75,75,75,75,75,75,75,75,75,75,75,75,75,75,75,75,75,75,75,75,75,75,75,75,75,75,75,75,75,75,75,75,75,75,75,75],"card_choices":[{"not_picked":["Stack","Go for the Eyes"],"picked":"Streamline","floor":1},{"not_picked":["BasicCrystalCard","Streamline"],"picked":"Buffer","floor":2},{"not_picked":["Beam Cell","BasicCrystalCard"],"picked":"Gash","floor":6},{"not_picked":["Undo","Reprogram","Go for the Eyes"],"picked":"SKIP","floor":7},{"not_picked":["Stack","Turbo"],"picked":"Creative AI","floor":8},{"not_picked":["Barrage","Cold Snap","Steam"],"picked":"SKIP","floor":10},{"not_picked":["Amplify","Meteor Strike"],"picked":"Electrodynamics","floor":16},{"not_picked":["Sweeping Beam+1","Lockon","Consume"],"picked":"SKIP","floor":18},{"not_picked":["Steam Power+1","Barrage+1","Beam Cell"],"picked":"SKIP","floor":19},{"not_picked":["BasicCrystalCard","Streamline+1","Stack"],"picked":"SKIP","floor":21},{"not_picked":["Aggregate+1","Go for the Eyes+1","Sunder"],"picked":"SKIP","floor":22},{"not_picked":["ReplaySort","Fission","aspiration:Polymerization"],"picked":"SKIP","floor":24},{"not_picked":["Rebound","Sweeping Beam","aspiration:Polymerization"],"picked":"SKIP","floor":29},{"not_picked":["Redo","BasicCrystalCard"],"picked":"Ball Lightning+1","floor":30},{"not_picked":["Go for the Eyes","Ball Lightning","Steam+1"],"picked":"SKIP","floor":31},{"not_picked":["Machine Learning","Electrodynamics"],"picked":"Thunder Strike","floor":33},{"not_picked":["Sunder+1","ReplaySort+1"],"picked":"Gash+1","floor":35},{"not_picked":["Barrage+1","Capacitor+1"],"picked":"Tempest","floor":40},{"not_picked":["ReplaySolidLightProjector","Hologram+1"],"picked":"Hello World","floor":41},{"not_picked":["ReplayTheSpireMod:GoodbyeWorld","Compile Driver","Skim+1"],"picked":"SKIP","floor":44}],"player_experience":211049,"relics_obtained":[{"floor":5,"key":"aspiration:FrozenJewel"},{"floor":6,"key":"hubris:OldNail"},{"floor":8,"key":"MealTicket"},{"floor":9,"key":"Replay:Bandana"},{"floor":11,"key":"Ring of Peace"},{"floor":14,"key":"Happy Flower"},{"floor":24,"key":"hubris:SphereOfDissonance"},{"floor":26,"key":"Bird Faced Urn"},{"floor":37,"key":"aspiration:HatOfInfinitePower"},{"floor":39,"key":"ReplayTheSpireMod:TigerMarble"},{"floor":40,"key":"infinitespire:Eraser"},{"floor":43,"key":"Symbiotic Virus"}],"event_choices":[{"cards_removed":["Strike_B"],"damage_healed":0,"gold_gain":0,"player_choice":"Purged","damage_taken":0,"max_hp_gain":0,"max_hp_loss":0,"event_name":"Purifier","floor":3,"gold_loss":0},{"damage_healed":0,"gold_gain":0,"player_choice":"Grow","damage_taken":0,"max_hp_gain":0,"max_hp_loss":0,"event_name":"Living Wall","floor":12,"gold_loss":0,"cards_upgraded":["Creative AI"]},{"damage_healed":0,"gold_gain":0,"player_choice":"Entered Light","damage_taken":15,"max_hp_gain":0,"max_hp_loss":0,"event_name":"Shining Light","floor":13,"gold_loss":0,"cards_upgraded":["Buffer","Dualcast"]},{"damage_healed":0,"gold_gain":0,"player_choice":"Joined the Cult","damage_taken":6,"max_hp_gain":0,"max_hp_loss":0,"event_name":"Nest","floor":27,"gold_loss":0,"cards_obtained":["RitualDagger"]},{"damage_healed":0,"gold_gain":0,"player_choice":"2 cards matched","damage_taken":0,"max_hp_gain":0,"max_hp_loss":0,"event_name":"Match and Keep!","floor":28,"gold_loss":0,"cards_obtained":["Streamline","Zap"]},{"damage_healed":0,"gold_gain":0,"player_choice":"Fight","damage_taken":0,"max_hp_gain":0,"max_hp_loss":0,"event_name":"MindBloom","floor":37,"gold_loss":0}],"is_beta":false,"boss_relics":[{"not_picked":["Coffee Dripper","Busted Crown"],"picked":"Nuclear Battery"},{"not_picked":["FrozenCore","ReplayTheSpireMod:SealedPack"],"picked":"Philosopher\u0027s Stone"}],"items_purged_floors":[4,20,36,45],"is_endless":false,"potions_floor_spawned":[2,7,8,10,19,29,31,33,41,44],"killed_by":"Nightmare_Alpha","ascension_level":0}}