{"host":"r53pw7z744tg3fxg","time":1611603058,"event":{"mods":["AchievementEnabler","BaseMod","Colored Map","Colored Powertips","Highlight Path","Minty Spire (QoL Compilation)","Quick Restart","Transform Curses"],"gold_per_floor":[119,132,147,163,180,209,209,209,209,224,236,236,236,236,236,312,312,331,246,263,263,263,263,51,85,85,85,104,152,34,54,54,54,54],"floor_reached":33,"language":"ENG","playtime":918,"items_purged":[],"score":633,"play_id":"c3ba17af-3462-4051-91de-850e8d23ad27","local_time":"20210125123058","is_ascension_mode":true,"campfire_choices":[{"floor":8,"key":"REST"},{"data":"Eruption","floor":12,"key":"SMITH"},{"data":"Worship","floor":15,"key":"SMITH"},{"floor":23,"key":"REST"},{"floor":27,"key":"REST"},{"floor":32,"key":"REST"}],"circlet_count":0,"master_deck":["AscendersBane","Strike_P","Strike_P","Strike_P","Strike_P","Defend_P","Defend_P","Defend_P","Defend_P","Eruption+1","Vigilance","Conclude","Tantrum","Worship+1","EmptyBody","ReachHeaven","PathToVictory","Evaluate","Ragnarok","InnerPeace","Necronomicurse","Sanctity","Fasting2+1","Prostrate","Dramatic Entrance","CutThroughFate"],"relics":["PureWater","Tiny Chest","Yang","StrikeDummy","PreservedInsect","Orichalcum","Busted Crown","Frozen Egg 2","Necronomicon","Akabeko","CloakClasp","Mummified Hand","Art of War"],"acts_visited":["Exordium","TheCity"],"potions_floor_usage":[5,6,11,28,33],"damage_taken":[{"damage":0,"enemies":"Cultist","floor":1,"turns":3},{"damage":0,"enemies":"Jaw Worm","floor":2,"turns":3},{"damage":0,"enemies":"2 Louse","floor":3,"turns":2},{"damage":18,"enemies":"Red Slaver","floor":4,"turns":4},{"damage":0,"enemies":"3 Louse","floor":5,"turns":2},{"damage":0,"enemies":"Gremlin Nob","floor":6,"turns":2},{"damage":0,"enemies":"2 Fungi Beasts","floor":10,"turns":2},{"damage":0,"enemies":"Large Slime","floor":11,"turns":3},{"damage":0,"enemies":"Slime Boss","floor":16,"turns":7},{"damage":3,"enemies":"Spheric Guardian","floor":18,"turns":3},{"damage":33,"enemies":"Shell Parasite","floor":20,"turns":7},{"damage":3,"enemies":"Gremlin Leader","floor":25,"turns":4},{"damage":30,"enemies":"Centurion and Healer","floor":28,"turns":4},{"damage":0,"enemies":"Snake Plant","floor":31,"turns":2},{"damage":47,"enemies":"Automaton","floor":33,"turns":6}],"seed_played":"2725824107249440007","potions_obtained":[{"floor":3,"key":"LiquidMemories"},{"floor":4,"key":"StancePotion"},{"floor":10,"key":"AttackPotion"},{"floor":11,"key":"SpeedPotion"},{"floor":16,"key":"Block Potion"},{"floor":25,"key":"Swift Potion"}],"is_trial":false,"path_per_floor":["M","M","M","M","M","E","?","R","T","M","M","R","?","T","R","B",null,"M","?","M","?","?","R","$","E","T","R","M","T","$","M","R","B"],"character_chosen":"WATCHER","items_purchased":["Akabeko","Sanctity","Prostrate","Dramatic Entrance"],"campfire_rested":4,"item_purchase_floors":[24,24,30,30],"current_hp_per_floor":[61,61,61,43,43,43,43,63,63,63,63,63,63,63,63,63,67,64,64,31,10,10,30,30,27,27,47,17,17,17,17,37,0,0],"gold":54,"neow_bonus":"RANDOM_COMMON_RELIC","is_daily":false,"chose_seed":false,"campfire_upgraded":2,"win_rate":0.0,"timestamp":1611603058,"path_taken":["M","M","M","M","?","E","?","R","T","M","M","R","?","?","R","BOSS","M","?","M","?","?","R","$","E","T","R","M","?","$","M","R","BOSS"],"items_purchased_type":["Relic","Card","Card","Card"],"build_version":"2020-12-22","purchased_purges":0,"victory":false,"max_hp_per_floor":[68,68,68,68,68,68,68,68,68,68,68,68,68,68,68,68,68,68,68,68,68,68,68,68,68,68,68,68,68,68,68,68,68,68],"card_choices":[{"not_picked":["Consecrate","Perseverance"],"picked":"Conclude","floor":1},{"not_picked":["Vengeance","EmptyFist"],"picked":"Tantrum","floor":2},{"not_picked":["FlurryOfBlows","SignatureMove"],"picked":"Worship","floor":3},{"not_picked":["CutThroughFate","Weave"],"picked":"EmptyBody","floor":4},{"not_picked":["FlyingSleeves","PathToVictory"],"picked":"ReachHeaven","floor":5},{"not_picked":["ThirdEye","EmptyBody"],"picked":"PathToVictory","floor":6},{"not_picked":["JustLucky","Protect"],"picked":"Evaluate","floor":10},{"not_picked":["Vengeance","EmptyBody","SignatureMove"],"picked":"SKIP","floor":11},{"not_picked":["Scrawl","Vault"],"picked":"Ragnarok","floor":16},{"not_picked":["SandsOfTime"],"picked":"SKIP","floor":18},{"not_picked":[],"picked":"InnerPeace","floor":20},{"not_picked":["SignatureMove"],"picked":"SKIP","floor":25},{"not_picked":[],"picked":"Fasting2+1","floor":28},{"not_picked":[],"picked":"CutThroughFate","floor":31}],"player_experience":1347808,"relics_obtained":[{"floor":6,"key":"Yang"},{"floor":9,"key":"StrikeDummy"},{"floor":14,"key":"Orichalcum"},{"floor":21,"key":"Necronomicon"},{"floor":25,"key":"CloakClasp"},{"floor":26,"key":"Mummified Hand"},{"floor":29,"key":"Art of War"}],"event_choices":[{"damage_healed":0,"gold_gain":0,"player_choice":"Ignored","damage_taken":0,"max_hp_gain":0,"max_hp_loss":0,"event_name":"Liars Game","floor":7,"gold_loss":0},{"damage_healed":0,"gold_gain":0,"player_choice":"Gave Potion","damage_taken":0,"relics_obtained":["PreservedInsect"],"max_hp_gain":0,"max_hp_loss":0,"event_name":"WeMeetAgain","floor":13,"gold_loss":0},{"damage_healed":0,"gold_gain":0,"player_choice":"Obtained Relic","damage_taken":0,"relics_obtained":["Frozen Egg 2"],"max_hp_gain":0,"max_hp_loss":0,"event_name":"Addict","floor":19,"gold_loss":85},{"damage_healed":0,"gold_gain":0,"player_choice":"Obtained Book","damage_taken":21,"max_hp_gain":0,"max_hp_loss":0,"event_name":"Cursed Tome","floor":21,"gold_loss":0},{"damage_healed":0,"gold_gain":0,"player_choice":"Ignored","damage_taken":0,"max_hp_gain":0,"max_hp_loss":0,"event_name":"Vampires","floor":22,"gold_loss":0}],"is_beta":false,"boss_relics":[{"not_picked":["Philosopher\u0027s Stone","Runic Pyramid"],"picked":"Busted Crown"}],"items_purged_floors":[],"is_endless":false,"potions_floor_spawned":[3,4,10,11,16,25],"killed_by":"Automaton","ascension_level":17}}