{"host":"bq4pt811tk9yrmjl","time":1611590242,"event":{"mods":["AchievementEnabler","BaseMod","Colored Map","Colored Powertips","Defuse TimeMaze Blight","Hermit","Minty Spire (QoL Compilation)","StSLib","SuperFastMode"],"gold_per_floor":[111,130,141,69,79,79,90,90,160,193,205,205,170,95,95,198,198,216,230,75,75,94,94,106,132,132,132,145,0,25,25,25,120,120,131,141,93,93,112,139,158,5,5,17,42,58,58,70,70,70,70,70,70,105,105,105],"floor_reached":55,"language":"ENG","playtime":1574,"items_purged":["hermit:Malice"],"score":836,"play_id":"a97e3847-7c84-4b67-b3bb-6e1ad075267c","local_time":"20210125135722","is_ascension_mode":true,"campfire_choices":[{"data":"hermit:Maintenance","floor":6,"key":"SMITH"},{"data":"hermit:Maintenance","floor":8,"key":"SMITH"},{"data":"hermit:Maintenance","floor":12,"key":"SMITH"},{"floor":15,"key":"RECALL"},{"data":"hermit:HighNoon","floor":23,"key":"SMITH"},{"data":"hermit:Snapshot","floor":32,"key":"SMITH"},{"floor":49,"key":"REST"},{"data":"hermit:Covet","floor":52,"key":"SMITH"}],"circlet_count":0,"master_deck":["hermit:Strike_Hermit+1","hermit:Strike_Hermit+1","hermit:Strike_Hermit+1","hermit:Strike_Hermit+1","hermit:Defend_Hermit+1","hermit:Defend_Hermit+1","hermit:Defend_Hermit+1","hermit:Defend_Hermit+1","hermit:Snapshot+1","hermit:Covet+1","hermit:Maintenance+1","hermit:Maintenance+1","hermit:Maintenance+1","hermit:HighNoon+1","hermit:Glare+1"],"relics":["hermit:Momento","NeowsBlessing","Meat on the Bone","Du-Vu Doll","Busted Crown","Omamori","Regal Pillow","Lee\u0027s Waffle","Orichalcum","Pantograph","Medical Kit","Peace Pipe","Happy Flower","Vajra"],"acts_visited":["Exordium","TheCity","TheBeyond","TheEnding"],"potions_floor_usage":[16,19,33,50,54,54,55],"damage_taken":[{"damage":0,"enemies":"Cultist","floor":1,"turns":1},{"damage":0,"enemies":"2 Louse","floor":2,"turns":1},{"damage":0,"enemies":"Jaw Worm","floor":3,"turns":1},{"damage":11,"enemies":"Blue Slaver","floor":5,"turns":4},{"damage":14,"enemies":"Gremlin Gang","floor":7,"turns":4},{"damage":1,"enemies":"Lagavulin","floor":10,"turns":9},{"damage":5,"enemies":"Red Slaver","floor":11,"turns":5},{"damage":28,"enemies":"Hexaghost","floor":16,"turns":9},{"damage":8,"enemies":"Spheric Guardian","floor":18,"turns":4},{"damage":6,"enemies":"Shell Parasite","floor":19,"turns":6},{"damage":1,"enemies":"Shelled Parasite and Fungi","floor":22,"turns":6},{"damage":3,"enemies":"Centurion and Healer","floor":24,"turns":7},{"damage":10,"enemies":"Gremlin Leader","floor":25,"turns":9},{"damage":20,"enemies":"Snake Plant","floor":28,"turns":5},{"damage":22,"enemies":"Book of Stabbing","floor":30,"turns":7},{"damage":0,"enemies":"Champ","floor":33,"turns":11},{"damage":14,"enemies":"3 Darklings","floor":35,"turns":8},{"damage":11,"enemies":"3 Shapes","floor":36,"turns":6},{"damage":9,"enemies":"3 Darklings","floor":39,"turns":5},{"damage":29,"enemies":"Nemesis","floor":40,"turns":9},{"damage":1,"enemies":"Maw","floor":41,"turns":9},{"damage":0,"enemies":"Writhing Mass","floor":44,"turns":11},{"damage":6,"enemies":"Giant Head","floor":45,"turns":11},{"damage":21,"enemies":"Spire Growth","floor":46,"turns":6},{"damage":23,"enemies":"Sphere and 2 Shapes","floor":48,"turns":7},{"damage":43,"enemies":"Awakened One","floor":50,"turns":20},{"damage":35,"enemies":"Shield and Spear","floor":54,"turns":12},{"damage":88,"enemies":"The Heart","floor":55,"turns":5}],"seed_played":"-4605244046299681184","potions_obtained":[{"floor":1,"key":"Dexterity Potion"},{"floor":3,"key":"FearPotion"},{"floor":7,"key":"Block Potion"},{"floor":16,"key":"Fruit Juice"},{"floor":22,"key":"Dexterity Potion"},{"floor":28,"key":"Regen Potion"},{"floor":54,"key":"SpeedPotion"}],"is_trial":false,"path_per_floor":["M","M","M","$","M","R","M","R","T","E","M","R","?","$","R","B",null,"M","M","$","?","M","R","M","E","T","$","M","$","E","?","R","B",null,"M","M","$","?","M","E","M","$","T","M","E","M","?","M","R","B",null,"R","$","E","B"],"character_chosen":"HERMIT","items_purchased":["hermit:Maintenance","Omamori","Lee\u0027s Waffle","Explosive Potion","Medical Kit"],"campfire_rested":1,"item_purchase_floors":[4,20,29,37,42],"current_hp_per_floor":[75,75,75,75,64,64,50,50,50,49,44,44,62,62,62,51,80,72,66,66,66,65,65,62,52,52,52,44,87,65,65,65,80,87,73,62,62,62,53,36,47,47,47,47,53,44,44,33,74,44,87,87,87,52,0,0],"gold":105,"neow_bonus":"THREE_ENEMY_KILL","is_daily":false,"chose_seed":false,"campfire_upgraded":6,"win_rate":0.0,"timestamp":1611590242,"path_taken":["M","M","?","$","?","R","M","R","T","E","M","R","?","?","R","BOSS","M","M","$","?","?","R","?","E","T","$","M","?","E","?","R","BOSS","M","M","$","?","?","E","M","$","T","M","E","M","?","M","R","BOSS","R","$","E","BOSS"],"items_purchased_type":["Card","Relic","Relic","Potion","Relic"],"build_version":"2020-12-22","purchased_purges":1,"victory":false,"max_hp_per_floor":[75,75,75,75,75,75,75,75,75,75,75,75,75,75,75,80,80,80,80,80,80,80,80,80,80,80,80,80,87,87,87,87,87,87,87,87,87,87,87,87,87,87,87,87,87,87,87,87,87,87,87,87,87,87,87,87],"card_choices":[{"not_picked":["hermit:Enervate","hermit:Coalescence"],"picked":"hermit:Malice","floor":1},{"not_picked":["hermit:GoldenBullet","hermit:ItchyTrigger"],"picked":"hermit:Maintenance","floor":2},{"not_picked":["hermit:ShadowCloak","hermit:Combo","hermit:ItchyTrigger"],"picked":"SKIP","floor":3},{"not_picked":["hermit:Roulette","hermit:Shortfuse","hermit:Headshot"],"picked":"SKIP","floor":5},{"not_picked":["hermit:Glare","hermit:Desperado","hermit:ShadowCloak"],"picked":"SKIP","floor":7},{"not_picked":["hermit:Glare","hermit:Quickdraw"],"picked":"hermit:Maintenance","floor":10},{"not_picked":["hermit:GhostlyPresence","hermit:Headshot","hermit:CalledShot"],"picked":"SKIP","floor":11},{"not_picked":["hermit:Magnum","hermit:BlackWind"],"picked":"hermit:HighNoon","floor":16},{"not_picked":["hermit:DeadMansHand"],"picked":"SKIP","floor":18},{"not_picked":["hermit:SprayPray"],"picked":"SKIP","floor":19},{"not_picked":["hermit:Vantage"],"picked":"SKIP","floor":22},{"not_picked":["hermit:LoneWolf"],"picked":"SKIP","floor":24},{"not_picked":["hermit:Coalescence"],"picked":"SKIP","floor":25},{"not_picked":["hermit:Misfire"],"picked":"SKIP","floor":28},{"not_picked":["hermit:Cheat"],"picked":"SKIP","floor":30},{"not_picked":["hermit:Midnight"],"picked":"SKIP","floor":35},{"not_picked":["hermit:WideOpen+1"],"picked":"SKIP","floor":36},{"not_picked":["hermit:Vantage"],"picked":"SKIP","floor":39},{"not_picked":["hermit:Horror+1"],"picked":"SKIP","floor":40},{"not_picked":["hermit:WideOpen"],"picked":"SKIP","floor":41},{"not_picked":["hermit:ItchyTrigger"],"picked":"SKIP","floor":44},{"not_picked":[],"picked":"hermit:Glare+1","floor":45},{"not_picked":["hermit:TrackingShot"],"picked":"SKIP","floor":46},{"not_picked":["hermit:Desperado"],"picked":"SKIP","floor":48},{"not_picked":["hermit:Manifest"],"picked":"SKIP","floor":54}],"player_experience":243306,"relics_obtained":[{"floor":9,"key":"Meat on the Bone"},{"floor":10,"key":"Du-Vu Doll"},{"floor":25,"key":"Regal Pillow"},{"floor":30,"key":"Orichalcum"},{"floor":40,"key":"Pantograph"},{"floor":43,"key":"Peace Pipe"},{"floor":45,"key":"Happy Flower"},{"floor":54,"key":"Vajra"}],"event_choices":[{"damage_healed":18,"gold_gain":0,"player_choice":"Healed","damage_taken":0,"max_hp_gain":0,"max_hp_loss":0,"event_name":"The Cleric","floor":13,"gold_loss":35},{"damage_healed":0,"gold_gain":0,"player_choice":"Ignored","damage_taken":0,"max_hp_gain":0,"max_hp_loss":0,"event_name":"NoteForYourself","floor":21,"gold_loss":0},{"damage_healed":0,"gold_gain":0,"player_choice":"Simplicity","damage_taken":0,"max_hp_gain":0,"max_hp_loss":0,"event_name":"Back to Basics","floor":31,"gold_loss":0,"cards_upgraded":["hermit:Strike_Hermit","hermit:Strike_Hermit","hermit:Strike_Hermit","hermit:Strike_Hermit","hermit:Defend_Hermit","hermit:Defend_Hermit","hermit:Defend_Hermit","hermit:Defend_Hermit"]},{"damage_healed":0,"gold_gain":0,"player_choice":"Ignored","damage_taken":0,"max_hp_gain":0,"max_hp_loss":0,"event_name":"SecretPortal","floor":38,"gold_loss":0},{"damage_healed":0,"gold_gain":0,"player_choice":"Got Potions","damage_taken":0,"max_hp_gain":0,"max_hp_loss":0,"event_name":"Lab","floor":47,"gold_loss":0}],"is_beta":false,"boss_relics":[{"not_picked":["hermit:ClaspedLocket","Black Star"],"picked":"Busted Crown"},{"not_picked":["Runic Dome","Astrolabe","Snecko Eye"]}],"items_purged_floors":[14],"is_endless":false,"potions_floor_spawned":[1,3,7,16,22,28,30,39,41,44,45,46,54],"killed_by":"The Heart","ascension_level":1}}