{"host":"xmrw7jl1ir2912vf","time":1611604071,"event":{"mods":["BaseMod","Minty Spire (QoL Compilation)","Relic Stats"],"gold_per_floor":[114,72,72,72,91,117,127,127,127,160,160,211,211,240,240,315,315,327,327,327,347,18,46,59,59,59,85,85,100,100,119,119,190,190,203,214,47,72,92,92,127,127,178,178,203,221,221,246,246,246,246,246,13,46,46,46],"floor_reached":55,"language":"ENG","playtime":3054,"items_purged":["Strike_R+1","Strike_R+1"],"score":1636,"play_id":"05dafbfc-4b98-4413-b8dd-f9340ecd2d74","local_time":"20210125144751","is_ascension_mode":true,"campfire_choices":[{"data":"Flex","floor":8,"key":"SMITH"},{"data":"Bludgeon","floor":11,"key":"SMITH"},{"data":"Seeing Red","floor":13,"key":"SMITH"},{"data":"Bash","floor":15,"key":"SMITH"},{"data":"True Grit","floor":25,"key":"SMITH"},{"data":"Inflame","floor":28,"key":"SMITH"},{"data":"Ghostly","floor":32,"key":"SMITH"},{"data":"Ghostly","floor":40,"key":"SMITH"},{"data":"Ghostly","floor":42,"key":"SMITH"},{"floor":49,"key":"RECALL"},{"data":"Malaise","floor":52,"key":"SMITH"}],"circlet_count":0,"master_deck":["AscendersBane","Strike_R+1","Strike_R+1","Strike_R+1","Defend_R+1","Defend_R+1","Defend_R+1","Defend_R+1","Bash+1","Whirlwind+1","Flex+1","Battle Trance","Seeing Red+1","Bludgeon+1","Headbutt","Impervious","Inflame+1","Feel No Pain","PanicButton","True Grit+1","Ghostly+1","Ghostly+1","Ghostly+1","Steam+1","Double Tap","Dash+1","Malaise+1","Mind Blast+1","Mayhem","Fusion","Swivel","Vengeance"],"relics":["Burning Blood","NeowsBlessing","Eternal Feather","Bag of Marbles","Vajra","Mercury Hourglass","Coffee Dripper","PrismaticShard","Letter Opener","Pocketwatch","MealTicket","Snecko Eye","Orrery","Torii","Lantern","Sundial","Oddly Smooth Stone","Whetstone","Gremlin Horn"],"acts_visited":["Exordium","TheCity","TheBeyond","TheEnding"],"potions_floor_usage":[10,12,16,33,45,48,50,55,55],"damage_taken":[{"damage":0,"enemies":"2 Louse","floor":1,"turns":1},{"damage":0,"enemies":"Cultist","floor":5,"turns":1},{"damage":0,"enemies":"3 Sentries","floor":6,"turns":1},{"damage":12,"enemies":"Jaw Worm","floor":7,"turns":2},{"damage":4,"enemies":"Gremlin Nob","floor":10,"turns":3},{"damage":6,"enemies":"Lots of Slimes","floor":12,"turns":4},{"damage":10,"enemies":"3 Sentries","floor":14,"turns":3},{"damage":34,"enemies":"The Guardian","floor":16,"turns":6},{"damage":11,"enemies":"2 Thieves","floor":18,"turns":3},{"damage":0,"enemies":"3 Byrds","floor":21,"turns":2},{"damage":0,"enemies":"Gremlin Leader","floor":23,"turns":2},{"damage":0,"enemies":"Snake Plant","floor":24,"turns":1},{"damage":12,"enemies":"Book of Stabbing","floor":27,"turns":3},{"damage":6,"enemies":"Cultist and Chosen","floor":29,"turns":3},{"damage":0,"enemies":"Sentry and Sphere","floor":31,"turns":4},{"damage":6,"enemies":"Champ","floor":33,"turns":10},{"damage":2,"enemies":"3 Darklings","floor":35,"turns":3},{"damage":0,"enemies":"Orb Walker","floor":36,"turns":2},{"damage":0,"enemies":"Mind Bloom Boss Battle","floor":38,"turns":5},{"damage":10,"enemies":"Transient","floor":39,"turns":6},{"damage":1,"enemies":"Giant Head","floor":41,"turns":6},{"damage":0,"enemies":"Reptomancer","floor":45,"turns":3},{"damage":0,"enemies":"3 Darklings","floor":46,"turns":3},{"damage":13,"enemies":"Giant Head","floor":48,"turns":6},{"damage":12,"enemies":"Donu and Deca","floor":50,"turns":7},{"damage":22,"enemies":"Shield and Spear","floor":54,"turns":8},{"damage":21,"enemies":"The Heart","floor":55,"turns":5}],"seed_played":"4815213524370060299","potions_obtained":[{"floor":5,"key":"GamblersBrew"},{"floor":7,"key":"FearPotion"},{"floor":10,"key":"ColorlessPotion"},{"floor":14,"key":"Strength Potion"},{"floor":18,"key":"Dexterity Potion"},{"floor":21,"key":"ColorlessPotion"},{"floor":33,"key":"Swift Potion"},{"floor":38,"key":"AttackPotion"},{"floor":45,"key":"DistilledChaos"}],"is_trial":false,"path_per_floor":["M","$","?","$","M","E","M","R","T","E","R","M","R","E","R","B",null,"M","?","?","M","$","E","M","R","T","E","R","M","?","M","R","B",null,"M","M","$","?","M","R","E","R","T","?","E","M","T","E","R","B",null,"R","$","E","B"],"character_chosen":"IRONCLAD","items_purchased":["Whirlwind","PrismaticShard","PanicButton","Orrery","DistilledChaos","FearPotion"],"campfire_rested":0,"item_purchase_floors":[2,22,22,37,53,53],"current_hp_per_floor":[74,74,74,74,75,75,69,75,75,75,75,75,75,71,75,47,68,63,63,63,69,69,75,75,75,75,69,75,75,37,37,37,37,37,37,37,37,37,33,37,37,37,37,27,33,37,37,30,37,31,36,37,37,21,0,0],"gold":46,"neow_bonus":"THREE_ENEMY_KILL","is_daily":false,"chose_seed":false,"campfire_upgraded":10,"win_rate":0.0,"timestamp":1611604071,"path_taken":["M","$","?","?","M","E","M","R","T","E","R","M","R","E","R","BOSS","M","?","?","?","$","E","M","R","T","E","R","M","?","M","R","BOSS","M","M","$","?","M","R","E","R","T","?","E","M","?","E","R","BOSS","R","$","E","BOSS"],"items_purchased_type":["Card","Relic","Card","Relic","Potion","Potion"],"build_version":"2020-12-22","purchased_purges":2,"victory":false,"max_hp_per_floor":[75,75,75,75,75,75,75,75,75,75,75,75,75,75,75,75,75,75,75,75,75,75,75,75,75,75,75,75,75,37,37,37,37,37,37,37,37,37,37,37,37,37,37,37,37,37,37,37,37,37,37,37,37,37,37,37],"relic_stats":{"Torii":23,"Gremlin Horn":[0,0],"counters":[27,102],"Eternal Feather":28,"Letter Opener":[160],"Whetstone":["Dash","Mind Blast"],"Burning Blood":108,"Mercury Hourglass":[313],"Sundial":[4],"Snecko Eye":[123,101,110,83],"MealTicket":0,"obtain_stats":[{"Lantern":41,"NeowsBlessing":0,"Torii":38,"Gremlin Horn":54,"Vajra":10,"Oddly Smooth Stone":47,"Eternal Feather":6,"Letter Opener":23,"Whetstone":48,"PrismaticShard":22,"Burning Blood":0,"Mercury Hourglass":14,"Sundial":45,"Snecko Eye":34,"Orrery":37,"MealTicket":27,"Bag of Marbles":9,"Coffee Dripper":17,"Pocketwatch":26},{"Lantern":21,"NeowsBlessing":0,"Torii":19,"Gremlin Horn":26,"Vajra":5,"Oddly Smooth Stone":23,"Eternal Feather":3,"Letter Opener":11,"Whetstone":24,"PrismaticShard":10,"Burning Blood":0,"Mercury Hourglass":7,"Sundial":22,"Snecko Eye":16,"Orrery":18,"MealTicket":13,"Bag of Marbles":4,"Coffee Dripper":8,"Pocketwatch":12},{"Lantern":70,"NeowsBlessing":0,"Torii":58,"Gremlin Horn":97,"Vajra":8,"Oddly Smooth Stone":76,"Eternal Feather":3,"Letter Opener":27,"Whetstone":82,"PrismaticShard":25,"Burning Blood":0,"Mercury Hourglass":15,"Sundial":73,"Snecko Eye":48,"Orrery":53,"MealTicket":31,"Bag of Marbles":5,"Coffee Dripper":21,"Pocketwatch":28}],"Pocketwatch":[81]},"card_choices":[{"not_picked":["Body Slam","Flex"],"picked":"Iron Wave","floor":1},{"not_picked":["Havoc","Anger"],"picked":"Flex","floor":5},{"not_picked":["Reckless Charge","Iron Wave"],"picked":"Battle Trance","floor":6},{"not_picked":["Havoc","Infernal Blade"],"picked":"Seeing Red","floor":7},{"not_picked":["Perfected Strike","Clash"],"picked":"Bludgeon","floor":10},{"not_picked":["Infernal Blade","Body Slam","Feel No Pain"],"picked":"SKIP","floor":12},{"not_picked":["Thunderclap","Uppercut"],"picked":"Headbutt","floor":14},{"not_picked":["Juggernaut","Exhume"],"picked":"Impervious","floor":16},{"not_picked":["Armaments+1","Infernal Blade"],"picked":"Inflame","floor":18},{"not_picked":["Clothesline","Blood for Blood"],"picked":"Feel No Pain","floor":21},{"not_picked":["Flex","Flying Knee"],"picked":"True Grit","floor":23},{"not_picked":["Blind","Rip and Tear","Impatience"],"picked":"SKIP","floor":24},{"not_picked":["Sweeping Beam","Thunder Strike","Scrape"],"picked":"SKIP","floor":27},{"not_picked":["Conserve Battery","Dodge and Roll+1","Finisher"],"picked":"SKIP","floor":29},{"not_picked":["Distraction","Tempest"],"picked":"Steam+1","floor":31},{"not_picked":["Envenom","ConjureBlade"],"picked":"Double Tap","floor":33},{"not_picked":["Flex+1","Flying Knee","Dagger Spray"],"picked":"SKIP","floor":35},{"not_picked":["Crescendo+1","Well Laid Plans","JustLucky"],"picked":"SKIP","floor":36},{"not_picked":["Armaments","Rage+1"],"picked":"Dash","floor":37},{"not_picked":["Concentrate","Iron Wave"],"picked":"Malaise","floor":37},{"not_picked":["CrushJoints","Dagger Spray","Deadly Poison"],"picked":"SKIP","floor":39},{"not_picked":["Protect","Jack Of All Trades"],"picked":"Mind Blast","floor":41},{"not_picked":["Swift Strike","Good Instincts"],"picked":"Mayhem","floor":44},{"not_picked":["Blade Dance","Warcry","Conserve Battery+1"],"picked":"SKIP","floor":45},{"not_picked":["CarveReality","Disarm"],"picked":"Fusion","floor":46},{"not_picked":["Study","Electrodynamics"],"picked":"Swivel","floor":48},{"not_picked":["Swivel","Prostrate"],"picked":"Vengeance","floor":54}],"player_experience":457653,"relics_obtained":[{"floor":6,"key":"Eternal Feather"},{"floor":9,"key":"Bag of Marbles"},{"floor":10,"key":"Vajra"},{"floor":14,"key":"Mercury Hourglass"},{"floor":23,"key":"Letter Opener"},{"floor":26,"key":"Pocketwatch"},{"floor":27,"key":"MealTicket"},{"floor":38,"key":"Torii"},{"floor":41,"key":"Lantern"},{"floor":45,"key":"Sundial"},{"floor":47,"key":"Oddly Smooth Stone"},{"floor":48,"key":"Whetstone"},{"floor":54,"key":"Gremlin Horn"}],"event_choices":[{"damage_healed":0,"gold_gain":0,"player_choice":"Upgraded","damage_taken":0,"max_hp_gain":0,"max_hp_loss":0,"event_name":"Upgrade Shrine","floor":3,"gold_loss":0,"cards_upgraded":["Whirlwind"]},{"damage_healed":0,"gold_gain":0,"player_choice":"Simplicity","damage_taken":0,"max_hp_gain":0,"max_hp_loss":0,"event_name":"Back to Basics","floor":19,"gold_loss":0,"cards_upgraded":["Strike_R","Strike_R","Strike_R","Strike_R","Strike_R","Defend_R","Defend_R","Defend_R","Defend_R"]},{"cards_removed":["Iron Wave"],"damage_healed":0,"gold_gain":0,"player_choice":"Purged","damage_taken":0,"max_hp_gain":0,"max_hp_loss":0,"event_name":"Purifier","floor":20,"gold_loss":0},{"damage_healed":0,"gold_gain":0,"player_choice":"Became a Ghost","damage_taken":0,"max_hp_gain":0,"max_hp_loss":38,"event_name":"Ghosts","floor":30,"gold_loss":0,"cards_obtained":["Ghostly","Ghostly","Ghostly"]},{"damage_healed":0,"gold_gain":0,"player_choice":"Fight","damage_taken":0,"max_hp_gain":0,"max_hp_loss":0,"event_name":"MindBloom","floor":38,"gold_loss":0},{"damage_healed":0,"gold_gain":0,"player_choice":"Memory 3","damage_taken":10,"max_hp_gain":0,"max_hp_loss":0,"event_name":"SensoryStone","floor":44,"gold_loss":0}],"is_beta":false,"boss_relics":[{"not_picked":["SacredBark","Black Blood"],"picked":"Coffee Dripper"},{"not_picked":["Runic Pyramid","Philosopher\u0027s Stone"],"picked":"Snecko Eye"}],"items_purged_floors":[22,53],"is_endless":false,"potions_floor_spawned":[5,7,10,14,18,21,29,33,38,39,45,54],"killed_by":"The Heart","ascension_level":18}}