{"host":"pec1bvkeldr5yzx1","time":1611563591,"event":{"mods":["ATMod(°¢èªMod)","AchievementEnabler","Act Like it!","Aspiration","BaseMod","Better Altar","Better Match","Better Sensory Stone","Better Skull","Better Vampires","BetterRewards","Conspire","Dota2Spire","Energized Spire","Friendly Minions","GifTheSpireLib","Hubris","Minty Spire (QoL Compilation)","Replay The Spire","Spicy Shops","StSLib","Stuff the Spire","SuperFastMode","óô»ðÖ¸ÄÏ"],"gold_per_floor":[109,127,140,140,19,49,62,89,141,166,177,177,196,215,215,319,319,337,353,353,353,18,46,46,80,128,139,139,139,152,162,162,262,262,279,289,229,245,255,281,281,311,311,345,364,364,417,431,431,431,431],"floor_reached":50,"language":"ZHS","playtime":1771,"items_purged":["Clumsy"],"score":1142,"play_id":"a018ae06-ee44-49ed-ad01-e21824ffc89d","local_time":"20210125163311","is_ascension_mode":true,"campfire_choices":[{"floor":15,"key":"RECALL"},{"data":"conspire:Banana","floor":24,"key":"SMITH"},{"data":"Corruption","floor":32,"key":"SMITH"}],"circlet_count":0,"master_deck":["Strike_R","Strike_R","Strike_R","Strike_R","Strike_R","Defend_R","Defend_R","Defend_R","Defend_R","Bash","Heavy Blade","Heavy Blade","AT_ShrugMaster","Beam Cell","Rampage","FTL","Thunderclap","Cleave","Flex","Whirlwind","Whirlwind","StuffTheSpire:Pyroclast","ReplayTheSpireMod:Omega Cannon","Twin Strike+1","Headbutt","Combust+1","AT_IchimonjiDouble","Clothesline","Replay:Undeath\u0027s Touch","conspire:Banana+1","Corruption+1","Pommel Strike+1","Uppercut","Wild Strike","Havoc","Flex","Twin Strike+1","Anger","Whirlwind+1","StuffTheSpire:RagingBull","AT_DrawKnifeCut","Clash+1","Clothesline","Exhume","ReplayTheSpireMod:Corrosion Curse+1","Thunderclap+1","Warcry","Heavy Blade","hubris:SharpeningStone+1","conspire:Charge+1","Exhume","AT_Dispersion","AT_BodySlamDance+1","Flame Barrier+1","Pommel Strike+1","Anger","Warcry","Anger+1","Headbutt+1","True Grit+1","ReplayTheSpireMod:Strike From Hell+1","Defy Death","Clash","AT_BodySlamDance","Pain"],"relics":["Burning Blood","AT_ATBox","aspiration:Nostalgia","Iron Core","hubris:Spice","Onion Ring","Brimstone","Mummified Hand","Anchor","energizedSpire:StickyHand","Enchiridion","aspiration:RitualStick","Replay:Kaleidoscope","FossilizedHelix","Bloody Idol","hubris:Stopwatch","Ornamental Fan","hubris:Towel","Replay:Baseball","WarpedTongs"],"acts_visited":["Exordium","TheCity","TheBeyond"],"potions_floor_usage":[8,33],"damage_taken":[{"damage":0,"enemies":"2 Louse","floor":1,"turns":2},{"damage":0,"enemies":"Cultist","floor":2,"turns":2},{"damage":0,"enemies":"Jaw Worm","floor":3,"turns":1},{"damage":0,"enemies":"Gremlin Nob","floor":6,"turns":2},{"damage":0,"enemies":"Exordium Wildlife","floor":7,"turns":2},{"damage":0,"enemies":"Lagavulin","floor":8,"turns":2},{"damage":1,"enemies":"3 Sentries","floor":10,"turns":3},{"damage":0,"enemies":"Large Slime","floor":11,"turns":1},{"damage":0,"enemies":"Exordium Thugs","floor":13,"turns":2},{"damage":0,"enemies":"2 Fungi Beasts","floor":14,"turns":1},{"damage":26,"enemies":"The Guardian","floor":16,"turns":3},{"damage":0,"enemies":"2 Thieves","floor":18,"turns":1},{"damage":0,"enemies":"3 Byrds","floor":19,"turns":1},{"damage":0,"enemies":"Book of Stabbing","floor":23,"turns":2},{"damage":1,"enemies":"Replay:Snechameleon","floor":25,"turns":2},{"damage":0,"enemies":"Shelled Parasite and Fungi","floor":27,"turns":2},{"damage":0,"enemies":"3 Cultists","floor":30,"turns":2},{"damage":0,"enemies":"Chosen and Byrds","floor":31,"turns":1},{"damage":12,"enemies":"hubris:MusketHawk","floor":33,"turns":4},{"damage":6,"enemies":"3 Shapes","floor":35,"turns":2},{"damage":0,"enemies":"Orb Walker","floor":36,"turns":1},{"damage":0,"enemies":"Sphere and 2 Shapes","floor":38,"turns":1},{"damage":0,"enemies":"Transient","floor":39,"turns":5},{"damage":0,"enemies":"Reptomancer","floor":40,"turns":1},{"damage":6,"enemies":"Nemesis","floor":42,"turns":3},{"damage":0,"enemies":"Giant Head","floor":44,"turns":2},{"damage":0,"enemies":"3 Darklings","floor":45,"turns":2},{"damage":0,"enemies":"Jaw Worm Horde","floor":48,"turns":2},{"damage":31,"enemies":"conspire:OrnateMirror","floor":50,"turns":1}],"seed_played":"-6292443898841735440","potions_obtained":[{"floor":2,"key":"LiquidBronze"},{"floor":3,"key":"DuplicationPotion"},{"floor":6,"key":"GamblersBrew"},{"floor":7,"key":"DuplicationPotion"},{"floor":11,"key":"Venom Potion"},{"floor":23,"key":"SteroidPotion"},{"floor":33,"key":"GamblersBrew"},{"floor":38,"key":"AttackPotion"},{"floor":40,"key":"AttackPotion"}],"is_trial":false,"path_per_floor":["M","M","M","?","$","E","M","E","T","E","M","?","M","M","R","B",null,"M","M","?","?","$","E","R","E","T","M","?","?","M","M","R","B",null,"M","M","?","M","M","E","?","E","T","E","M","?","T","M","R","B"],"character_chosen":"IRONCLAD","items_purchased":["aspiration:Nostalgia","Onion Ring","Brimstone","Heavy Blade","AT_ShrugMaster","hubris:Spice","Replay:Undeath\u0027s Touch","conspire:Banana","hubris:Spice"],"campfire_rested":0,"item_purchase_floors":[0,0,0,0,0,5,22,22,22],"current_hp_per_floor":[50,56,62,62,70,76,82,88,80,64,64,64,64,64,64,44,59,56,56,40,29,29,35,35,40,40,48,11,11,22,35,35,36,44,46,46,46,38,42,26,26,18,10,6,6,6,6,6,6,0,0],"gold":431,"neow_bonus":"","is_daily":false,"chose_seed":false,"campfire_upgraded":2,"win_rate":0.0,"timestamp":1611563591,"path_taken":["M","M","M","?","$","E","?","E","T","E","M","?","M","?","R","BOSS","M","M","?","?","$","E","R","E","T","?","?","?","M","?","R","BOSS","M","M","?","M","?","E","?","E","T","E","M","?","?","?","R","BOSS"],"items_purchased_type":["Relic","Relic","Relic","Card","Card","Relic","Card","Card","Relic"],"build_version":"2020-12-22","purchased_purges":1,"victory":false,"max_hp_per_floor":[88,88,88,88,96,96,96,88,80,64,64,64,64,64,64,64,64,56,56,56,56,48,48,48,48,48,50,50,50,42,44,44,46,46,46,46,46,38,42,26,26,18,10,6,6,6,6,6,6,6,6],"card_choices":[{"not_picked":["Armaments","Steam Power"],"picked":"Beam Cell","floor":1},{"not_picked":["Twin Strike","Armaments"],"picked":"Rampage","floor":2},{"not_picked":["Run Through","Blood for Blood"],"picked":"FTL","floor":3},{"not_picked":["Rip and Tear","Havoc"],"picked":"Thunderclap","floor":6},{"not_picked":["Heavy Blade","Wild Strike"],"picked":"Cleave","floor":7},{"not_picked":["hubris:CleavingFinish","hubris:SpiceAddiction"],"picked":"Flex","floor":8},{"not_picked":["Body Slam","Shrug It Off"],"picked":"hubris:SpiceAddiction","floor":10},{"not_picked":["ReplayTheSpireMod:Muscle Training","AT_BodySlamDance"],"picked":"Whirlwind","floor":11},{"not_picked":["Feel No Pain","Hemokinesis"],"picked":"Whirlwind","floor":13},{"not_picked":["Capacitor","Perfected Strike"],"picked":"StuffTheSpire:Pyroclast","floor":14},{"not_picked":["Berserk","Replay:Many Hands"],"picked":"ReplayTheSpireMod:Omega Cannon","floor":16},{"not_picked":["Twin Strike+1","hubris:SpiceAddiction"],"picked":"Headbutt","floor":18},{"not_picked":["Combust+1","Clothesline"],"picked":"AT_IchimonjiDouble","floor":19},{"not_picked":["Corruption","Uppercut"],"picked":"Pommel Strike+1","floor":23},{"not_picked":["Wild Strike","Havoc"],"picked":"Flex","floor":25},{"not_picked":["Twin Strike+1","ReplayReversal"],"picked":"Combust","floor":27},{"not_picked":["Whirlwind+1","hubris:SpiceAddiction"],"picked":"StuffTheSpire:RagingBull","floor":30},{"not_picked":["AT_DrawKnifeCut","Clothesline"],"picked":"Clash+1","floor":31},{"not_picked":["Barricade","Hemogenesis"],"picked":"Exhume","floor":33},{"not_picked":["ReplayTheSpireMod:Corrosion Curse+1","Warcry"],"picked":"Thunderclap+1","floor":35},{"not_picked":["Heavy Blade","conspire:Charge+1"],"picked":"hubris:SharpeningStone+1","floor":36},{"not_picked":["hubris:SpiceAddiction","AT_BodySlamDance+1"],"picked":"Flame Barrier+1","floor":38},{"not_picked":["Pommel Strike+1","Warcry"],"picked":"Anger","floor":39},{"not_picked":["hubris:SpiceAddiction","hubris:SpiceAddiction"],"picked":"Anger+1","floor":40},{"not_picked":["AT_IchimonjiDouble","Blood for Blood+1","Shockwave+1"],"picked":"SKIP","floor":42},{"not_picked":["hubris:SpiceAddiction","hubris:SpiceAddiction","AT_ShrugMaster+1"],"picked":"SKIP","floor":44},{"not_picked":["Headbutt+1","ReplayTheSpireMod:Strike From Hell+1"],"picked":"True Grit+1","floor":45},{"not_picked":["Defy Death","AT_BodySlamDance"],"picked":"Clash","floor":48}],"player_experience":96970,"relics_obtained":[{"floor":6,"key":"Anchor"},{"floor":8,"key":"hubris:Spice"},{"floor":9,"key":"hubris:Spice"},{"floor":10,"key":"hubris:Spice"},{"floor":20,"key":"Enchiridion"},{"floor":23,"key":"Replay:Kaleidoscope"},{"floor":25,"key":"FossilizedHelix"},{"floor":40,"key":"Ornamental Fan"},{"floor":42,"key":"hubris:Spice"},{"floor":43,"key":"hubris:Spice"},{"floor":44,"key":"hubris:Spice"},{"floor":47,"key":"Replay:Baseball"}],"event_choices":[{"damage_healed":0,"gold_gain":0,"player_choice":"Gave Potion","damage_taken":0,"relics_obtained":["Mummified Hand"],"max_hp_gain":0,"max_hp_loss":0,"event_name":"WeMeetAgain","floor":4,"gold_loss":0},{"damage_healed":0,"gold_gain":0,"player_choice":"Bought 0 Potions","damage_taken":0,"max_hp_gain":0,"max_hp_loss":0,"event_name":"The Woman in Blue","floor":12,"gold_loss":0},{"damage_healed":0,"gold_gain":0,"player_choice":"Obtained Book","damage_taken":16,"max_hp_gain":0,"max_hp_loss":0,"event_name":"Cursed Tome","floor":20,"gold_loss":0},{"damage_healed":0,"gold_gain":0,"player_choice":" Idol Potion ","damage_taken":37,"relics_obtained":["Bloody Idol"],"max_hp_gain":48,"max_hp_loss":11,"event_name":"betterAltar:BetterAltar","floor":28,"potions_obtained":["betterAltar:AltarPotion"],"relics_lost":[],"gold_loss":0},{"damage_healed":0,"gold_gain":0,"cards_transformed":["Combust"],"player_choice":"Transformed","damage_taken":0,"max_hp_gain":0,"max_hp_loss":0,"event_name":"Transmorgrifier","floor":29,"gold_loss":0,"cards_obtained":["Anger"]},{"damage_healed":0,"gold_gain":0,"cards_transformed":["Hemogenesis","ReplayReversal"],"player_choice":"Transformed Cards","damage_taken":0,"max_hp_gain":0,"max_hp_loss":0,"event_name":"Designer","floor":37,"gold_loss":60,"cards_obtained":["Exhume","AT_Dispersion"]},{"cards_removed":["Barricade"],"damage_healed":0,"gold_gain":0,"player_choice":"Removed Power","damage_taken":0,"max_hp_gain":0,"max_hp_loss":0,"event_name":"Falling","floor":46,"gold_loss":0},{"damage_healed":0,"gold_gain":0,"player_choice":"Rummage","damage_taken":0,"relics_obtained":["WarpedTongs"],"max_hp_gain":0,"max_hp_loss":0,"event_name":"Accursed Blacksmith","floor":49,"gold_loss":0,"cards_obtained":["Pain"]}],"is_beta":false,"boss_relics":[{"not_picked":["Philosopher\u0027s Stone","Runic Cube"],"picked":"energizedSpire:StickyHand"},{"not_picked":["hubris:Spice","hubris:Spice"],"picked":"hubris:Stopwatch"}],"items_purged_floors":[22],"is_endless":false,"potions_floor_spawned":[2,3,6,7,11,23,25,33,38,40,44,45],"killed_by":"conspire:OrnateMirror","ascension_level":6}}