{"host":"uy3vg6glkp8m6iit","time":1611543539,"event":{"mods":["AchievementEnabler","BaseMod","Colored Map","DeckTracker","Highlight Path","Keyboard Shortcuts","Minty Spire (QoL Compilation)","Quick Restart","Random Character Button","Rare Cards Sparkle","Relic Stats","StSLib","everything is the same but u backflip on backflip"],"gold_per_floor":[12,12,12,26,43,43,73,148,174,174,206,221,221,239,239,313,313,331,331,105,119,136,136,156,188,188,18,117,117,117,137,137,213,213,232,23,41,55,103,132,132,151,151,151,76,94,124,124,124,124,124,124,36,66,66],"floor_reached":56,"language":"KOR","playtime":3348,"items_purged":["Strike_G","Defend_G","Dagger Spray+1","Defend_G","Defend_G"],"score":2162,"play_id":"5e6fab71-2e47-4b71-84c8-1262e018d6c4","local_time":"20210125115859","is_ascension_mode":true,"campfire_choices":[{"data":"Dagger Spray","floor":6.0,"key":"SMITH"},{"data":"Bouncing Flask","floor":10.0,"key":"SMITH"},{"data":"Neutralize","floor":15.0,"key":"SMITH"},{"data":"Tactician","floor":23.0,"key":"SMITH"},{"floor":32.0,"key":"REST"},{"data":"Well Laid Plans","floor":41.0,"key":"SMITH"},{"floor":44.0,"key":"RECALL"},{"data":"Calculated Gamble","floor":49.0,"key":"SMITH"},{"data":"Venomology","floor":52.0,"key":"SMITH"}],"circlet_count":0,"master_deck":["AscendersBane","Survivor","Neutralize+1","Venomology+1","Die Die Die+1","Bouncing Flask+1","Tactician+1","Adrenaline","PiercingWail+1","Reflex+1","Prepared+1","Acrobatics","Backflip+1","Corpse Explosion","After Image","Well Laid Plans+1","Deflect","Escape Plan","Grand Finale+1","Calculated Gamble+1","Acrobatics+1"],"relics":["Ring of the Snake","Juzu Bracelet","Omamori","Akabeko","Astrolabe","OrangePellets","Art of War","White Beast Statue","Empty Cage","Membership Card","Bird Faced Urn","Orichalcum","Mercury Hourglass","Whetstone"],"acts_visited":["Exordium","TheCity","TheBeyond","TheEnding"],"potions_floor_usage":[55,55],"damage_taken":[{"damage":0.0,"enemies":"Jaw Worm","floor":1.0,"turns":5.0},{"damage":1.0,"enemies":"Cultist","floor":4.0,"turns":4.0},{"damage":0.0,"enemies":"Small Slimes","floor":5.0,"turns":5.0},{"damage":22.0,"enemies":"Gremlin Nob","floor":7.0,"turns":4.0},{"damage":6.0,"enemies":"3 Sentries","floor":11.0,"turns":6.0},{"damage":0.0,"enemies":"Exordium Thugs","floor":12.0,"turns":4.0},{"damage":0.0,"enemies":"Looter","floor":14.0,"turns":1.0},{"damage":12.0,"enemies":"The Guardian","floor":16.0,"turns":13.0},{"damage":1.0,"enemies":"Spheric Guardian","floor":18.0,"turns":3.0},{"damage":16.0,"enemies":"Shell Parasite","floor":21.0,"turns":6.0},{"damage":9.0,"enemies":"Snake Plant","floor":22.0,"turns":5.0},{"damage":6.0,"enemies":"Sentry and Sphere","floor":24.0,"turns":4.0},{"damage":0.0,"enemies":"Slavers","floor":25.0,"turns":2.0},{"damage":0.0,"enemies":"Cultist and Chosen","floor":31.0,"turns":3.0},{"damage":0.0,"enemies":"Automaton","floor":33.0,"turns":9.0},{"damage":0.0,"enemies":"Orb Walker","floor":35.0,"turns":3.0},{"damage":0.0,"enemies":"3 Shapes","floor":37.0,"turns":4.0},{"damage":3.0,"enemies":"Maw","floor":38.0,"turns":6.0},{"damage":0.0,"enemies":"2 Orb Walkers","floor":39.0,"turns":1.0},{"damage":19.0,"enemies":"Nemesis","floor":40.0,"turns":7.0},{"damage":0.0,"enemies":"Transient","floor":42.0,"turns":4.0},{"damage":0.0,"enemies":"Spire Growth","floor":46.0,"turns":3.0},{"damage":0.0,"enemies":"Giant Head","floor":47.0,"turns":2.0},{"damage":0.0,"enemies":"Awakened One","floor":50.0,"turns":4.0},{"damage":26,"enemies":"Shield and Spear","floor":54,"turns":3},{"damage":22,"enemies":"The Heart","floor":55,"turns":5}],"seed_played":"-2072716553529489848","potions_obtained":[{"floor":1.0,"key":"Energy Potion"},{"floor":5.0,"key":"CultistPotion"},{"floor":18.0,"key":"Regen Potion"},{"floor":31.0,"key":"BlessingOfTheForge"},{"floor":33.0,"key":"Fire Potion"},{"floor":35.0,"key":"DuplicationPotion"},{"floor":39.0,"key":"SpeedPotion"},{"floor":40.0,"key":"Energy Potion"}],"is_trial":false,"path_per_floor":["M","?","$","M","M","R","E","?","T","R","E","M","?","M","R","B",null,"M","?","$","M","M","R","M","E","T","$","?","?","?","M","R","B",null,"M","$","M","M","?","E","R","M","T","R","$","M","E","?","R","B",null,"R","$","E","B",null],"character_chosen":"THE_SILENT","items_purchased":["OrangePellets","Well Laid Plans","Membership Card"],"campfire_rested":1,"item_purchase_floors":[20,27,36],"current_hp_per_floor":[59,59,59,58,58,58,36,30,30,30,24,24,24,24,24,12,53,52,40,40,39,30,30,24,24,24,24,24,24,24,24,45,45,65,65,65,65,62,62,47,47,51,51,51,51,55,59,59,59,63,69,69,69,45,27],"gold":66,"neow_bonus":"THREE_RARE_CARDS","is_daily":false,"chose_seed":false,"campfire_upgraded":7,"win_rate":0.0,"timestamp":1611543539,"path_taken":["M","?","?","M","M","R","E","?","T","R","E","M","?","M","R","BOSS","M","?","$","M","M","R","M","E","T","$","?","?","?","M","R","BOSS","M","$","M","M","?","E","R","M","T","R","$","M","E","?","R","BOSS","R","$","E","BOSS"],"items_purchased_type":["Relic","Card","Relic"],"build_version":"2020-12-22","purchased_purges":5,"victory":true,"max_hp_per_floor":[66,66,66,66,66,66,66,66,66,66,66,66,66,66,66,66,66,66,71,71,71,71,71,71,71,71,71,71,71,71,71,71,71,71,71,71,71,71,71,71,71,71,71,71,71,71,71,71,71,71,71,71,71,71,71],"relic_stats":{"OrangePellets":[6],"counters":[26,116],"Astrolabe":["PiercingWail","Reflex","Prepared"],"Bird Faced Urn":[26],"Juzu Bracelet":1,"Art of War":[9],"Whetstone":["Grand Finale","Die Die Die"],"Orichalcum":[6],"obtain_stats":[{"Astrolabe":17,"Juzu Bracelet":7,"Omamori":9,"Whetstone":54,"Orichalcum":40,"Empty Cage":34,"Akabeko":11,"White Beast Statue":26,"Mercury Hourglass":47,"OrangePellets":20,"Bird Faced Urn":39,"Art of War":25,"Membership Card":36,"Ring of the Snake":0},{"Astrolabe":8,"Juzu Bracelet":4,"Omamori":4,"Whetstone":25,"Orichalcum":20,"Empty Cage":15,"Akabeko":5,"White Beast Statue":13,"Mercury Hourglass":23,"OrangePellets":9,"Bird Faced Urn":19,"Art of War":13,"Membership Card":16,"Ring of the Snake":0},{"Astrolabe":42,"Juzu Bracelet":18,"Omamori":18,"Whetstone":111,"Orichalcum":95,"Empty Cage":74,"Akabeko":24,"White Beast Statue":62,"Mercury Hourglass":104,"OrangePellets":45,"Bird Faced Urn":88,"Art of War":62,"Membership Card":77,"Ring of the Snake":0}],"Ring of the Snake":[52],"Mercury Hourglass":[57]},"card_choices":[{"not_picked":["After Image","Doppelganger"],"picked":"Venomology","floor":0.0},{"not_picked":["Flechettes","Choke"],"picked":"Cloak And Dagger","floor":1.0},{"not_picked":["Slice","Dagger Throw"],"picked":"Dagger Spray","floor":4.0},{"not_picked":["Finisher","Choke"],"picked":"Die Die Die","floor":5.0},{"not_picked":["Infinite Blades","Poisoned Stab"],"picked":"Bouncing Flask","floor":7.0},{"not_picked":["Footwork","Sucker Punch"],"picked":"Tactician","floor":11.0},{"not_picked":["Tactician","Poisoned Stab","Dodge and Roll"],"picked":"SKIP","floor":12.0},{"not_picked":["Deflect","Underhanded Strike","Flying Knee"],"picked":"SKIP","floor":14.0},{"not_picked":["Glass Knife","Envenom"],"picked":"Adrenaline","floor":16.0},{"not_picked":["Caltrops","Deflect"],"picked":"Acrobatics","floor":18.0},{"not_picked":["Poisoned Stab","Leg Sweep"],"picked":"Backflip+1","floor":21.0},{"not_picked":["Heel Hook","Escape Plan","Flying Knee"],"picked":"SKIP","floor":22.0},{"not_picked":["Deflect","Blade Dance"],"picked":"Corpse Explosion","floor":24.0},{"not_picked":["Flying Knee+1","Bane"],"picked":"After Image","floor":25.0},{"not_picked":["Setup","Acrobatics","Dagger Spray"],"picked":"SKIP","floor":31.0},{"not_picked":["Corpse Explosion","Night Terror"],"picked":"Grand Finale","floor":33.0},{"not_picked":["Backstab","Terror"],"picked":"Calculated Gamble","floor":35.0},{"not_picked":["Noxious Fumes","Accuracy"],"picked":"Acrobatics+1","floor":37.0},{"not_picked":["Slice","Flechettes","Choke+1"],"picked":"SKIP","floor":38.0},{"not_picked":["Blade Dance","Bane","Caltrops"],"picked":"SKIP","floor":40.0},{"not_picked":["Terror","Prepared","Well Laid Plans"],"picked":"SKIP","floor":42.0},{"not_picked":["Dodge and Roll","Cloak And Dagger+1","Poisoned Stab"],"picked":"SKIP","floor":46.0},{"not_picked":["Blade Dance","Outmaneuver","Flying Knee"],"picked":"SKIP","floor":47.0},{"not_picked":["Bullet Time","Underhanded Strike","Deflect"],"picked":"SKIP","floor":54}],"player_experience":1492106,"relics_obtained":[{"floor":7.0,"key":"Juzu Bracelet"},{"floor":9.0,"key":"Omamori"},{"floor":11.0,"key":"Akabeko"},{"floor":25.0,"key":"Art of War"},{"floor":26.0,"key":"White Beast Statue"},{"floor":39.0,"key":"Bird Faced Urn"},{"floor":40.0,"key":"Orichalcum"},{"floor":47.0,"key":"Mercury Hourglass"},{"floor":54,"key":"Whetstone"}],"event_choices":[{"damage_healed":0.0,"max_hp_gain":0.0,"max_hp_loss":0.0,"gold_gain":0.0,"cards_transformed":["Strike_G"],"event_name":"Living Wall","player_choice":"Change","floor":2.0,"gold_loss":0.0,"damage_taken":0.0,"cards_obtained":["Slice"]},{"damage_healed":0.0,"max_hp_gain":0.0,"max_hp_loss":0.0,"gold_gain":75.0,"event_name":"FaceTrader","player_choice":"Touch","floor":8.0,"gold_loss":0.0,"damage_taken":6.0},{"damage_healed":0.0,"max_hp_gain":0.0,"max_hp_loss":0.0,"gold_gain":0.0,"event_name":"Liars Game","player_choice":"Ignored","floor":13.0,"gold_loss":0.0,"damage_taken":0.0},{"damage_healed":0.0,"max_hp_gain":5.0,"max_hp_loss":0.0,"gold_gain":0.0,"event_name":"Forgotten Altar","player_choice":"Shed Blood","floor":19.0,"gold_loss":0.0,"damage_taken":17.0},{"damage_healed":0.0,"max_hp_gain":0.0,"max_hp_loss":0.0,"gold_gain":99.0,"event_name":"Nest","player_choice":"Stole From Cult","floor":28.0,"gold_loss":0.0,"damage_taken":0.0},{"damage_healed":0.0,"max_hp_gain":0.0,"max_hp_loss":0.0,"gold_gain":0.0,"cards_transformed":["Strike_G","Defend_G"],"event_name":"Drug Dealer","player_choice":"Became Test Subject","floor":29.0,"gold_loss":0.0,"damage_taken":0.0,"cards_obtained":["Deflect","Escape Plan"]},{"damage_healed":0.0,"max_hp_gain":0.0,"max_hp_loss":0.0,"gold_gain":0.0,"event_name":"Ghosts","player_choice":"Ignored","floor":30.0,"gold_loss":0.0,"damage_taken":0.0},{"damage_healed":0.0,"max_hp_gain":0.0,"max_hp_loss":0.0,"gold_gain":0.0,"event_name":"Mysterious Sphere","player_choice":"Fight","floor":39.0,"gold_loss":0.0,"damage_taken":0.0},{"damage_healed":0.0,"max_hp_gain":0.0,"max_hp_loss":0.0,"gold_gain":0.0,"event_name":"Lab","player_choice":"Got Potions","floor":48.0,"gold_loss":0.0,"damage_taken":0.0}],"is_beta":false,"boss_relics":[{"not_picked":["Black Star","WristBlade"],"picked":"Astrolabe"},{"not_picked":["Calling Bell","Sozu"],"picked":"Empty Cage"}],"items_purged_floors":[20,27,36,45,53],"is_endless":false,"potions_floor_spawned":[1,5,7,14,18,22,31,33,35,37,38,39,40,42,46,47,54],"ascension_level":14}}