{"host":"xhd4yuu3rnu1c5xc","time":1611545853,"event":{"mods":["ATMod(°¢èªMod)","Act Like it!","Aspiration","BaseMod","Better Altar","Better Note","Better Sensory Stone","Better Skull","Better Third Choice","Better Vampires","Better-Laid Plans","Conspire","Displayed Cursed Tome","Dota2Spire","Downfall","Emptier Cage","Energized Spire","Gensokyo","GungeonMod","Hubris","Lobotomy","Marisa£¨ìFÓê¡¡Ä§ÀíÉ³£©","Minty Spire (QoL Compilation)","Mirrors Mod","MostiFishMod","Pale of the Ancients","Potion Indicator Mod","Quick Restart","Relic Stats","Reorder Act Four","Replay The Spire","RumiaBox-Â¶Ã×æ«µÄÉñÃØºÐ×Ó","SacredBarkPlus","StSLib","TestMod","The Jungle","Transform Curses","Uncapped","[IsaacMod]ÒÔÈö¼âËþ","¡¾¹¦ÄÜMod¡¿»ìãçÖ®»·ÐÞ¸´²¹¶¡","¡¾ÒÅÎï¿¨ÅÆ¡¿REMEMod","óô»ðÖ¸ÄÏ"],"gold_per_floor":[112,37,37,37,68,68,68,68,68],"floor_reached":8,"language":"ZHS","playtime":227,"items_purged":["Strike_P"],"score":84,"play_id":"fd406bdc-29bd-41b3-9f9d-1a7449f8505b","local_time":"20210125113733","is_ascension_mode":true,"campfire_choices":[{"data":"Eruption","floor":6.0,"key":"SMITH"}],"circlet_count":0,"master_deck":["AscendersBane","Strike_P","Strike_P+1","Strike_P+1","Defend_P","Defend_P","Defend_P","Defend_P","Eruption+1","Vigilance","Glass Knife","AT_WaterDrop"],"relics":["PureWater","testmod-TestBox","HushsDoor","DaveBox","AT_ATBox","REME_ComplimentaryCards","testmod-Antiphasic","MaYiHuaBei","ThornShield","aspiration:Nostalgia","Cracked Core","SynthV:TestCard","Toxic Egg 2","Replay:Baseball"],"acts_visited":["Exordium"],"potions_floor_usage":[],"damage_taken":[{"damage":5.0,"enemies":"Small Slimes","floor":1.0,"turns":2.0},{"damage":20.0,"enemies":"2 Louse","floor":5.0,"turns":6.0},{"damage":20,"enemies":"3 Sentries","floor":8,"turns":5}],"seed_played":"4991144992179650663","potions_obtained":[],"is_trial":false,"path_per_floor":["M","$","?","?","?","R","?","E"],"character_chosen":"WATCHER","items_purchased":[],"campfire_rested":0,"item_purchase_floors":[],"current_hp_per_floor":[56,56,56,41,26,26,19,0,0],"gold":68,"neow_bonus":"NOSTALGIA","is_daily":false,"chose_seed":false,"campfire_upgraded":1,"win_rate":0.0,"timestamp":1611545853,"path_taken":["M","$","?","?","?","R","?","E"],"items_purchased_type":[],"build_version":"2020-12-22","purchased_purges":1,"victory":false,"max_hp_per_floor":[68,68,68,73,78,78,78,78,78],"relic_stats":{"counters":[3,13],"obtain_stats":[{"KeepersGift":0,"MaYiHuaBei":0,"testmod-TestBox":0,"AT_ATBox":0,"DaveBox":0,"aspiration:Nostalgia":0,"DemoMod:GlassGuonStoneRelic":5,"ThornShield":0,"testmod-Antiphasic":0,"Replay:Baseball":5,"SynthV:TestCard":1,"PureWater":0,"Toxic Egg 2":3,"HushsDoor":0,"Cracked Core":0,"REME_ComplimentaryCards":0},{"KeepersGift":0,"MaYiHuaBei":0,"testmod-TestBox":0,"AT_ATBox":0,"DaveBox":0,"aspiration:Nostalgia":0,"DemoMod:GlassGuonStoneRelic":2,"ThornShield":0,"testmod-Antiphasic":0,"Replay:Baseball":2,"SynthV:TestCard":1,"PureWater":0,"Toxic Egg 2":1,"HushsDoor":0,"Cracked Core":0,"REME_ComplimentaryCards":0},{"KeepersGift":0,"MaYiHuaBei":0,"testmod-TestBox":0,"AT_ATBox":0,"DaveBox":0,"aspiration:Nostalgia":0,"DemoMod:GlassGuonStoneRelic":8,"ThornShield":0,"testmod-Antiphasic":0,"Replay:Baseball":8,"SynthV:TestCard":2,"PureWater":0,"Toxic Egg 2":2,"HushsDoor":0,"Cracked Core":0,"REME_ComplimentaryCards":0}]},"card_choices":[{"not_picked":["WaveOfTheHand","Consecrate","BowlingBash"],"picked":"SKIP","floor":1.0},{"not_picked":["Replay:BluntJabs","WindmillStrike","InnerPeace+1","ReachHeaven","Replay:Anticipation+1"],"picked":"SKIP","floor":5.0}],"player_experience":1974499,"relics_obtained":[{"floor":1.0,"key":"SynthV:TestCard"},{"floor":5.0,"key":"Replay:Baseball"}],"event_choices":[{"damage_healed":56.0,"max_hp_gain":0.0,"max_hp_loss":68.0,"gold_gain":0.0,"event_name":"betterThird:BetterShining","player_choice":"Upgrade","floor":4.0,"gold_loss":0.0,"damage_taken":20.0,"cards_upgraded":["Strike_P","Strike_P"]},{"cards_removed":["Injury"],"damage_healed":0.0,"max_hp_gain":0.0,"max_hp_loss":0.0,"gold_gain":0.0,"event_name":"Golden Wing","player_choice":"Card Removal","floor":7.0,"gold_loss":0.0,"damage_taken":7.0}],"is_beta":false,"boss_relics":[],"items_purged_floors":[2],"is_endless":false,"potions_floor_spawned":[],"killed_by":"3 Sentries","ascension_level":20}}