{"host":"uv5ws9rdk87e8i5k","time":1611556710,"event":{"mods":["AchievementEnabler","BaseMod","Colored Map","Minty Spire (QoL Compilation)","StSLib","SuperFastMode","The Necromancer"],"gold_per_floor":[110,128,144,159,174,174,206,206,206,234,199,199,299,316,316,418,468,481,497,93,104,117,117,137,137,137,137,163,163,88,88,88],"floor_reached":31,"language":"ENG","playtime":850,"items_purged":["Strike_W"],"score":359,"play_id":"ff04f8d8-bacf-41f5-a260-e917a160aa35","local_time":"20210125003830","is_ascension_mode":true,"campfire_choices":[{"data":"Detonate_Bones","floor":6.0,"key":"SMITH"},{"data":"Shade_Step","floor":12.0,"key":"SMITH"},{"data":"Thousand_Bone_Knives","floor":15.0,"key":"SMITH"},{"data":"Bone_Armory","floor":23,"key":"SMITH"},{"floor":27,"key":"REST"},{"data":"Bones_to_Steel","floor":29,"key":"SMITH"}],"circlet_count":0,"master_deck":["Strike_W+1","Strike_W","Defend_W","Defend_W+1","Defend_W","Defend_W","Negative_Energy_Arrows","Bone_Wall","Detonate_Bones+1","Bone_Armor","Necrotic_Claws","Shade_Step+1","Negative_Energy_Sphere+1","Negative_Energy_Burst","Thousand_Bone_Knives+1","Grasp_Heart","Bone_Bullets","Bone_Armory+1","Bone_Shift","Life_Tap","Writhe","Bones_to_Steel+1"],"relics":["Vampire_Amulet","Whetstone","Shuriken","Pear","Tiny House","Happy Flower","Ornamental Fan","Bottled Tornado","Strawberry"],"acts_visited":["Exordium","TheCity"],"potions_floor_usage":[21,21,22,24,31],"damage_taken":[{"damage":6.0,"enemies":"Small Slimes","floor":1.0,"turns":4.0},{"damage":2.0,"enemies":"Cultist","floor":2.0,"turns":5.0},{"damage":0.0,"enemies":"2 Louse","floor":3.0,"turns":2.0},{"damage":6.0,"enemies":"Looter","floor":4.0,"turns":4.0},{"damage":13.0,"enemies":"3 Louse","floor":5.0,"turns":5.0},{"damage":20.0,"enemies":"Lagavulin","floor":7.0,"turns":4.0},{"damage":23.0,"enemies":"Gremlin Nob","floor":10.0,"turns":4.0},{"damage":0.0,"enemies":"2 Fungi Beasts","floor":14.0,"turns":3.0},{"damage":55.0,"enemies":"Hexaghost","floor":16.0,"turns":10.0},{"damage":13.0,"enemies":"Spheric Guardian","floor":18.0,"turns":4.0},{"damage":14.0,"enemies":"Shell Parasite","floor":19.0,"turns":5.0},{"damage":20,"enemies":"Shelled Parasite and Fungi","floor":21,"turns":4},{"damage":3,"enemies":"Centurion and Healer","floor":22,"turns":8},{"damage":16,"enemies":"Cultist and Chosen","floor":24,"turns":6},{"damage":11,"enemies":"Gremlin Leader","floor":28,"turns":7},{"damage":71,"enemies":"Slavers","floor":31,"turns":6}],"seed_played":"3532745541876102038","potions_obtained":[{"floor":2.0,"key":"PowerPotion"},{"floor":4.0,"key":"Ancient Potion"},{"floor":10.0,"key":"ColorlessPotion"},{"floor":14.0,"key":"FearPotion"},{"floor":17.0,"key":"Fire Potion"},{"floor":22,"key":"SkillPotion"},{"floor":28,"key":"Block Potion"}],"is_trial":false,"path_per_floor":["M","M","M","M","M","R","E","?","T","E","?","R","?","M","R","B",null,"M","M","$","M","M","R","M","?","T","R","E","R","?","E"],"character_chosen":"NECROMANCER","items_purchased":["Bone_Armory","Bone_Shift","Happy Flower","Block Potion"],"campfire_rested":1,"item_purchase_floors":[20,20,20,20],"current_hp_per_floor":[71,71,75,71,64,64,46,46,46,35,56,56,56,60,60,7,71,60,48,48,32,33,33,21,21,21,48,54,54,54,0,0],"gold":88,"neow_bonus":"ONE_RANDOM_RARE_CARD","is_daily":false,"chose_seed":false,"campfire_upgraded":5,"win_rate":0.0,"timestamp":1611556710,"path_taken":["M","M","M","M","M","R","E","?","T","E","?","R","?","M","R","BOSS","M","M","$","M","?","R","M","?","T","R","E","R","?","E"],"items_purchased_type":["Card","Card","Relic","Potion"],"build_version":"2020-12-22","purchased_purges":1,"victory":false,"max_hp_per_floor":[75,75,75,75,75,75,75,75,75,85,85,85,85,85,85,85,90,90,90,90,90,90,90,90,90,90,90,97,97,97,97,97],"card_choices":[{"not_picked":["Consume_Illness","Negative_Energy_Shield"],"picked":"Bone_Armor","floor":1.0},{"not_picked":["Violent_Necrosis","Finger_Of_Death"],"picked":"Necrotic_Claws","floor":2.0},{"not_picked":["Spectral_Walk","Pandemic","Toxic_Smoke_Screen"],"picked":"SKIP","floor":3.0},{"not_picked":["Blood_Is_Power","Blood_for_Blood"],"picked":"Shade_Step","floor":4.0},{"not_picked":["Death_Coil","Violent_Necrosis"],"picked":"Negative_Energy_Sphere","floor":5.0},{"not_picked":["Blood_Shield","Reap_The_Weak","Shackles_Of_Pain"],"picked":"SKIP","floor":7.0},{"not_picked":["Consume_Illness","Whirlwind_of_Bones"],"picked":"Negative_Energy_Burst","floor":10.0},{"not_picked":["Negative_Energy_Shield","Summon_Undead_Army"],"picked":"Thousand_Bone_Knives","floor":14.0},{"not_picked":["Summon_Vampire_Lady","Summon_Death_Knight"],"picked":"Grasp_Heart","floor":16.0},{"not_picked":["Negative_Energy_Mist","Bones_to_Steel"],"picked":"Bone_Bullets","floor":17.0},{"not_picked":["Negative_Energy_Javelin+1","Death_March_Dance+1","Blood_Whip"],"picked":"SKIP","floor":18.0},{"not_picked":["Blood_Curse+1","Toxic_Smoke_Screen","Exploit+1"],"picked":"SKIP","floor":19.0},{"not_picked":["Chill_Blood","Death_Coil","Slay_Living"],"picked":"SKIP","floor":21},{"not_picked":["Shackles_Of_Pain","Blood_Shield+1"],"picked":"Life_Tap","floor":22},{"not_picked":["Vampiric_Strike","Pandemic","Consume_Illness"],"picked":"SKIP","floor":24},{"not_picked":["Negative_Energy_Javelin+1","Life_Drain+1"],"picked":"Bones_to_Steel","floor":28}],"player_experience":260913,"relics_obtained":[{"floor":7.0,"key":"Whetstone"},{"floor":9.0,"key":"Shuriken"},{"floor":10.0,"key":"Pear"},{"floor":26,"key":"Bottled Tornado"},{"floor":28,"key":"Strawberry"}],"event_choices":[{"damage_healed":0.0,"max_hp_gain":0.0,"max_hp_loss":0.0,"gold_gain":0.0,"event_name":"Liars Game","player_choice":"Ignored","floor":8.0,"gold_loss":0.0,"damage_taken":0.0},{"damage_healed":21.0,"max_hp_gain":0.0,"max_hp_loss":0.0,"gold_gain":0.0,"event_name":"The Cleric","player_choice":"Healed","floor":11.0,"gold_loss":35.0,"damage_taken":0.0},{"damage_healed":0.0,"max_hp_gain":0.0,"max_hp_loss":0.0,"gold_gain":100.0,"event_name":"Golden Shrine","player_choice":"Pray","floor":13.0,"gold_loss":0.0,"damage_taken":0.0},{"damage_healed":0,"gold_gain":0,"player_choice":"Opened","damage_taken":0,"relics_obtained":["Ornamental Fan"],"max_hp_gain":0,"max_hp_loss":0,"event_name":"The Mausoleum","floor":25,"gold_loss":0,"cards_obtained":["Writhe"]},{"cards_removed":["Strike_W"],"damage_healed":0,"gold_gain":0,"player_choice":"Gave Gold","damage_taken":0,"max_hp_gain":0,"max_hp_loss":0,"event_name":"Beggar","floor":30,"gold_loss":75}],"is_beta":false,"boss_relics":[{"not_picked":["Snecko Eye","Velvet Choker"],"picked":"Tiny House"}],"items_purged_floors":[20],"is_endless":false,"potions_floor_spawned":[2,4,10,14,22,28],"killed_by":"Slavers","ascension_level":5}}