{"host":"by9nexv7bw8pfn7u","time":1611597409,"event":{"mods":["BaseMod","Colored Powertips","Downfall","GifTheSpireLib","Minty Spire (QoL Compilation)","Random Character Button","StSLib","Unceasing Turn Reminder"],"gold_per_floor":[99,117,34,134,234,261,261,293,303,323,355,384,284,298,314,314,314,314],"floor_reached":16,"language":"ENG","playtime":1030,"items_purged":[],"score":179,"play_id":"7442c6f0-3e29-46ce-ab46-5bca70846d02","local_time":"20210125185649","is_ascension_mode":true,"campfire_choices":[{"floor":1,"key":"RECALL"},{"data":"champ:IronFortress","floor":13,"key":"SMITH"}],"circlet_count":0,"master_deck":["champ:Strike","champ:Strike","champ:Strike","champ:Defend","champ:Defend","champ:Defend","champ:Defend","champ:Execute","champ:Taunt","champ:GutPunch","champ:BerserkerStyle","champ:FlashCut","champ:GutPunch","champ:HoldFirm","champ:StanceDance","champ:EnGarde","champ:IronFortress+1","champ:FocusedDefense","champ:FocusedBerserking"],"relics":["champ:ChampionCrown","CloakClasp","Omamori","Bottled Tornado","Du-Vu Doll","StoneCalendar","Odd Mushroom","downfall:HeartBlessingRed"],"acts_visited":["Exordium"],"potions_floor_usage":[8,9,11],"damage_taken":[{"damage":23,"enemies":"Jaw Worm","floor":2,"turns":4},{"damage":30,"enemies":"downfall:FleeingMerchant","floor":3,"turns":4},{"damage":85,"enemies":"downfall:FleeingMerchant","floor":5,"turns":11},{"damage":40,"enemies":"3 Sentries","floor":6,"turns":8},{"damage":17,"enemies":"Gremlin Nob","floor":8,"turns":6},{"damage":0,"enemies":"Small Slimes","floor":9,"turns":3},{"damage":6,"enemies":"2 Louse","floor":10,"turns":2},{"damage":55,"enemies":"Lagavulin","floor":11,"turns":8},{"damage":25,"enemies":"The Mushroom Lair","floor":12,"turns":5},{"damage":26,"enemies":"Exordium Wildlife","floor":14,"turns":4},{"damage":22,"enemies":"Large Slime","floor":15,"turns":5},{"damage":40,"enemies":"DF_ARCHETYPE_STREAMLINE","floor":16,"turns":9}],"seed_played":"6603322373428360058","potions_obtained":[{"floor":5,"key":"Weak Potion"},{"floor":8,"key":"SpeedPotion"},{"floor":9,"key":"Fruit Juice"}],"is_trial":false,"path_per_floor":["R","M","$","?","?","E","T","E","M","M","E","?","R","M","M","B"],"character_chosen":"THE_CHAMP","items_purchased":["champ:FlashCut","champ:GutPunch"],"campfire_rested":0,"item_purchase_floors":[3,3],"current_hp_per_floor":[90,87,82,82,51,43,43,43,48,42,42,32,32,23,23,0,0,0],"gold":314,"neow_bonus":"REMOVE_CARD","is_daily":false,"chose_seed":false,"campfire_upgraded":1,"win_rate":0.0,"timestamp":1611597409,"path_taken":["R","M","$","?","?","E","T","E","M","M","E","?","R","?","M","BOSS"],"items_purchased_type":["Card","Card"],"build_version":"2020-12-22","purchased_purges":0,"victory":false,"max_hp_per_floor":[90,90,90,90,90,90,90,90,95,95,95,95,95,95,95,95,95,95],"card_choices":[{"not_picked":["champ:Backstep","champ:PreemptiveStrike"],"picked":"champ:GutPunch","floor":2},{"not_picked":["champ:GutPunch","champ:ShieldWall"],"picked":"champ:BerserkerStyle","floor":3},{"not_picked":["champ:CrownThrow","champ:DefensiveShout"],"picked":"champ:HoldFirm","floor":6},{"not_picked":["champ:CrownThrow","champ:DefensiveShout"],"picked":"champ:StanceDance","floor":8},{"not_picked":["champ:DefensiveShout","champ:TornadoPunch"],"picked":"champ:EnGarde","floor":9},{"not_picked":["champ:CrownThrow","champ:Haymaker","champ:BringItOn"],"picked":"SKIP","floor":10},{"not_picked":["champ:GladiatorStyle","champ:FalseCounter"],"picked":"champ:IronFortress","floor":11},{"not_picked":["champ:EnGarde","champ:Circumvent"],"picked":"champ:FocusedDefense","floor":12},{"not_picked":["champ:ViciousMockery","champ:Shatter","champ:SteelEdge"],"picked":"SKIP","floor":14},{"not_picked":["champ:BerserkersShout","champ:FaceSlap"],"picked":"champ:FocusedBerserking","floor":15}],"player_experience":1060118,"relics_obtained":[{"floor":5,"key":"CloakClasp"},{"floor":6,"key":"Omamori"},{"floor":7,"key":"Bottled Tornado"},{"floor":8,"key":"Du-Vu Doll"},{"floor":11,"key":"StoneCalendar"},{"floor":12,"key":"Odd Mushroom"}],"event_choices":[{"damage_healed":0,"gold_gain":0,"player_choice":"Fought Mushrooms","damage_taken":0,"max_hp_gain":0,"max_hp_loss":0,"event_name":"Mushrooms","floor":12,"gold_loss":0}],"is_beta":false,"boss_relics":[],"items_purged_floors":[],"is_endless":false,"potions_floor_spawned":[5,8,9],"killed_by":"DF_ARCHETYPE_STREAMLINE","ascension_level":1}}