{"host":"zwuytn9vh5b8tdl7","time":1611607741,"event":{"mods":["AchievementEnabler","BaseMod","Colored Powertips","GifTheSpireLib","Minty Spire (QoL Compilation)","Rare Cards Sparkle","StSLib","The Animator"],"gold_per_floor":[117,117,139,156,9,39,51,89,115,138,150,173,197,227,239,349,361,384,419,431,543,586,598,610,637,704,716,317,317,337,367,367,492,492,507,507,507,525,37,37,53,53,53,97,110,110,138,150,150,150],"floor_reached":51,"language":"ENG","playtime":3436,"items_purged":[],"score":759,"play_id":"ee6f7cf5-3cbb-4acb-bc9a-9bb49e33a60f","local_time":"20210125154901","is_ascension_mode":false,"campfire_choices":[{"floor":7.0,"key":"REST"},{"floor":11.0,"key":"REST"},{"floor":13.0,"key":"REST"},{"floor":15.0,"key":"REST"},{"floor":23.0,"key":"REST"},{"floor":29.0,"key":"REST"},{"floor":32.0,"key":"REST"},{"floor":40.0,"key":"REST"},{"data":"animator:QuestionMark","floor":42.0,"key":"SMITH"},{"floor":49.0,"key":"REST"}],"circlet_count":0,"master_deck":["animator:Strike_Konosuba","animator:Defend_Konosuba","animator:Strike","animator:Strike","animator:Strike","animator:Defend","animator:Defend","animator:Defend","animator:Kazuma","animator:Viivi","animator:Darkness","animator:Melzalgald","animator:Megumin+45","animator:ElricAlphonse","animator:Tet","animator:MaesHughes","animator:DolaRiku","animator:Melzalgald","animator:Vanir","animator:Tatsumaki","animator:TukaLunaMarceau","animator:ChaikaTrabant","animator:LeleiLaLalena+1","animator:ElricEdward","Necronomicurse","animator:ChlammyZell+1","animator:Mitsurugi","animator:Tatsumaki","RitualDagger","animator:Illya+1","animator:Mitsurugi+1","animator:MumenRider+1","animator:Tatsumaki+1","animator:ElricAlphonse+1","animator:Kazuma+1","animator:Sonic","animator:FielNirvalen","animator:Alexander+1","animator:Wiz","animator:ShinjiMatou","animator:Canti","animator:QuestionMark+1","animator:YaoHaDucy+1","animator:Verdia+1","animator:DolaSchwi","animator:MaesHughes","animator:Guy","animator:Sonic+1","animator:PandorasActor+1"],"relics":["animator:VividPicture","animator:TheMissingPiece","NeowsBlessing","Dream Catcher","animator:ShionDessert","Red Skull","MawBank","Necronomicon","Orichalcum","Shuriken","Orrery","Oddly Smooth Stone","Toy Ornithopter","DollysMirror","Akabeko","Bottled Tornado","Blue Candle"],"acts_visited":["Exordium","TheCity","TheBeyond"],"potions_floor_usage":[],"damage_taken":[{"damage":0.0,"enemies":"2 Louse","floor":1.0,"turns":1.0},{"damage":0.0,"enemies":"Cultist","floor":3.0,"turns":1.0},{"damage":0.0,"enemies":"Small Slimes","floor":4.0,"turns":1.0},{"damage":49.0,"enemies":"Lagavulin","floor":6.0,"turns":7.0},{"damage":37.0,"enemies":"Gremlin Nob","floor":8.0,"turns":5.0},{"damage":0.0,"enemies":"2 Fungi Beasts","floor":10.0,"turns":2.0},{"damage":5.0,"enemies":"Blue Slaver","floor":12.0,"turns":2.0},{"damage":17.0,"enemies":"Exordium Wildlife","floor":14.0,"turns":3.0},{"damage":37.0,"enemies":"Hexaghost","floor":16.0,"turns":9.0},{"damage":9.0,"enemies":"Chosen","floor":18.0,"turns":5.0},{"damage":27.0,"enemies":"Spheric Guardian","floor":19.0,"turns":5.0},{"damage":0.0,"enemies":"Cultist and Chosen","floor":22.0,"turns":4.0},{"damage":22.0,"enemies":"Centurion and Healer","floor":25.0,"turns":4.0},{"damage":11.0,"enemies":"Shelled Parasite and Fungi","floor":30.0,"turns":3.0},{"damage":14.0,"enemies":"Book of Stabbing","floor":31.0,"turns":3.0},{"damage":26.0,"enemies":"Champ","floor":33.0,"turns":8.0},{"damage":8.0,"enemies":"3 Darklings","floor":35.0,"turns":2.0},{"damage":0.0,"enemies":"Orb Walker","floor":38.0,"turns":2.0},{"damage":0.0,"enemies":"4 Shapes","floor":41.0,"turns":4.0},{"damage":13.0,"enemies":"Writhing Mass","floor":44.0,"turns":3.0},{"damage":32.0,"enemies":"Spire Growth","floor":45.0,"turns":5.0},{"damage":1.0,"enemies":"Reptomancer","floor":47.0,"turns":3.0},{"damage":7.0,"enemies":"Transient","floor":48.0,"turns":5.0},{"damage":45,"enemies":"Time Eater","floor":50,"turns":8}],"seed_played":"-3628655854263670676","potions_obtained":[{"floor":1.0,"key":"FearPotion"},{"floor":8.0,"key":"PowerPotion"},{"floor":10.0,"key":"GamblersBrew"},{"floor":12.0,"key":"GamblersBrew"},{"floor":18.0,"key":"BlessingOfTheForge"},{"floor":22.0,"key":"LiquidMemories"},{"floor":25.0,"key":"CultistPotion"},{"floor":31.0,"key":"ColorlessPotion"},{"floor":38.0,"key":"Ancient Potion"},{"floor":41.0,"key":"Energy Potion"},{"floor":45.0,"key":"Block Potion"}],"is_trial":false,"path_per_floor":["M","?","M","M","$","E","R","E","T","M","R","M","R","M","R","B",null,"M","M","?","?","M","R","?","M","T","?","$","R","M","E","R","B",null,"M","?","?","M","$","R","M","R","T","M","M","?","E","M","R","B",null],"character_chosen":"THE_ANIMATOR","items_purchased":["Dream Catcher","Shuriken","Orrery","Toy Ornithopter","DollysMirror","Akabeko","Fire Potion"],"campfire_rested":9,"item_purchase_floors":[5,28,28,39,39,39,39],"current_hp_per_floor":[66,66,66,66,66,18,38,1,1,2,23,18,38,21,41,4,69,60,33,17,17,17,38,38,16,16,10,10,31,20,7,28,2,71,63,58,58,58,58,71,73,73,73,65,33,33,37,35,56,11],"gold":150,"neow_bonus":"THREE_ENEMY_KILL","is_daily":false,"chose_seed":false,"campfire_upgraded":1,"win_rate":0.0,"timestamp":1611607741,"path_taken":["M","?","M","?","?","E","R","E","T","M","R","?","R","M","R","BOSS","M","M","?","?","?","R","?","M","T","?","$","R","M","E","R","BOSS","M","?","?","?","$","R","M","R","T","M","?","?","E","M","R","BOSS"],"items_purchased_type":["Relic","Relic","Relic","Relic","Relic","Relic","Potion"],"build_version":"2020-12-22","purchased_purges":0,"victory":true,"max_hp_per_floor":[66,66,66,66,66,67,67,67,67,68,69,69,69,69,69,69,69,69,69,69,69,69,70,70,70,70,70,70,70,70,71,71,71,71,71,71,71,71,71,71,73,73,73,73,73,73,73,73,73,73],"card_choices":[{"not_picked":["animator:Shalltear","animator:Verdia"],"picked":"animator:Viivi","floor":1.0},{"not_picked":["animator:TukaLunaMarceau","animator:Layla"],"picked":"animator:Darkness","floor":3.0},{"not_picked":["animator:Verdia","animator:Caster"],"picked":"animator:Melzalgald","floor":4.0},{"not_picked":["animator:Vanir","animator:Chris"],"picked":"animator:Megumin","floor":6.0},{"not_picked":["animator:Genos","animator:Saber"],"picked":"animator:ElricAlphonse","floor":7.0},{"not_picked":["animator:Fredrika","animator:Berserker"],"picked":"animator:Tet","floor":8.0},{"not_picked":["animator:Arpeggio","animator:Berserker"],"picked":"animator:MaesHughes","floor":10.0},{"not_picked":["animator:SilverFang","animator:Shalltear"],"picked":"animator:DolaRiku","floor":11.0},{"not_picked":["animator:Rider","animator:Caster"],"picked":"animator:Melzalgald","floor":12.0},{"not_picked":["animator:EmiyaShirou","animator:Lancer"],"picked":"animator:Vanir","floor":13.0},{"not_picked":["animator:Genos","animator:Boros"],"picked":"animator:Tatsumaki","floor":14.0},{"not_picked":["animator:Arpeggio","animator:Genos"],"picked":"animator:TukaLunaMarceau","floor":15.0},{"not_picked":["animator:Albedo","animator:Father"],"picked":"animator:ChaikaTrabant","floor":16.0},{"not_picked":["animator:MaesHughes","animator:Lancer"],"picked":"animator:LeleiLaLalena+1","floor":18.0},{"not_picked":["animator:Gillette","animator:ChaikaBohdan"],"picked":"animator:ElricEdward","floor":19.0},{"not_picked":["animator:AcuraTooru","animator:Sloth"],"picked":"animator:ChlammyZell+1","floor":22.0},{"not_picked":["animator:Bozes","animator:Assassin"],"picked":"animator:Mitsurugi","floor":23.0},{"not_picked":["animator:Genos","animator:SeriousSaitama"],"picked":"animator:Tatsumaki","floor":25.0},{"not_picked":["animator:IzunaHatsuse","animator:Berserker"],"picked":"animator:Illya+1","floor":28.0},{"not_picked":["animator:DolaRiku+1","animator:Alexander"],"picked":"animator:Mitsurugi+1","floor":28.0},{"not_picked":["animator:ShinjiMatou","animator:Saber"],"picked":"animator:MumenRider+1","floor":28.0},{"not_picked":["animator:Vanir+1","animator:Alexander"],"picked":"animator:Tatsumaki+1","floor":28.0},{"not_picked":["animator:ChaikaBohdan+1","animator:Darkness"],"picked":"animator:ElricAlphonse+1","floor":28.0},{"not_picked":["animator:Archer","animator:Berserker"],"picked":"animator:Kazuma+1","floor":29.0},{"not_picked":["animator:Illya","animator:Tyuule"],"picked":"animator:Sonic","floor":30.0},{"not_picked":["animator:Darkness+1","animator:Chris+1"],"picked":"animator:FielNirvalen","floor":31.0},{"not_picked":["animator:AcuraShin","animator:Assassin+1"],"picked":"animator:Alexander+1","floor":32.0},{"not_picked":["animator:Envy","animator:ItamiYouji"],"picked":"animator:Wiz","floor":33.0},{"not_picked":["animator:ElricAlphonse","animator:PandorasActor"],"picked":"animator:ShinjiMatou","floor":35.0},{"not_picked":["animator:MisakiNakahara","animator:MamizouFutatsuiwa"],"picked":"animator:Canti","floor":36.0},{"not_picked":["animator:Kuroyukihime","animator:MamizouFutatsuiwa"],"picked":"animator:QuestionMark","floor":36.0},{"not_picked":["animator:Darkness","animator:Vanir"],"picked":"animator:Megumin","floor":38.0},{"not_picked":["animator:Gillette+1","animator:MumenRider"],"picked":"animator:YaoHaDucy+1","floor":40.0},{"not_picked":["animator:Berserker","animator:YaoHaDucy"],"picked":"animator:Verdia+1","floor":41.0},{"not_picked":["animator:Entoma+1","animator:Vanir"],"picked":"animator:DolaSchwi","floor":44.0},{"not_picked":["animator:ChaikaBohdan+1","animator:Caster+1"],"picked":"animator:MaesHughes","floor":45.0},{"not_picked":["animator:Gillette","animator:Layla"],"picked":"animator:Guy","floor":47.0},{"not_picked":["animator:ElricAlphonse+1","animator:Alexander+1"],"picked":"animator:Sonic+1","floor":48.0},{"not_picked":["animator:Kazuma+1","animator:Genos+1"],"picked":"animator:PandorasActor+1","floor":49.0}],"player_experience":328172,"relics_obtained":[{"floor":6.0,"key":"animator:ShionDessert"},{"floor":8.0,"key":"Red Skull"},{"floor":9.0,"key":"MawBank"},{"floor":20.0,"key":"Necronomicon"},{"floor":26.0,"key":"Orichalcum"},{"floor":31.0,"key":"Oddly Smooth Stone"},{"floor":43.0,"key":"Bottled Tornado"},{"floor":47.0,"key":"Blue Candle"}],"event_choices":[{"cards_removed":["animator:Aqua"],"damage_healed":0.0,"max_hp_gain":0.0,"max_hp_loss":0.0,"gold_gain":0.0,"event_name":"Bonfire Elementals","player_choice":"Offered Uncommon","floor":2.0,"gold_loss":0.0,"damage_taken":0.0},{"damage_healed":0.0,"max_hp_gain":0.0,"max_hp_loss":0.0,"gold_gain":0.0,"event_name":"Cursed Tome","player_choice":"Obtained Book","floor":20.0,"gold_loss":0.0,"damage_taken":16.0},{"damage_healed":0.0,"max_hp_gain":0.0,"max_hp_loss":0.0,"gold_gain":100.0,"event_name":"Golden Shrine","player_choice":"Pray","floor":21.0,"gold_loss":0.0,"damage_taken":0.0},{"damage_healed":0.0,"max_hp_gain":0.0,"max_hp_loss":0.0,"gold_gain":0.0,"event_name":"The Library","player_choice":"Read","floor":24.0,"gold_loss":0.0,"damage_taken":0.0,"cards_obtained":["animator:Megumin"]},{"damage_healed":0.0,"max_hp_gain":0.0,"max_hp_loss":0.0,"gold_gain":0.0,"event_name":"Nest","player_choice":"Joined the Cult","floor":27.0,"gold_loss":0.0,"damage_taken":6.0,"cards_obtained":["RitualDagger"]},{"damage_healed":0.0,"max_hp_gain":0.0,"max_hp_loss":0.0,"gold_gain":0.0,"event_name":"SensoryStone","player_choice":"Memory 2","floor":36.0,"gold_loss":0.0,"damage_taken":5.0},{"damage_healed":0.0,"max_hp_gain":0.0,"max_hp_loss":0.0,"gold_gain":0.0,"event_name":"Tomb of Lord Red Mask","player_choice":"Ignored","floor":37.0,"gold_loss":0.0,"damage_taken":0.0},{"damage_healed":0.0,"max_hp_gain":0.0,"max_hp_loss":0.0,"gold_gain":0.0,"event_name":"Duplicator","player_choice":"Copied","floor":46.0,"gold_loss":0.0,"damage_taken":0.0,"cards_obtained":["animator:Megumin"]}],"is_beta":false,"boss_relics":[{"not_picked":["Velvet Choker","Empty Cage","Coffee Dripper"]},{"not_picked":["Philosopher\u0027s Stone","Runic Dome"],"picked":"animator:VividPicture"}],"items_purged_floors":[],"is_endless":false,"potions_floor_spawned":[1,8,10,12,18,22,25,31,38,41,45],"ascension_level":0}}