{"host":"s35zr3gblm7slh1q","time":1611537120,"event":{"mods":["BaseMod","Colored Powertips","Downfall","Hermit","Highlight Path","Marisa????????","Minty Spire (QoL Compilation)","Permanent Neow","StSLib","The Disciple","The Jungle"],"gold_per_floor":[110,129,204,132,132,132,132,142,169,50,66,76,89,106,106,209,259,278,298,298,228,228,256,256,285,309,325,325,29,72,99,99,99,99],"floor_reached":33,"language":"ENG","playtime":2104,"items_purged":[],"score":268,"play_id":"afec4893-f936-456f-8a87-a717b71e487a","local_time":"20210124201200","is_ascension_mode":false,"campfire_choices":[{"floor":7,"key":"REST"},{"data":"LockedTurtyl","floor":15,"key":"SMITH"},{"floor":24,"key":"REST"},{"floor":28,"key":"REST"},{"floor":32,"key":"REST"}],"circlet_count":0,"master_deck":["Strike_Br","Strike_Br","Strike_Br","Strike_Br","Defend_Br","Defend_Br","Defend_Br","Defend_Br","SecondHand","PatternShift","Discovery","HandsUpC+1","Parity","ReapSow","Echoward","Analog","BlueShift","Swift Strike","LockedTurtyl+1","Moderato","LockedScales","CrunchTime","Flay","LockedAnchor","LockedMercury","LockedMawBank+1","Keepsakes","LockedWhetstone+1","LockedWhetstone","LockedAnchor","LockedMawBank","LockedMercury+1","BlueShift","LockedBlood","HandsUpB"],"relics":["Chronometer","MealTicket","Tiny House","BlueBox","Shuriken"],"acts_visited":["Exordium","TheCity"],"potions_floor_usage":[16,16,16,27,31,33],"damage_taken":[{"damage":3,"enemies":"2 Louse","floor":1,"turns":5},{"damage":7,"enemies":"Small Slimes","floor":2,"turns":4},{"damage":2,"enemies":"Cultist","floor":8,"turns":5},{"damage":0,"enemies":"Looter","floor":11,"turns":4},{"damage":6,"enemies":"3 Louse","floor":12,"turns":2},{"damage":5,"enemies":"Red Slaver","floor":13,"turns":4},{"damage":4,"enemies":"Blue Slaver","floor":14,"turns":3},{"damage":16,"enemies":"Hexaghost","floor":16,"turns":9},{"damage":10,"enemies":"Chosen","floor":18,"turns":5},{"damage":19,"enemies":"3 Byrds","floor":19,"turns":6},{"damage":23,"enemies":"Snecko","floor":23,"turns":8},{"damage":30,"enemies":"Sentry and Sphere","floor":25,"turns":7},{"damage":0,"enemies":"Snake Plant","floor":27,"turns":3},{"damage":16,"enemies":"Cultist and Chosen","floor":30,"turns":7},{"damage":16,"enemies":"Centurion and Healer","floor":31,"turns":6},{"damage":70,"enemies":"Automaton","floor":33,"turns":6}],"seed_played":"-3289248000605700936","potions_obtained":[{"floor":6,"key":"Explosive Potion"},{"floor":6,"key":"Guardian:BlockOnCardUsePotion"},{"floor":6,"key":"champ:CounterPotion"},{"floor":11,"key":"HastePotion"},{"floor":16,"key":"Dexterity Potion"},{"floor":17,"key":"Energy Potion"},{"floor":18,"key":"SkillPotion"},{"floor":19,"key":"Regen Potion"},{"floor":27,"key":"DuplicationPotion"},{"floor":30,"key":"DistilledChaos"}],"is_trial":false,"path_per_floor":["M","M","?","$","?","?","R","M","T","$","M","M","M","M","R","B",null,"M","M","?","$","?","M","R","M","T","M","R","$","M","M","R","B"],"character_chosen":"CHRONO_CLASS","items_purchased":["ReapSow","Echoward","BlueShift","Swift Strike","Keepsakes","Shuriken","BlueShift"],"campfire_rested":4,"item_purchase_floors":[4,4,10,10,21,29,29],"current_hp_per_floor":[62,55,44,44,44,44,63,61,61,65,65,59,54,50,50,34,70,60,41,41,56,56,33,54,24,24,33,54,69,53,39,60,0,0],"gold":99,"neow_bonus":"RANDOM_COLORLESS","is_daily":false,"chose_seed":false,"campfire_upgraded":1,"win_rate":0.0,"timestamp":1611537120,"path_taken":["M","M","?","$","?","?","R","M","T","$","M","M","M","M","R","BOSS","M","M","?","$","?","M","R","M","T","M","R","$","M","M","R","BOSS"],"items_purchased_type":["Card","Card","Card","Card","Card","Relic","Card"],"build_version":"2020-12-22","purchased_purges":0,"victory":false,"max_hp_per_floor":[65,65,65,65,65,65,65,65,65,65,65,65,65,65,65,65,70,70,70,70,70,70,70,70,70,70,70,70,70,70,70,70,70,70],"card_choices":[{"not_picked":["Forethought","Jack Of All Trades"],"picked":"Discovery","floor":0},{"not_picked":["Cuckoo","LockedBlood"],"picked":"HandsUpC","floor":1},{"not_picked":["LockedOrichalcum","LockedMawBank"],"picked":"Parity","floor":2},{"not_picked":["ExoVibe","WindUp"],"picked":"Analog","floor":8},{"not_picked":["LockedMedicine","Echoward"],"picked":"Tempo","floor":11},{"not_picked":["LockedAnchor","HandsUpB"],"picked":"LockedTurtyl","floor":12},{"not_picked":["BiteCommand","WakeUpCall"],"picked":"LockedScales","floor":13},{"not_picked":["HandsUpB","Engulf"],"picked":"CrunchTime","floor":14},{"not_picked":["RageCommand","OverTime"],"picked":"Flay","floor":16},{"not_picked":["Tempo","FormalWear"],"picked":"LockedAnchor","floor":17},{"not_picked":["Engulf","BiteCommand"],"picked":"LockedMercury","floor":18},{"not_picked":["LockedBell","CrunchTime+1"],"picked":"LockedMawBank+1","floor":19},{"not_picked":["HandsUpB","ReapSow"],"picked":"LockedWhetstone+1","floor":23},{"not_picked":["AlternateTimeline","Stagnate+1"],"picked":"LockedWhetstone","floor":25},{"not_picked":["Echoward","BiteCommand+1"],"picked":"LockedMercury+1","floor":27},{"not_picked":["ResonantCall+1","LockedPlans"],"picked":"LockedBlood","floor":30},{"not_picked":["Parity","LockedWhetstone"],"picked":"HandsUpB","floor":31}],"player_experience":380841,"relics_obtained":[{"floor":9,"key":"MealTicket"},{"floor":26,"key":"BlueBox"}],"event_choices":[{"damage_healed":0,"gold_gain":75,"player_choice":"Gather Gold","damage_taken":11,"max_hp_gain":0,"max_hp_loss":0,"event_name":"World of Goop","floor":3,"gold_loss":0},{"damage_healed":0,"gold_gain":0,"player_choice":"Ignored","damage_taken":0,"max_hp_gain":0,"max_hp_loss":0,"event_name":"Liars Game","floor":5,"gold_loss":0},{"damage_healed":0,"gold_gain":0,"player_choice":"Got Potions","damage_taken":0,"max_hp_gain":0,"max_hp_loss":0,"event_name":"Lab","floor":6,"gold_loss":0},{"damage_healed":0,"gold_gain":0,"player_choice":"Ignored","damage_taken":0,"max_hp_gain":0,"max_hp_loss":0,"event_name":"Cursed Tome","floor":20,"gold_loss":0}],"is_beta":false,"boss_relics":[{"not_picked":["Calling Bell","Coffee Dripper"],"picked":"Tiny House"}],"items_purged_floors":[],"is_endless":false,"potions_floor_spawned":[8,11,16,18,19,27,30],"killed_by":"Automaton","ascension_level":0}}