{"host":"1mv6gj0zv8k9e9tz","time":1611554101,"event":{"mods":["AchievementEnabler","BaseMod","Better Third Choice","Colored Map","KOR Keyword Fix","Minty Spire (QoL Compilation)","Permanent Neow","Rare Cards Sparkle","StSLib"],"gold_per_floor":[116,136,186,205,222,222,233,25,25,53,53,13,13,25,25,96,96,115,134,184,134,154,154,37,37,37,37,48,48,48,48,48,121,121,140,165,181,181,192,192,192,52,103,134,134,134,165,165,165,165,165,165],"floor_reached":51,"language":"KOR","playtime":2427,"items_purged":["Defend_G","Strike_G","Strike_G"],"score":1306,"play_id":"bc889268-eeca-4fe4-9b84-c29ef7ed8944","local_time":"20210125145501","is_ascension_mode":true,"campfire_choices":[{"data":"Phantasmal Killer","floor":6.0,"key":"SMITH"},{"floor":11.0,"key":"REST"},{"floor":13.0,"key":"REST"},{"data":"Blade Dance","floor":15.0,"key":"SMITH"},{"data":"Terror","floor":23.0,"key":"SMITH"},{"data":"Blade Dance","floor":25.0,"key":"SMITH"},{"data":"Acrobatics","floor":27.0,"key":"SMITH"},{"data":"Tactician","floor":29.0,"key":"SMITH"},{"floor":32.0,"key":"REST"},{"floor":40.0,"key":"REST"},{"floor":49.0,"key":"RECALL"}],"circlet_count":0,"master_deck":["AscendersBane","Strike_G","Strike_G","Strike_G","Defend_G","Defend_G","Defend_G","Defend_G","Survivor","Neutralize","Phantasmal Killer+1","Terror+1","Tactician+1","Acrobatics+1","Blade Dance+1","Well Laid Plans","Malaise","PiercingWail+1","Blade Dance+1","Footwork+1","Blade Dance","Venomology","Deflect+1","Footwork","PiercingWail","Acrobatics+1"],"relics":["Ring of the Snake","Membership Card","Ornamental Fan","WristBlade","HornCleat","Runic Pyramid","Thread and Needle","Lee\u0027s Waffle","Omamori","Mummified Hand","Nunchaku"],"acts_visited":["Exordium","TheCity","TheBeyond"],"potions_floor_usage":[51,51],"damage_taken":[{"damage":7.0,"enemies":"Jaw Worm","floor":1.0,"turns":3.0},{"damage":2.0,"enemies":"Cultist","floor":2.0,"turns":5.0},{"damage":2.0,"enemies":"2 Louse","floor":4.0,"turns":4.0},{"damage":15.0,"enemies":"Red Slaver","floor":5.0,"turns":6.0},{"damage":4.0,"enemies":"Looter","floor":7.0,"turns":4.0},{"damage":22.0,"enemies":"Lagavulin","floor":10.0,"turns":5.0},{"damage":8.0,"enemies":"3 Louse","floor":14.0,"turns":5.0},{"damage":20.0,"enemies":"Slime Boss","floor":16.0,"turns":6.0},{"damage":21.0,"enemies":"Spheric Guardian","floor":18.0,"turns":4.0},{"damage":2.0,"enemies":"Chosen","floor":19.0,"turns":4.0},{"damage":7.0,"enemies":"Snecko","floor":22.0,"turns":5.0},{"damage":0.0,"enemies":"Chosen and Byrds","floor":28.0,"turns":6.0},{"damage":20.0,"enemies":"Automaton","floor":33.0,"turns":8.0},{"damage":1.0,"enemies":"Orb Walker","floor":35.0,"turns":3.0},{"damage":0.0,"enemies":"Mind Bloom Boss Battle","floor":36.0,"turns":4.0},{"damage":2.0,"enemies":"3 Darklings","floor":37.0,"turns":7.0},{"damage":31.0,"enemies":"4 Shapes","floor":39.0,"turns":5.0},{"damage":5.0,"enemies":"Nemesis","floor":44.0,"turns":7.0},{"damage":15.0,"enemies":"Giant Head","floor":47.0,"turns":6.0},{"damage":10.0,"enemies":"Jaw Worm Horde","floor":48.0,"turns":2.0},{"damage":36.0,"enemies":"Awakened One","floor":50.0,"turns":12.0},{"damage":8,"enemies":"Donu and Deca","floor":51,"turns":2}],"seed_played":"3616533983563728881","potions_obtained":[{"floor":2.0,"key":"BlessingOfTheForge"},{"floor":7.0,"key":"SteroidPotion"},{"floor":10.0,"key":"SteroidPotion"},{"floor":14.0,"key":"DuplicationPotion"},{"floor":19.0,"key":"Dexterity Potion"},{"floor":22.0,"key":"ColorlessPotion"},{"floor":33.0,"key":"AttackPotion"},{"floor":35.0,"key":"FearPotion"},{"floor":44.0,"key":"LiquidBronze"}],"is_trial":false,"path_per_floor":["M","M","?","M","M","R","M","$","T","E","R","$","R","M","R","B",null,"M","M","?","$","M","R","$","R","T","R","M","R","?","?","R","B",null,"M","?","M","?","M","R","?","$","T","E","?","?","E","M","R","B","B"],"character_chosen":"THE_SILENT","items_purchased":["Membership Card","Acrobatics","Regen Potion","Blade Dance","Footwork","Lee\u0027s Waffle","Footwork","PiercingWail"],"campfire_rested":4,"item_purchase_floors":[8,8,12,24,24,42,42,42],"current_hp_per_floor":[52,50,44,42,27,27,23,23,23,1,19,19,37,43,43,23,51,30,28,28,28,21,21,21,21,21,21,21,21,21,21,39,19,50,49,49,47,47,16,34,34,67,67,62,62,62,47,37,37,1,0,0],"gold":165,"neow_bonus":"THREE_RARE_CARDS","is_daily":false,"chose_seed":false,"campfire_upgraded":6,"win_rate":0.0,"timestamp":1611554101,"path_taken":["M","M","?","?","M","R","?","$","T","E","R","$","R","M","R","BOSS","M","M","?","$","M","R","$","R","T","R","?","R","?","?","R","BOSS","M","?","M","?","M","R","?","$","T","E","?","?","E","M","R","BOSS","BOSS"],"items_purchased_type":["Relic","Card","Potion","Card","Card","Relic","Card","Card"],"build_version":"2020-12-22","purchased_purges":3,"victory":false,"max_hp_per_floor":[60,60,60,60,60,60,60,60,60,60,60,60,60,60,60,60,60,60,60,60,60,60,60,60,60,60,60,60,60,60,60,60,60,60,60,60,60,60,60,60,60,67,67,67,67,67,67,67,67,67,67,67],"card_choices":[{"not_picked":["Wraith Form v2","Grand Finale"],"picked":"Phantasmal Killer","floor":0.0},{"not_picked":["Underhanded Strike","Acrobatics","Slice"],"picked":"SKIP","floor":1.0},{"not_picked":["Cloak And Dagger","Deadly Poison"],"picked":"Terror","floor":2.0},{"not_picked":["Deadly Poison","Heel Hook","Prepared"],"picked":"SKIP","floor":4.0},{"not_picked":["Slice","Dagger Throw","Terror"],"picked":"SKIP","floor":5.0},{"not_picked":["Bane","Setup"],"picked":"Tactician","floor":7.0},{"not_picked":["Corpse Explosion","Dash"],"picked":"Blade Dance","floor":10.0},{"not_picked":["Escape Plan","Deflect"],"picked":"Well Laid Plans","floor":14.0},{"not_picked":["Die Die Die","Doppelganger"],"picked":"Malaise","floor":16.0},{"not_picked":["Deadly Poison","Sucker Punch"],"picked":"PiercingWail+1","floor":18.0},{"not_picked":["Dodge and Roll","Flying Knee","Prepared"],"picked":"SKIP","floor":19.0},{"not_picked":["Sucker Punch","All Out Attack","Eviscerate"],"picked":"SKIP","floor":22.0},{"not_picked":["Noxious Fumes","Underhanded Strike","Dagger Spray"],"picked":"SKIP","floor":28.0},{"not_picked":["Die Die Die","Doppelganger"],"picked":"Venomology","floor":33.0},{"not_picked":["Bane","Dodge and Roll","Outmaneuver"],"picked":"SKIP","floor":35.0},{"not_picked":["Dodge and Roll","Bouncing Flask"],"picked":"Deflect+1","floor":36.0},{"not_picked":["Riddle With Holes","Cloak And Dagger","Dodge and Roll"],"picked":"SKIP","floor":37.0},{"not_picked":["Riddle With Holes","Expertise","Deflect"],"picked":"SKIP","floor":39.0},{"not_picked":["Expertise+1","Quick Slash+1"],"picked":"Acrobatics+1","floor":44.0},{"not_picked":["Dagger Throw","Storm of Steel","Masterful Stab"],"picked":"SKIP","floor":47.0}],"player_experience":560932,"relics_obtained":[{"floor":10.0,"key":"Ornamental Fan"},{"floor":26.0,"key":"HornCleat"},{"floor":36.0,"key":"Thread and Needle"},{"floor":43.0,"key":"Omamori"},{"floor":44.0,"key":"Mummified Hand"},{"floor":47.0,"key":"Nunchaku"}],"event_choices":[{"damage_healed":0.0,"max_hp_gain":0.0,"max_hp_loss":0.0,"gold_gain":50.0,"event_name":"FaceTrader","player_choice":"Touch","floor":3.0,"gold_loss":0.0,"damage_taken":6.0},{"damage_healed":0.0,"max_hp_gain":0.0,"max_hp_loss":0.0,"gold_gain":50.0,"event_name":"Golden Shrine","player_choice":"Pray","floor":20.0,"gold_loss":0.0,"damage_taken":0.0},{"damage_healed":0.0,"max_hp_gain":0.0,"max_hp_loss":0.0,"gold_gain":0.0,"event_name":"Cursed Tome","player_choice":"Ignored","floor":30.0,"gold_loss":0.0,"damage_taken":0.0},{"damage_healed":0.0,"max_hp_gain":0.0,"max_hp_loss":0.0,"gold_gain":0.0,"event_name":"Match and Keep!","player_choice":"1 cards matched","floor":31.0,"gold_loss":0.0,"damage_taken":0.0,"cards_obtained":["Blade Dance"]},{"damage_healed":0.0,"max_hp_gain":0.0,"max_hp_loss":0.0,"gold_gain":0.0,"event_name":"MindBloom","player_choice":"Fight","floor":36.0,"gold_loss":0.0,"damage_taken":0.0},{"damage_healed":0.0,"max_hp_gain":0.0,"max_hp_loss":0.0,"gold_gain":0.0,"event_name":"Tomb of Lord Red Mask","player_choice":"Ignored","floor":38.0,"gold_loss":0.0,"damage_taken":0.0},{"damage_healed":0.0,"max_hp_gain":0.0,"max_hp_loss":0.0,"gold_gain":0.0,"event_name":"SensoryStone","player_choice":"Memory 1","floor":41.0,"gold_loss":0.0,"damage_taken":0.0},{"damage_healed":0.0,"max_hp_gain":0.0,"max_hp_loss":0.0,"gold_gain":0.0,"event_name":"Mysterious Sphere","player_choice":"Ignored","floor":45.0,"gold_loss":0.0,"damage_taken":0.0},{"damage_healed":0.0,"max_hp_gain":0.0,"max_hp_loss":0.0,"gold_gain":0.0,"event_name":"Accursed Blacksmith","player_choice":"Forge","floor":46.0,"gold_loss":0.0,"damage_taken":0.0,"cards_upgraded":["Footwork"]}],"is_beta":false,"boss_relics":[{"not_picked":["Empty Cage","Ring of the Serpent"],"picked":"WristBlade"},{"not_picked":["Philosopher\u0027s Stone","Coffee Dripper"],"picked":"Runic Pyramid"}],"items_purged_floors":[8,21,24],"is_endless":false,"potions_floor_spawned":[2,7,10,14,19,22,33,35,36,44,48],"killed_by":"Donu and Deca","ascension_level":20}}