{"host":"hlz9nytggqnehs39","time":1611601630,"event":{"mods":["BaseMod","Highlight Path","Minty Spire (QoL Compilation)","Relic Sorter","Relic Stats","StSLib","The Bug Knight","The Death Knight"],"gold_per_floor":[115,133,20,95,170,182,182,201,224,241,258,293,312,346,346,449,449,468,501,4,22,22,22,22,22,48,80,80,113,113,113,113,215,215,228,244,244,254,2,2,36,36,36,54,88,88,88],"floor_reached":46,"language":"ENG","playtime":6149,"items_purged":["HollowMod:NailStrikeStart"],"score":576,"play_id":"2253dd45-00c9-4b1b-beca-7118d82fd9ab","local_time":"20210125200710","is_ascension_mode":false,"campfire_choices":[{"data":"HollowMod:FocusHealStart","floor":7,"key":"SMITH"},{"data":"HollowMod:GrimmsGift","floor":15,"key":"SMITH"},{"data":"HollowMod:ZotesMagnificence","floor":23,"key":"SMITH"},{"data":"HollowMod:HornetsHelp","floor":25,"key":"SMITH"},{"data":"HollowMod:CrystalDash","floor":28,"key":"SMITH"},{"data":"HollowMod:theNailsmith","floor":30,"key":"SMITH"},{"data":"HollowMod:HowlingWraiths","floor":32,"key":"SMITH"},{"data":"HollowMod:SiblingsSouls","floor":40,"key":"SMITH"},{"data":"HollowMod:HornetsHelp","floor":42,"key":"SMITH"}],"circlet_count":0,"master_deck":["HollowMod:NailStrikeStart+1","HollowMod:NailStrikeStart+1","HollowMod:NailStrikeStart+1","HollowMod:QuickDashStart+1","HollowMod:QuickDashStart+1","HollowMod:QuickDashStart+1","HollowMod:QuickDashStart+1","HollowMod:FocusHealStart+1","HollowMod:PogoStrike","HollowMod:SharpenedNail","HollowMod:CrystalDash+1","HollowMod:MothsMistake","HollowMod:DreamGate","HollowMod:HowlingWraiths+1","HollowMod:SoulSplash","HollowMod:PerfectDash","HollowMod:DungDefenderAura","HollowMod:GrimmsGift+1","HollowMod:HornetsHelp+1","HollowMod:CycloneSlash+1","HollowMod:MonarchWings+1","HollowMod:GoodIntentions","HollowMod:ZotesMagnificence+1","HollowMod:theNailsmith+1","HollowMod:HornetsHelp+1","HollowMod:CloakDash+1","HollowMod:SiblingsSouls+1","HollowMod:DoubleDash+1","HollowMod:DoubleDash"],"relics":["HollowMod:VesselMask","HollowMod:KingsBrand","Tiny Chest","Strawberry","Coffee Dripper","HollowMod:GreatKnightMask","Gambling Chip","Unceasing Top","DeathKnight:PutricidesVial","Boot","Juzu Bracelet","Black Star","Lantern","Bag of Marbles","PreservedInsect","Bottled Lightning","HollowMod:LumaflyLanternRelic","StrikeDummy"],"acts_visited":["Exordium","TheCity","TheBeyond"],"potions_floor_usage":[10,12,14,16,21,27,27,27,27,29,33,41,45,45,46],"damage_taken":[{"damage":1,"enemies":"Cultist","floor":1,"turns":4},{"damage":2,"enemies":"Small Slimes","floor":2,"turns":3},{"damage":0,"enemies":"2 Louse","floor":6,"turns":3},{"damage":6,"enemies":"Looter","floor":8,"turns":4},{"damage":0,"enemies":"2 Fungi Beasts","floor":10,"turns":3},{"damage":8,"enemies":"Lots of Slimes","floor":11,"turns":2},{"damage":10,"enemies":"3 Sentries","floor":12,"turns":4},{"damage":13,"enemies":"Red Slaver","floor":13,"turns":4},{"damage":20,"enemies":"HollowMod:MossKnight","floor":14,"turns":9},{"damage":38,"enemies":"HollowMod:FalseKnight","floor":16,"turns":12},{"damage":9,"enemies":"Chosen","floor":18,"turns":5},{"damage":0,"enemies":"HollowMod:Zote","floor":19,"turns":2},{"damage":2,"enemies":"2 Thieves","floor":21,"turns":3},{"damage":0,"enemies":"Gremlin Leader","floor":27,"turns":5},{"damage":1,"enemies":"HollowMod:Nosk","floor":29,"turns":9},{"damage":24,"enemies":"HollowMod:NKGrimm","floor":33,"turns":11},{"damage":12,"enemies":"3 Shapes","floor":35,"turns":3},{"damage":0,"enemies":"Orb Walker","floor":36,"turns":3},{"damage":11,"enemies":"Sphere and 2 Shapes","floor":38,"turns":6},{"damage":43,"enemies":"Nemesis","floor":41,"turns":7},{"damage":24,"enemies":"Jaw Worm Horde","floor":44,"turns":5},{"damage":39,"enemies":"Giant Head","floor":45,"turns":10},{"damage":14,"enemies":"Spire Growth","floor":46,"turns":3}],"seed_played":"7585036981581364180","potions_obtained":[{"floor":2,"key":"DistilledChaos"},{"floor":8,"key":"SneckoOil"},{"floor":10,"key":"PowerPotion"},{"floor":13,"key":"Energy Potion"},{"floor":16,"key":"LiquidBronze"},{"floor":18,"key":"EntropicBrew"},{"floor":19,"key":"Explosive Potion"},{"floor":27,"key":"Weak Potion"},{"floor":33,"key":"Weak Potion"},{"floor":44,"key":"BlessingOfTheForge"},{"floor":45,"key":"DeathKnight:RimePotion"}],"is_trial":false,"path_per_floor":["M","M","$","?","?","M","R","M","T","M","M","E","M","E","R","B",null,"M","?","$","M","?","R","T","R","T","E","R","E","R","?","R","B",null,"M","M","?","M","$","R","E","R","T","M","E","M"],"character_chosen":"THE_BUGKNIGHT","items_purchased":["HollowMod:MothsMistake","Gambling Chip","HollowMod:GoodIntentions","HollowMod:ZotesMagnificence","DeathKnight:BottledBloodEchoes","Lantern"],"campfire_rested":0,"item_purchase_floors":[3,20,20,20,39,39],"current_hp_per_floor":[82,82,82,71,63,69,69,69,69,79,71,61,54,53,53,27,89,80,80,80,78,78,78,78,78,78,81,81,86,86,86,86,72,89,83,83,83,82,82,82,51,51,51,33,4,0,0],"gold":88,"neow_bonus":"TEN_PERCENT_HP_BONUS","is_daily":false,"chose_seed":false,"campfire_upgraded":9,"win_rate":0.0,"timestamp":1611601630,"path_taken":["M","M","$","?","?","M","R","M","T","M","M","E","?","E","R","BOSS","M","?","$","M","?","R","?","R","T","E","R","E","R","?","R","BOSS","M","M","?","M","$","R","E","R","T","M","E","M"],"items_purchased_type":["Card","Relic","Card","Card","Potion","Relic"],"build_version":"2020-12-22","purchased_purges":1,"victory":false,"max_hp_per_floor":[82,82,82,82,82,82,82,82,82,82,82,82,82,89,89,89,89,89,89,89,89,89,89,89,89,89,89,89,89,89,89,89,89,89,89,89,89,89,89,89,89,89,89,89,89,89,89],"relic_stats":{"counters":[23,120],"Gambling Chip":[32],"Tiny Chest":1,"PreservedInsect":125,"Juzu Bracelet":1,"Black Star":2,"Boot":[199],"obtain_stats":[{"Lantern":39,"HollowMod:LumaflyLanternRelic":45,"HollowMod:VesselMask":0,"HollowMod:GreatKnightMask":19,"PreservedInsect":41,"Juzu Bracelet":29,"HollowMod:KingsBrand":9,"Boot":27,"Strawberry":14,"Gambling Chip":20,"DeathKnight:PutricidesVial":26,"Tiny Chest":12,"Coffee Dripper":17,"Black Star":34,"Bag of Marbles":41,"Bottled Lightning":43,"StrikeDummy":45,"Unceasing Top":24},{"Lantern":19,"HollowMod:LumaflyLanternRelic":22,"HollowMod:VesselMask":0,"HollowMod:GreatKnightMask":12,"PreservedInsect":20,"Juzu Bracelet":15,"HollowMod:KingsBrand":4,"Boot":14,"Strawberry":9,"Gambling Chip":12,"DeathKnight:PutricidesVial":13,"Tiny Chest":7,"Coffee Dripper":10,"Black Star":16,"Bag of Marbles":20,"Bottled Lightning":20,"StrikeDummy":22,"Unceasing Top":13},{"Lantern":95,"HollowMod:LumaflyLanternRelic":117,"HollowMod:VesselMask":0,"HollowMod:GreatKnightMask":55,"PreservedInsect":102,"Juzu Bracelet":72,"HollowMod:KingsBrand":14,"Boot":63,"Strawberry":36,"Gambling Chip":55,"DeathKnight:PutricidesVial":58,"Tiny Chest":23,"Coffee Dripper":48,"Black Star":83,"Bag of Marbles":102,"Bottled Lightning":102,"StrikeDummy":117,"Unceasing Top":58}],"Unceasing Top":[15]},"card_choices":[{"not_picked":["HollowMod:CloakDash","HollowMod:GoodIntentions"],"picked":"HollowMod:SharpenedNail","floor":1},{"not_picked":["HollowMod:CoiledNail","HollowMod:InfectedCysts"],"picked":"HollowMod:CrystalDash","floor":2},{"not_picked":["HollowMod:GoodIntentions","HollowMod:NewJinnsSoul"],"picked":"HollowMod:DreamGate","floor":6},{"not_picked":["HollowMod:PureNailStrike","HollowMod:DoubleDash"],"picked":"HollowMod:HowlingWraiths","floor":8},{"not_picked":["HollowMod:MidwifesHunger","HollowMod:TaintedHusks"],"picked":"HollowMod:SoulSplash","floor":10},{"not_picked":["HollowMod:VengefulVoid","HollowMod:QuirrelsAssistance"],"picked":"HollowMod:PerfectDash","floor":11},{"not_picked":["HollowMod:GreatSlash","HollowMod:MothsMistake"],"picked":"HollowMod:DungDefenderAura","floor":12},{"not_picked":["HollowMod:InfectedCysts","HollowMod:TaintedHusks"],"picked":"HollowMod:GrimmsGift","floor":13},{"not_picked":["HollowMod:FastStrike","HollowMod:ElderbugsWisdom","HollowMod:NewGlowingWomb"],"picked":"SKIP","floor":14},{"not_picked":["HollowMod:ElderbugsWisdom","HollowMod:SoulMaster"],"picked":"HollowMod:HornetsHelp","floor":16},{"not_picked":["HollowMod:DescendingDark","HollowMod:SharpenedNail"],"picked":"HollowMod:CycloneSlash+1","floor":18},{"not_picked":["HollowMod:DoubleDash","HollowMod:DescendingDark"],"picked":"HollowMod:MonarchWings+1","floor":19},{"not_picked":["HollowMod:SoulShaman","HollowMod:TaintedHusks","HollowMod:Grubsong+1"],"picked":"SKIP","floor":21},{"not_picked":["HollowMod:DesolateDive","HollowMod:SoulVessel","HollowMod:DashSlash"],"picked":"SKIP","floor":27},{"not_picked":["HollowMod:SoulVessel+1","HollowMod:VengefulVoid+1"],"picked":"HollowMod:theNailsmith","floor":29},{"not_picked":["HollowMod:MidwifesHunger","HollowMod:theNailsmith"],"picked":"HollowMod:HornetsHelp","floor":33},{"not_picked":["HollowMod:SoulStrike","HollowMod:BaldurShell"],"picked":"HollowMod:CloakDash+1","floor":35},{"not_picked":["HollowMod:DungDefenderAura","HollowMod:GreatSlash","HollowMod:SoulStrike"],"picked":"SKIP","floor":36},{"not_picked":["HollowMod:DescendingDark","HollowMod:NewJinnsSoul"],"picked":"HollowMod:SiblingsSouls","floor":38},{"not_picked":["HollowMod:VengefulVoid+1","HollowMod:SoulEater","HollowMod:MidwifesHunger"],"picked":"SKIP","floor":41},{"not_picked":["HollowMod:VengefulVoid+1","HollowMod:InfectedCysts+1"],"picked":"HollowMod:DoubleDash+1","floor":44},{"not_picked":["HollowMod:ChannelNail+1","HollowMod:SiblingsShadow+1"],"picked":"HollowMod:DoubleDash","floor":45}],"player_experience":386290,"relics_obtained":[{"floor":9,"key":"HollowMod:KingsBrand"},{"floor":12,"key":"Tiny Chest"},{"floor":14,"key":"Strawberry"},{"floor":19,"key":"HollowMod:GreatKnightMask"},{"floor":24,"key":"Unceasing Top"},{"floor":26,"key":"DeathKnight:PutricidesVial"},{"floor":27,"key":"Boot"},{"floor":29,"key":"Juzu Bracelet"},{"floor":41,"key":"Bag of Marbles"},{"floor":41,"key":"PreservedInsect"},{"floor":43,"key":"Bottled Lightning"},{"floor":45,"key":"HollowMod:LumaflyLanternRelic"},{"floor":45,"key":"StrikeDummy"}],"event_choices":[{"damage_healed":0,"gold_gain":75,"player_choice":"Gather Gold","damage_taken":11,"max_hp_gain":0,"max_hp_loss":0,"event_name":"World of Goop","floor":4,"gold_loss":0},{"damage_healed":0,"gold_gain":75,"player_choice":"Touch","damage_taken":8,"max_hp_gain":0,"max_hp_loss":0,"event_name":"FaceTrader","floor":5,"gold_loss":0},{"damage_healed":0,"gold_gain":0,"player_choice":"Simplicity","damage_taken":0,"max_hp_gain":0,"max_hp_loss":0,"event_name":"Back to Basics","floor":22,"gold_loss":0,"cards_upgraded":["HollowMod:NailStrikeStart","HollowMod:NailStrikeStart","HollowMod:NailStrikeStart","HollowMod:QuickDashStart","HollowMod:QuickDashStart","HollowMod:QuickDashStart","HollowMod:QuickDashStart"]},{"damage_healed":0,"gold_gain":0,"player_choice":"Ignored","damage_taken":0,"max_hp_gain":0,"max_hp_loss":0,"event_name":"NoteForYourself","floor":31,"gold_loss":0},{"damage_healed":0,"gold_gain":0,"player_choice":"Ignored","damage_taken":0,"max_hp_gain":0,"max_hp_loss":0,"event_name":"Tomb of Lord Red Mask","floor":37,"gold_loss":0}],"is_beta":false,"boss_relics":[{"not_picked":["Runic Dome","Empty Cage"],"picked":"Coffee Dripper"},{"not_picked":["Tiny House","Runic Pyramid"],"picked":"Black Star"}],"items_purged_floors":[3],"is_endless":false,"potions_floor_spawned":[2,8,10,13,16,18,19,27,33,44,45],"killed_by":"Spire Growth","ascension_level":0}}