{"host":"mb7itejek3z0coku","time":1611561481,"event":{"mods":["AchievementEnabler","BaseMod","Hermit","Hubris","Jorbs\u0027s Wanderer Trilogy","Minty Spire (QoL Compilation)","Replay The Spire","StSLib","Td1madao Mod","The Cursed","The Disciple","The Hierophant","The Mystic","slay the spire mod where everything is the same but ironclad has a cowboy hat"],"gold_per_floor":[118,118,135,135,135,135,156,102,102,108,142,142,165,165,165,155,155],"floor_reached":16,"language":"ENG","playtime":1263,"items_purged":[],"score":100,"play_id":"818c7b11-7f6a-4aa8-83a1-bcbde0963dbd","local_time":"20210124235801","is_ascension_mode":false,"campfire_choices":[{"floor":6,"key":"RECALL"},{"floor":12,"key":"REST"},{"floor":15,"key":"REST"}],"circlet_count":0,"master_deck":["hierophant:Strike_Hierophant","hierophant:Strike_Hierophant","hierophant:Strike_Hierophant","hierophant:Strike_Hierophant","hierophant:Punish","hierophant:Defend_Hierophant","hierophant:Defend_Hierophant","hierophant:Defend_Hierophant","hierophant:Defend_Hierophant","hierophant:ChurchCoffers+1","hierophant:OrnateBuckler+1","hierophant:ThreeLashes","hierophant:HolyVerse","hierophant:OrnateBuckler","hierophant:Patience","hierophant:Zeal","hierophant:Batter"],"relics":["hierophant:PropheticMaskRelic","Calipers","Pocketwatch"],"acts_visited":["Exordium"],"potions_floor_usage":[11,16],"damage_taken":[{"damage":0,"enemies":"Small Slimes","floor":1,"turns":4},{"damage":0,"enemies":"2 Louse","floor":3,"turns":1},{"damage":0,"enemies":"Jaw Worm","floor":7,"turns":3},{"damage":0,"enemies":"2 Fungi Beasts","floor":10,"turns":2},{"damage":76,"enemies":"Lagavulin","floor":11,"turns":14},{"damage":0,"enemies":"3 Louse","floor":13,"turns":2},{"damage":55,"enemies":"The Guardian","floor":16,"turns":18}],"seed_played":"9161293117591536657","potions_obtained":[{"floor":3,"key":"Reflective Coating"},{"floor":11,"key":"LiquidMemories"}],"is_trial":false,"path_per_floor":["M","?","M","?","?","R","M","$","T","M","E","R","M","?","R","B"],"character_chosen":"HIEROPHANT","items_purchased":["hierophant:OrnateBuckler"],"campfire_rested":2,"item_purchase_floors":[8],"current_hp_per_floor":[82,82,82,82,82,82,82,82,82,82,6,30,30,30,54,0,0],"gold":155,"neow_bonus":"TEN_PERCENT_HP_BONUS","is_daily":false,"chose_seed":false,"campfire_upgraded":0,"win_rate":0.0,"timestamp":1611561481,"path_taken":["M","?","M","?","?","R","M","$","T","M","E","R","M","?","R","BOSS"],"items_purchased_type":["Card"],"build_version":"2020-12-22","purchased_purges":0,"victory":false,"max_hp_per_floor":[82,82,82,82,82,82,82,82,82,82,82,82,82,82,82,82,82],"card_choices":[{"not_picked":["hierophant:Doubloon","hierophant:Purify"],"picked":"hierophant:OrnateBuckler","floor":1},{"not_picked":["hierophant:Doubloon","hierophant:DisplayOfPower"],"picked":"hierophant:ThreeLashes","floor":3},{"not_picked":["hierophant:Alms","hierophant:RecallFunds"],"picked":"hierophant:HolyVerse","floor":7},{"not_picked":["hierophant:Flagellation","hierophant:DeathKnell"],"picked":"hierophant:Patience","floor":10},{"not_picked":["hierophant:OrnateBuckler","hierophant:HammerAndAnvil"],"picked":"hierophant:Zeal","floor":11},{"not_picked":["hierophant:Encroach","hierophant:PassingBell"],"picked":"hierophant:Batter","floor":13}],"player_experience":142571,"relics_obtained":[{"floor":9,"key":"Calipers"},{"floor":11,"key":"Pocketwatch"}],"event_choices":[{"damage_healed":0,"gold_gain":0,"player_choice":"Ignored","damage_taken":0,"max_hp_gain":0,"max_hp_loss":0,"event_name":"Golden Wing","floor":4,"gold_loss":0}],"is_beta":false,"boss_relics":[],"items_purged_floors":[],"is_endless":false,"potions_floor_spawned":[3,11],"killed_by":"The Guardian","ascension_level":0}}