{"host":"vc42n08di9czm3e7","time":1611540451,"event":{"mods":["AchievementEnabler","Act Like it!","BaseMod","Colored Powertips","Downfall","Friendly Minions","GifTheSpireLib","Minty Spire (QoL Compilation)","Rare Cards Sparkle","StSLib"],"gold_per_floor":[99,110,110,124,137,148,148,64,64,94,114,139,139,139,154,250,250,250,268,288,288,302,302,302,320,320,170,182,205,205,205,205],"floor_reached":30,"language":"ENG","playtime":1504,"items_purged":[],"score":242,"play_id":"add774a1-555b-4a67-80a9-fe30cc00ac32","local_time":"20210124210731","is_ascension_mode":false,"campfire_choices":[{"data":"bronze:GetLatest","floor":1,"key":"SMITH"},{"data":"bronze:Break","floor":9,"key":"SMITH"},{"floor":13,"key":"REST"},{"data":"bronze:Verify","floor":18,"key":"SMITH"},{"floor":23,"key":"REST"},{"floor":26,"key":"REST"}],"circlet_count":0,"master_deck":["bronze:Replicate","bronze:Goto","bronze:GetLatest+1","bronze:FineTuning+1","downfall:Malfunctioning","bronze:CutThrough","bronze:DelayedSlice","bronze:BitShift+1","bronze:Break+1","bronze:Repulsor","bronze:ShipIt","bronze:Boost","bronze:Frontload","bronze:Separator","bronze:Format+1","bronze:Shield","bronze:Flail","bronze:ShipIt","bronze:CleanCode","bronze:BugBarrage","bronze:HardenedForm","bronze:Verify+1","bronze:Overheat","bronze:Turbo+1","bronze:Terminator","bronze:Overload","Ghostly","bronze:BurnOut"],"relics":["bronze:BronzeCore","Nunchaku","Question Card","Potion Belt","Pandora\u0027s Box","InkBottle","War Paint"],"acts_visited":["Exordium","TheCity"],"potions_floor_usage":[12,15,15,16,22,25],"damage_taken":[{"damage":0,"enemies":"Small Slimes","floor":2,"turns":3},{"damage":6,"enemies":"2 Louse","floor":4,"turns":3},{"damage":10,"enemies":"Jaw Worm","floor":5,"turns":4},{"damage":7,"enemies":"Blue Slaver","floor":6,"turns":3},{"damage":0,"enemies":"downfall:FleeingMerchant","floor":8,"turns":4},{"damage":4,"enemies":"Gremlin Nob","floor":10,"turns":3},{"damage":8,"enemies":"2 Fungi Beasts","floor":11,"turns":3},{"damage":18,"enemies":"Lagavulin","floor":12,"turns":3},{"damage":8,"enemies":"Large Slime","floor":15,"turns":4},{"damage":21,"enemies":"IC_STATUS_ARCHETYPE","floor":16,"turns":7},{"damage":28,"enemies":"Shell Parasite","floor":19,"turns":5},{"damage":20,"enemies":"Spheric Guardian","floor":20,"turns":4},{"damage":10,"enemies":"Chosen and Byrds","floor":22,"turns":6},{"damage":1,"enemies":"Snecko","floor":25,"turns":4},{"damage":18,"enemies":"Centurion and Healer","floor":28,"turns":7},{"damage":25,"enemies":"Cultist and Chosen","floor":30,"turns":6}],"seed_played":"-6341474929834914765","potions_obtained":[{"floor":4,"key":"LiquidMemories"},{"floor":6,"key":"SneckoOil"},{"floor":12,"key":"DistilledChaos"},{"floor":15,"key":"Block Potion"},{"floor":16,"key":"SpeedPotion"},{"floor":19,"key":"Explosive Potion"},{"floor":20,"key":"PowerPotion"},{"floor":22,"key":"Energy Potion"}],"is_trial":false,"path_per_floor":["R","M","?","M","M","M","T","$","R","E","M","E","R","?","M","B",null,"R","M","M","?","M","R","T","M","R","?","M","T","M"],"character_chosen":"THE_AUTOMATON","items_purchased":["bronze:Repulsor"],"campfire_rested":3,"item_purchase_floors":[8],"current_hp_per_floor":[70,70,70,64,54,47,47,47,47,43,35,17,38,61,53,32,70,70,42,22,22,12,33,33,32,53,53,35,35,10,10,10],"gold":205,"neow_bonus":"THREE_CARDS","is_daily":false,"chose_seed":false,"campfire_upgraded":3,"win_rate":0.0,"timestamp":1611540451,"path_taken":["R","M","?","M","M","M","T","$","R","E","M","E","R","?","M","BOSS","R","M","M","?","M","R","T","M","R","?","M","?","M"],"items_purchased_type":["Card"],"build_version":"2020-12-22","purchased_purges":0,"victory":false,"max_hp_per_floor":[70,70,70,70,70,70,70,70,70,70,70,70,70,70,70,70,70,70,70,70,70,70,70,70,70,70,70,70,70,70,70,70],"card_choices":[{"not_picked":["bronze:Turbo","bronze:Allocate"],"picked":"bronze:GetLatest","floor":0},{"not_picked":["bronze:Iterate","bronze:ChildClass"],"picked":"bronze:FineTuning","floor":2},{"not_picked":["bronze:Allocate","bronze:ItsAFeature"],"picked":"bronze:CutThrough","floor":4},{"not_picked":["bronze:Safeguard","bronze:Shield"],"picked":"bronze:DelayedSlice","floor":5},{"not_picked":["bronze:BuggyMess","bronze:Deprecate"],"picked":"bronze:BitShift","floor":6},{"not_picked":["bronze:Repulsor","bronze:DigitalCarnage"],"picked":"bronze:Break","floor":8},{"not_picked":["bronze:DelayedSlice","bronze:CloningBeam"],"picked":"bronze:ShipIt","floor":10},{"not_picked":["bronze:Backtrace","bronze:Turbo","bronze:Overheat"],"picked":"bronze:Boost","floor":11},{"not_picked":["bronze:BitShift","bronze:Invalidate","bronze:WildBeam"],"picked":"bronze:Frontload","floor":12},{"not_picked":["bronze:Shield","bronze:Deprecate","bronze:BuggyMess"],"picked":"bronze:Separator","floor":15},{"not_picked":["bronze:ShipIt","bronze:FindAndReplace","bronze:ThunderWave"],"picked":"bronze:Format","floor":16},{"not_picked":["bronze:ClassDefault","bronze:Repulsor","bronze:WildBeam"],"picked":"bronze:Turbo+1","floor":19},{"not_picked":["bronze:BitShift","bronze:BronzeOrb","bronze:CutThrough+1","bronze:WhirlingStrike"],"picked":"SKIP","floor":20},{"not_picked":["bronze:ChosenStrike","bronze:ForLoop","bronze:Boost"],"picked":"bronze:Terminator","floor":22},{"not_picked":["bronze:Shield","bronze:Invalidate","bronze:BronzeArmor"],"picked":"bronze:Overload","floor":25},{"not_picked":["bronze:NullPointer","bronze:Iterate+1","bronze:Terminator"],"picked":"bronze:BurnOut","floor":28}],"player_experience":305747,"relics_obtained":[{"floor":7,"key":"Nunchaku"},{"floor":10,"key":"Question Card"},{"floor":12,"key":"Potion Belt"},{"floor":24,"key":"InkBottle"},{"floor":29,"key":"War Paint"}],"event_choices":[{"damage_healed":23,"gold_gain":0,"player_choice":"Banana","damage_taken":0,"max_hp_gain":0,"max_hp_loss":0,"event_name":"Big Fish","floor":14,"gold_loss":0}],"is_beta":false,"boss_relics":[{"not_picked":["SlaversCollar","Astrolabe"],"picked":"Pandora\u0027s Box"}],"items_purged_floors":[],"is_endless":false,"potions_floor_spawned":[4,6,12,15,16,19,20,22],"killed_by":"Cultist and Chosen","ascension_level":0}}