{"host":"bf9sa99gaumonoeu","time":1611545717,"event":{"mods":["AchievementEnabler","Act Like it!","Aspiration","BaseMod","Bestiary","Block Reminder","Colored Map","Colored Powertips","Downfall","Friendly Minions","Gensokyo","GifTheSpireLib","Hallownest","Hermit","Highlight Path","Jorbs\u0027s Wanderer Trilogy","KinomotoSakuraMod(????)","Koishi","Marisa????????","Minty Spire (QoL Compilation)","Rare Cards Sparkle","Relic Filter Mod","Relic Stats","Reliquary","Spire Arcade","StSLib","The Administrix","The Bug Knight","The Construct","The Runesmith","The Senshi","ojb\u0027s Info Mod"],"gold_per_floor":[117,117,127,142,158,158,169,202,202,202,202,202,227,227,227,329,329,346,359,372,382,163,175,207,6,6,6,6,6,6,22,22,122,122,133,93,46,62,112,112,123,137,437,437,456,104,134,149,149,149],"floor_reached":51,"language":"ENG","playtime":4483,"items_purged":["sneckomod:Strike","Pain"],"score":734,"play_id":"404bf931-bad1-40b2-8aad-e33ef39d9791","local_time":"20210125013517","is_ascension_mode":false,"campfire_choices":[{"floor":12.0,"key":"REST"},{"floor":49,"key":"REST"}],"circlet_count":0,"master_deck":["sneckomod:Strike+1","sneckomod:Defend","sneckomod:Defend","sneckomod:TailWhip","sneckomod:SnekBite","sneckomod:PureSnecko","sneckomod:UnendingSupply","sneckomod:QuickBite+1","sneckomod:UnknownX","Flying Knee","sneckomod:DangerNoodle","sneckomod:UnknownX","Calculated Gamble","sneckomod:UnlimitedRolls+1","stsjorbsmod:Index","sneckomod:Unknown3Cost","sneckomod:UnknownClassWANDERER_GRAY_COLOR+1","sneckomod:MorePower+1","sneckomod:Unknown3Cost+1","sneckomod:UnknownDraw","Terror+1","Necronomicurse","stsjorbsmod:CorrodingBarrier","sneckomod:QuickMove","Bullet Time+1","sneckomod:SerpentMind+1","sneckomod:UnknownRarePower+1","sneckomod:UnknownBlock","sneckomod:SoulDraw","sneckomod:UnknownDexterity+1","sneckomod:UnknownRareAttack","Footwork+1","sneckomod:UnknownBlock+1","sneckomod:ImprovisedGuard+1","sneckomod:WideSting+1","sneckomod:DiceBlock","sneckomod:UnknownClassGREEN+1"],"relics":["sneckomod:SneckoSoul","Orichalcum","Frozen Egg 2","Toy Ornithopter","WarpedTongs","Philosopher\u0027s Stone","Anchor","sneckomod:LoadedDie","aspiration:FrozenJewel","Necronomicon","aspiration:PoetsPen_weak","Turnip","Old Coin","Orrery","reliquary:PurpleTingedLeaf"],"acts_visited":["Exordium","TheCity","TheBeyond"],"potions_floor_usage":[31,31,31,33,33,50],"damage_taken":[{"damage":0.0,"enemies":"2 Louse","floor":1.0,"turns":3.0},{"damage":0.0,"enemies":"Jaw Worm","floor":3.0,"turns":3.0},{"damage":7.0,"enemies":"Cultist","floor":4.0,"turns":4.0},{"damage":15.0,"enemies":"Exordium Wildlife","floor":5.0,"turns":4.0},{"damage":10.0,"enemies":"2 Fungi Beasts","floor":7.0,"turns":3.0},{"damage":21.0,"enemies":"3 Sentries","floor":8.0,"turns":5.0},{"damage":11.0,"enemies":"Lagavulin","floor":13.0,"turns":6.0},{"damage":3.0,"enemies":"Slime Boss","floor":16.0,"turns":6.0},{"damage":2.0,"enemies":"Shell Parasite","floor":18.0,"turns":5.0},{"damage":5.0,"enemies":"Spheric Guardian","floor":19.0,"turns":3.0},{"damage":9.0,"enemies":"Shelled Parasite and Fungi","floor":20.0,"turns":6.0},{"damage":18.0,"enemies":"Snake Plant","floor":21.0,"turns":2.0},{"damage":15.0,"enemies":"Cultist and Chosen","floor":23.0,"turns":5.0},{"damage":4.0,"enemies":"Book of Stabbing","floor":24.0,"turns":4.0},{"damage":5,"enemies":"Shelled Parasite and Fungi","floor":31,"turns":4},{"damage":32,"enemies":"Collector","floor":33,"turns":10},{"damage":3,"enemies":"3 Shapes","floor":35,"turns":4},{"damage":0,"enemies":"Orb Walker","floor":38,"turns":2},{"damage":23,"enemies":"Mind Bloom Boss Battle","floor":39,"turns":6},{"damage":12,"enemies":"Spire Growth","floor":41,"turns":4},{"damage":0,"enemies":"4 Shapes","floor":42,"turns":1},{"damage":0,"enemies":"3 Darklings","floor":45,"turns":1},{"damage":10,"enemies":"Nemesis","floor":47,"turns":8},{"damage":0,"enemies":"Transient","floor":48,"turns":5},{"damage":23,"enemies":"Donu and Deca","floor":50,"turns":10}],"seed_played":"-5303612148501495204","potions_obtained":[{"floor":5.0,"key":"GamblersBrew"},{"floor":7.0,"key":"EntropicBrew"},{"floor":8.0,"key":"DistilledChaos"},{"floor":16.0,"key":"AttackPotion"},{"floor":23.0,"key":"SkillPotion"},{"floor":33,"key":"Weak Potion"},{"floor":36,"key":"DuplicationPotion"},{"floor":36,"key":"DistilledChaos"}],"is_trial":false,"path_per_floor":["M","?","M","M","M","R","M","E","T","R","?","R","E","?","R","B",null,"M","M","M","M","$","M","E","$","T","?","?","R","?","M","R","B",null,"M","?","$","M","?","R","M","M","T","?","M","$","E","M","R","B",null],"character_chosen":"THE_SNECKO","items_purchased":["LiquidBronze","sneckomod:MorePower+1","sneckomod:LoadedDie","sneckomod:UnknownDraw","sneckomod:SoulDraw","FairyPotion","Orrery"],"campfire_rested":2,"item_purchase_floors":[22,22,25,25,37,46,46],"current_hp_per_floor":[90,90,90,83,68,68,58,37,37,37,19,46,35,35,35,37,90,88,83,74,61,61,51,52,52,52,52,52,52,36,58,58,36,90,87,87,87,87,64,64,52,52,52,52,52,52,42,43,70,61],"gold":149,"neow_bonus":"TRANSFORM_CARD","is_daily":false,"chose_seed":false,"campfire_upgraded":0,"win_rate":0.0,"timestamp":1611545717,"path_taken":["M","?","M","M","M","R","M","E","T","R","?","R","E","?","R","BOSS","M","?","M","M","$","M","E","$","T","?","?","R","?","M","R","BOSS","M","?","?","M","?","R","M","M","T","?","M","$","E","M","R","BOSS"],"items_purchased_type":["Potion","Card","Relic","Card","Card","Potion","Relic"],"build_version":"2020-12-22","purchased_purges":2,"victory":true,"max_hp_per_floor":[90,90,90,90,90,90,90,90,90,90,90,90,90,90,90,90,90,90,90,90,90,90,90,90,90,90,90,90,90,90,90,90,90,90,90,90,90,90,90,90,90,90,90,90,90,90,90,90,90,90],"relic_stats":{"counters":[25,114],"Turnip":[0],"Necronomicon":[22],"Orichalcum":[180],"obtain_stats":[{"sneckomod:LoadedDie":25,"aspiration:PoetsPen_weak":34,"Orichalcum":8,"Frozen Egg 2":9,"sneckomod:SneckoSoul":0,"aspiration:FrozenJewel":26,"WarpedTongs":14,"Old Coin":43,"Anchor":24,"Orrery":46,"Philosopher\u0027s Stone":17,"Turnip":39,"Necronomicon":30,"Toy Ornithopter":13,"reliquary:PurpleTingedLeaf":47},{"sneckomod:LoadedDie":14,"aspiration:PoetsPen_weak":16,"Orichalcum":6,"Frozen Egg 2":6,"sneckomod:SneckoSoul":0,"aspiration:FrozenJewel":14,"WarpedTongs":7,"Old Coin":21,"Anchor":14,"Orrery":22,"Philosopher\u0027s Stone":8,"Turnip":19,"Necronomicon":14,"Toy Ornithopter":7,"reliquary:PurpleTingedLeaf":23},{"sneckomod:LoadedDie":59,"aspiration:PoetsPen_weak":73,"Orichalcum":22,"Frozen Egg 2":22,"sneckomod:SneckoSoul":0,"aspiration:FrozenJewel":59,"WarpedTongs":28,"Old Coin":90,"Anchor":59,"Orrery":91,"Philosopher\u0027s Stone":34,"Turnip":85,"Necronomicon":59,"Toy Ornithopter":28,"reliquary:PurpleTingedLeaf":99}],"Toy Ornithopter":50,"WarpedTongs":[86]},"card_choices":[{"not_picked":["sneckomod:SoulDraw","sneckomod:WideSting"],"picked":"sneckomod:UnendingSupply","floor":1.0},{"not_picked":["sneckomod:UnknownDraw","sneckomod:QuickMove"],"picked":"sneckomod:UnknownCommonAttack","floor":3.0},{"not_picked":["sneckomod:UnknownCommonSkill","sneckomod:SoulRoll"],"picked":"sneckomod:QuickBite","floor":4.0},{"not_picked":["sneckomod:UnknownWeak","sneckomod:WideSting"],"picked":"sneckomod:UnknownX","floor":5.0},{"not_picked":["sneckomod:SoulDraw","sneckomod:RainOfDice"],"picked":"sneckomod:DangerNoodle","floor":7.0},{"not_picked":["sneckomod:UnknownDraw","sneckomod:QuickBite"],"picked":"sneckomod:UnknownX","floor":8.0},{"not_picked":["sneckomod:SoulRoll","sneckomod:Nope"],"picked":"sneckomod:UnlimitedRolls+1","floor":13.0},{"not_picked":["sneckomod:Restock","sneckomod:UnlimitedRolls+1"],"picked":"sneckomod:Unknown3Cost","floor":16.0},{"not_picked":["sneckomod:UnknownCommonAttack","sneckomod:DiceBlock"],"picked":"sneckomod:UnknownClassWANDERER_GRAY_COLOR+1","floor":18.0},{"not_picked":["sneckomod:UnknownClassMARISA_DERIVATIONS+1","sneckomod:Unknown2Cost"],"picked":"sneckomod:Memorize+1","floor":19.0},{"not_picked":["sneckomod:Rotation","sneckomod:UnknownWeak"],"picked":"sneckomod:UnknownVulnerable+1","floor":20.0},{"not_picked":["sneckomod:UnknownClassGREEN+1","sneckomod:ImprovisedAttack","sneckomod:Unknown2Cost"],"picked":"SKIP","floor":21.0},{"not_picked":["sneckomod:UnknownClassCULL_RED_COLOR+1","sneckomod:UnknownClassSLIMEBOUND+1"],"picked":"sneckomod:Unknown3Cost+1","floor":23.0},{"not_picked":["sneckomod:SoulRoll","sneckomod:RainOfDice","sneckomod:WideSting"],"picked":"SKIP","floor":23.0},{"not_picked":["sneckomod:UnknownClassSAKURACARD_COLOR+1","sneckomod:UnknownStrength+1"],"picked":"sneckomod:UnknownRareSkill+1","floor":24.0},{"not_picked":["sneckomod:UnknownClassGREEN","sneckomod:UnknownUncommonPower+1"],"picked":"sneckomod:Unknown1Cost+1","floor":24.0},{"not_picked":["sneckomod:UnknownCommonSkill+1","sneckomod:UnknownRareAttack+1"],"picked":"sneckomod:Unknown3Cost+1","floor":31},{"not_picked":["sneckomod:UnknownClassMARISA_DERIVATIONS","sneckomod:WideSting"],"picked":"sneckomod:QuickMove","floor":31},{"not_picked":["sneckomod:MorePower+1","sneckomod:Cheat"],"picked":"sneckomod:SerpentMind+1","floor":33},{"not_picked":["sneckomod:UnknownClassCONSTRUCTMOD+1","sneckomod:UnknownVulnerable+1"],"picked":"sneckomod:UnknownRarePower+1","floor":35},{"not_picked":["sneckomod:ImprovisedAttack+1","sneckomod:QuickBite"],"picked":"sneckomod:UnknownBlock","floor":35},{"not_picked":["sneckomod:Unknown1Cost+1","sneckomod:UnknownCommonAttack","sneckomod:Rotation+1"],"picked":"SKIP","floor":38},{"not_picked":["sneckomod:UnknownClassGUARDIAN+1","sneckomod:UnknownClassTHE_BRONZE_AUTOMATON+1"],"picked":"sneckomod:UnknownDexterity+1","floor":39},{"not_picked":["sneckomod:SlitherStrike+1","sneckomod:IronFang+1"],"picked":"sneckomod:UnknownRareAttack","floor":39},{"not_picked":["sneckomod:UnknownClassBLUE+1","sneckomod:UnknownRareAttack+1"],"picked":"sneckomod:UnknownBlock+1","floor":41},{"not_picked":["sneckomod:SoulDraw","sneckomod:UnknownUncommonSkill","sneckomod:RainOfDice+1"],"picked":"SKIP","floor":41},{"not_picked":["sneckomod:SoulDraw","sneckomod:UnknownUncommonSkill","sneckomod:RainOfDice+1"],"picked":"SKIP","floor":41},{"not_picked":["sneckomod:UnknownBoss","sneckomod:SoulRoll","sneckomod:MasterEye+1"],"picked":"SKIP","floor":42},{"not_picked":["sneckomod:Unknown1Cost","sneckomod:Nope+1","sneckomod:UnknownBlock+1"],"picked":"SKIP","floor":45},{"not_picked":["sneckomod:CheapStock+1","sneckomod:RainOfDice"],"picked":"sneckomod:ImprovisedGuard+1","floor":46},{"not_picked":["sneckomod:Unknown1Cost","sneckomod:SnekBeam+1"],"picked":"sneckomod:WideSting+1","floor":46},{"not_picked":["sneckomod:UnknownDraw","sneckomod:UnendingSupply+1"],"picked":"sneckomod:DiceBlock","floor":46},{"not_picked":["sneckomod:UnknownX+1","sneckomod:UnknownClassHEXA_GHOST_PURPLE+1"],"picked":"sneckomod:UnknownClassGREEN+1","floor":47},{"not_picked":["sneckomod:DiceCrush+1","sneckomod:SoulCleanse","sneckomod:UnendingSupply+1"],"picked":"SKIP","floor":47},{"not_picked":["sneckomod:UnknownCommonAttack+1","sneckomod:Unknown+1","sneckomod:UnknownCommonSkill+1"],"picked":"SKIP","floor":48},{"not_picked":["sneckomod:Unknown0Cost+1","sneckomod:DefensiveFlair","sneckomod:UnknownVulnerable"],"picked":"SKIP","floor":48}],"player_experience":969265,"relics_obtained":[{"floor":8.0,"key":"Orichalcum"},{"floor":9.0,"key":"Frozen Egg 2"},{"floor":13.0,"key":"Toy Ornithopter"},{"floor":24.0,"key":"Anchor"},{"floor":26.0,"key":"aspiration:FrozenJewel"},{"floor":30,"key":"Necronomicon"},{"floor":39,"key":"Turnip"},{"floor":43,"key":"Old Coin"},{"floor":47,"key":"reliquary:PurpleTingedLeaf"}],"event_choices":[{"damage_healed":0.0,"max_hp_gain":0.0,"max_hp_loss":0.0,"gold_gain":0.0,"event_name":"Shining Light","player_choice":"Entered Light","floor":11.0,"gold_loss":0.0,"damage_taken":18.0,"cards_upgraded":["sneckomod:Strike","sneckomod:QuickBite"]},{"damage_healed":0.0,"max_hp_gain":0.0,"max_hp_loss":0.0,"gold_gain":0.0,"event_name":"Accursed Blacksmith","player_choice":"Rummage","floor":14.0,"gold_loss":0.0,"damage_taken":0.0,"relics_obtained":["WarpedTongs"],"cards_obtained":["Pain"]},{"damage_healed":0,"gold_gain":0,"player_choice":"Obtained Book","damage_taken":16,"max_hp_gain":0,"max_hp_loss":0,"event_name":"Cursed Tome","floor":30,"gold_loss":0},{"damage_healed":0,"gold_gain":0,"player_choice":"Bought 3 Potions","damage_taken":0,"max_hp_gain":0,"max_hp_loss":0,"event_name":"The Woman in Blue","floor":36,"gold_loss":0},{"damage_healed":0,"gold_gain":0,"player_choice":"Fight","damage_taken":0,"max_hp_gain":0,"max_hp_loss":0,"event_name":"MindBloom","floor":39,"gold_loss":0},{"cards_removed":["sneckomod:Defend"],"damage_healed":0,"gold_gain":0,"player_choice":"Removed Skill","damage_taken":0,"max_hp_gain":0,"max_hp_loss":0,"event_name":"Falling","floor":44,"gold_loss":0}],"is_beta":false,"boss_relics":[{"not_picked":["Tiny House","Velvet Choker"],"picked":"Philosopher\u0027s Stone"},{"not_picked":["construct:WeddingRing","Pandora\u0027s Box"],"picked":"aspiration:PoetsPen_weak"}],"items_purged_floors":[22,46],"is_endless":false,"potions_floor_spawned":[5,7,8,16,19,23,33,38,41,45,48],"ascension_level":0}}