{"host":"vumwfieg2b2mnrfl","time":1611544715,"event":{"mods":["AchievementEnabler","BaseMod","Minty Spire (QoL Compilation)","Rare Cards Sparkle","Relic Stats"],"gold_per_floor":[115,131,146,159,159,159,159],"floor_reached":6,"language":"ENG","playtime":221,"items_purged":[],"score":72,"play_id":"210afa4c-501f-45ab-b704-22bd7703ff1f","local_time":"20210124211835","is_ascension_mode":true,"campfire_choices":[],"circlet_count":0,"master_deck":["AscendersBane","Strike_R","Strike_R","Strike_R","Strike_R","Strike_R","Defend_R","Defend_R","Defend_R","Defend_R","Bash","Barricade","Sever Soul","Cleave","Demon Form"],"relics":["Burning Blood"],"acts_visited":["Exordium"],"potions_floor_usage":[4],"damage_taken":[{"damage":21,"enemies":"Jaw Worm","floor":1,"turns":7},{"damage":1,"enemies":"Cultist","floor":2,"turns":3},{"damage":7,"enemies":"Small Slimes","floor":3,"turns":4},{"damage":34,"enemies":"Exordium Wildlife","floor":4,"turns":6},{"damage":45,"enemies":"Lagavulin","floor":6,"turns":7}],"seed_played":"-3115846653224082208","potions_obtained":[{"floor":2,"key":"Block Potion"}],"is_trial":false,"path_per_floor":["M","M","M","M","?","E"],"character_chosen":"IRONCLAD","items_purchased":[],"campfire_rested":0,"item_purchase_floors":[],"current_hp_per_floor":[53,58,57,29,29,0,0],"gold":159,"neow_bonus":"THREE_RARE_CARDS","is_daily":false,"chose_seed":false,"campfire_upgraded":0,"win_rate":0.0,"timestamp":1611544715,"path_taken":["M","M","M","M","?","E"],"items_purchased_type":[],"build_version":"2020-12-22","purchased_purges":0,"victory":false,"max_hp_per_floor":[68,68,68,68,68,68,68],"relic_stats":{"counters":[5,27],"obtain_stats":[{"Burning Blood":0},{"Burning Blood":0},{"Burning Blood":0}],"Burning Blood":24},"card_choices":[{"not_picked":["Double Tap","Reaper"],"picked":"Barricade","floor":0},{"not_picked":["Thunderclap","Sword Boomerang"],"picked":"Sever Soul","floor":1},{"not_picked":["Burning Pact","Rupture","Twin Strike"],"picked":"SKIP","floor":2},{"not_picked":["Body Slam","Clash","Havoc"],"picked":"SKIP","floor":3},{"not_picked":["Corruption","Wild Strike"],"picked":"Cleave","floor":4}],"player_experience":455732,"relics_obtained":[],"event_choices":[{"damage_healed":0,"gold_gain":0,"player_choice":"1 cards matched","damage_taken":0,"max_hp_gain":0,"max_hp_loss":0,"event_name":"Match and Keep!","floor":5,"gold_loss":0,"cards_obtained":["Demon Form"]}],"is_beta":false,"boss_relics":[],"items_purged_floors":[],"is_endless":false,"potions_floor_spawned":[2],"killed_by":"Lagavulin","ascension_level":18}}