{"host":"p62uqwu04pp7leh9","time":1611568201,"event":{"mods":["BaseMod","Block Reminder","Colored Map","Colored Powertips","Minty Spire (QoL Compilation)","Relic Stats"],"gold_per_floor":[115,115,115,65,240,271,323,343,368,368,378,390,390,417,417,521,521,540,291,291,97,97,97,97,97],"floor_reached":24,"language":"ENG","playtime":1265,"items_purged":["Defend_R","Defend_R"],"score":245,"play_id":"c4fa721c-6760-465a-8786-0887cb6a1b29","local_time":"20210125035001","is_ascension_mode":true,"campfire_choices":[{"floor":10,"key":"REST"},{"data":"Armaments","floor":13,"key":"SMITH"},{"data":"Double Tap","floor":15,"key":"SMITH"},{"data":"Forethought","floor":23,"key":"SMITH"}],"circlet_count":0,"master_deck":["Defend_R","Bash","Body Slam","Spot Weakness","Searing Blow","Cleave","Flame Barrier","Armaments+1","Double Tap+1","Berserk","Chrysalis","Bite","Bite","Bite","Bite","Forethought+1","Spot Weakness","Thinking Ahead"],"relics":["Burning Blood","Gambling Chip","Regal Pillow","Bag of Preparation","Dream Catcher","Boot","Empty Cage"],"acts_visited":["Exordium","TheCity"],"potions_floor_usage":[6,16],"damage_taken":[{"damage":8,"enemies":"Jaw Worm","floor":1,"turns":4},{"damage":57,"enemies":"Lagavulin","floor":6,"turns":9},{"damage":25,"enemies":"Small Slimes","floor":8,"turns":4},{"damage":11,"enemies":"2 Louse","floor":11,"turns":3},{"damage":0,"enemies":"Large Slime","floor":12,"turns":6},{"damage":17,"enemies":"Gremlin Nob","floor":14,"turns":5},{"damage":17,"enemies":"Hexaghost","floor":16,"turns":11},{"damage":41,"enemies":"2 Thieves","floor":18,"turns":4},{"damage":70,"enemies":"Gremlin Leader","floor":24,"turns":5}],"seed_played":"-1287400206322058995","potions_obtained":[{"floor":1,"key":"BlessingOfTheForge"},{"floor":6,"key":"HeartOfIron"}],"is_trial":false,"path_per_floor":["M","?","?","?","?","E","T","M","T","R","M","M","R","E","R","B",null,"M","$","?","$","?","R","E"],"character_chosen":"IRONCLAD","items_purchased":["Chrysalis","Forethought"],"campfire_rested":1,"item_purchase_floors":[19,21],"current_hp_per_floor":[86,86,86,86,86,35,35,16,16,57,52,58,58,47,47,36,88,53,53,53,53,53,53,0,0],"gold":97,"neow_bonus":"TEN_PERCENT_HP_BONUS","is_daily":false,"chose_seed":false,"campfire_upgraded":3,"win_rate":0.0,"timestamp":1611568201,"path_taken":["M","?","?","?","?","E","?","M","T","R","M","M","R","E","R","BOSS","M","$","?","$","?","R","E"],"items_purchased_type":["Card","Card"],"build_version":"2020-12-22","purchased_purges":2,"victory":false,"max_hp_per_floor":[88,88,88,88,88,88,88,88,88,88,88,88,88,88,88,88,88,88,88,61,61,61,61,61,61],"relic_stats":{"Regal Pillow":15,"Dream Catcher":1,"counters":[9,51],"Gambling Chip":[23],"Bag of Preparation":[14],"Boot":[6],"obtain_stats":[{"Regal Pillow":6,"Dream Catcher":9,"Gambling Chip":2,"Bag of Preparation":7,"Boot":14,"Empty Cage":17,"Burning Blood":0},{"Regal Pillow":2,"Dream Catcher":3,"Gambling Chip":1,"Bag of Preparation":2,"Boot":6,"Empty Cage":7,"Burning Blood":0},{"Regal Pillow":13,"Dream Catcher":17,"Gambling Chip":4,"Bag of Preparation":13,"Boot":31,"Empty Cage":42,"Burning Blood":0}],"Burning Blood":48},"card_choices":[{"not_picked":["Entrench","Headbutt"],"picked":"Body Slam","floor":1},{"not_picked":["Iron Wave","Perfected Strike"],"picked":"Spot Weakness","floor":6},{"not_picked":["Rupture","Warcry"],"picked":"Searing Blow","floor":8},{"not_picked":["Clash","Dark Embrace"],"picked":"Cleave","floor":10},{"not_picked":["Fire Breathing","Cleave"],"picked":"Flame Barrier","floor":11},{"not_picked":["Headbutt","Pommel Strike"],"picked":"Armaments","floor":12},{"not_picked":["Flex","Dark Embrace"],"picked":"Double Tap","floor":14},{"not_picked":["Offering","Double Tap"],"picked":"Berserk","floor":16},{"not_picked":["Rupture+1","Seeing Red","Twin Strike"],"picked":"SKIP","floor":18}],"player_experience":326584,"relics_obtained":[{"floor":6,"key":"Regal Pillow"},{"floor":7,"key":"Bag of Preparation"},{"floor":9,"key":"Dream Catcher"},{"floor":14,"key":"Boot"}],"event_choices":[{"damage_healed":0,"gold_gain":0,"player_choice":"Box","damage_taken":0,"relics_obtained":["Gambling Chip"],"max_hp_gain":0,"max_hp_loss":0,"event_name":"Big Fish","floor":2,"gold_loss":0,"cards_obtained":["Regret"]},{"cards_removed":["Strike_R"],"damage_healed":0,"gold_gain":0,"player_choice":"Forget","damage_taken":0,"max_hp_gain":0,"max_hp_loss":0,"event_name":"Living Wall","floor":3,"gold_loss":0},{"cards_removed":["Regret"],"damage_healed":0,"gold_gain":0,"player_choice":"Card Removal","damage_taken":0,"max_hp_gain":0,"max_hp_loss":0,"event_name":"The Cleric","floor":4,"gold_loss":50},{"damage_healed":0,"gold_gain":175,"player_choice":"AGREE","damage_taken":0,"max_hp_gain":0,"max_hp_loss":0,"event_name":"Liars Game","floor":5,"gold_loss":0,"cards_obtained":["Doubt"]},{"damage_healed":0,"gold_gain":0,"player_choice":"Became a vampire","damage_taken":0,"max_hp_gain":0,"max_hp_loss":27,"event_name":"Vampires","floor":20,"gold_loss":0,"cards_obtained":["Bite","Bite","Bite","Bite","Bite"]},{"damage_healed":0,"gold_gain":0,"cards_transformed":["Defend_R","Bite"],"player_choice":"Became Test Subject","damage_taken":0,"max_hp_gain":0,"max_hp_loss":0,"event_name":"Drug Dealer","floor":22,"gold_loss":0,"cards_obtained":["Spot Weakness","Thinking Ahead"]}],"is_beta":false,"boss_relics":[{"not_picked":["Astrolabe","Calling Bell"],"picked":"Empty Cage"}],"items_purged_floors":[19,21],"is_endless":false,"potions_floor_spawned":[1,6],"killed_by":"Gremlin Leader","ascension_level":2}}