{"host":"yuhy0i501zzmn1iz","time":1611553002,"event":{"mods":["AchievementEnabler","AlwaysNeverKeys","BaseMod","Bestiary","Better Match","Better Third Choice","Curses Come First","Downfall","Minty Spire (QoL Compilation)","StSLib","slay the spire mod where everything is the same but ironclad has a cowboy hat"],"gold_per_floor":[110,185,185,205,380,380,395,395,395,395,395],"floor_reached":10,"language":"ENG","playtime":316,"items_purged":[],"score":64,"play_id":"8b34a9f6-8b3e-4321-8c85-cbb5df4ec758","local_time":"20210125003642","is_ascension_mode":true,"campfire_choices":[{"data":"Creative AI","floor":6,"key":"SMITH"},{"data":"Zap","floor":8,"key":"SMITH"}],"circlet_count":0,"master_deck":["Strike_B","Strike_B","Strike_B","Strike_B","Defend_B","Defend_B","Defend_B","Defend_B","Zap+1","Dualcast","downfall:Icky","Creative AI+1","Go for the Eyes","Go for the Eyes","Doubt","Conserve Battery"],"relics":["Cracked Core","Juzu Bracelet","Ornamental Fan"],"acts_visited":["Exordium"],"potions_floor_usage":[],"damage_taken":[{"damage":7,"enemies":"Jaw Worm","floor":1,"turns":3},{"damage":4,"enemies":"Small Slimes","floor":4,"turns":3},{"damage":2,"enemies":"2 Louse","floor":7,"turns":3},{"damage":43,"enemies":"3 Sentries","floor":10,"turns":6}],"seed_played":"-6446503075572469312","potions_obtained":[],"is_trial":false,"path_per_floor":["M","?","?","M","?","R","M","R","T","E"],"character_chosen":"DEFECT","items_purchased":[],"campfire_rested":0,"item_purchase_floors":[],"current_hp_per_floor":[68,57,45,41,41,41,39,39,39,0,0],"gold":395,"neow_bonus":"THREE_RARE_CARDS","is_daily":false,"chose_seed":false,"campfire_upgraded":2,"win_rate":0.0,"timestamp":1611553002,"path_taken":["M","?","?","M","?","R","M","R","T","E"],"items_purchased_type":[],"build_version":"2020-12-22","purchased_purges":0,"victory":false,"max_hp_per_floor":[75,75,75,75,75,75,75,75,75,75,75],"card_choices":[{"not_picked":["Rainbow","Buffer"],"picked":"Creative AI","floor":0},{"not_picked":["Cold Snap","Compile Driver"],"picked":"Go for the Eyes","floor":1},{"not_picked":["Turbo","Force Field"],"picked":"Go for the Eyes","floor":4},{"not_picked":["Redo","Rebound"],"picked":"Conserve Battery","floor":7}],"player_experience":342227,"relics_obtained":[{"floor":9,"key":"Ornamental Fan"}],"event_choices":[{"damage_healed":0,"gold_gain":75,"player_choice":"Gold","damage_taken":11,"max_hp_gain":0,"max_hp_loss":0,"event_name":"betterThird:BetterGoop","floor":2,"gold_loss":0},{"damage_healed":0,"gold_gain":0,"player_choice":"Relic ","damage_taken":12,"max_hp_gain":0,"max_hp_loss":0,"event_name":"betterThird:BetterScrap","floor":3,"gold_loss":0,"cards_obtained":["Envenom"]},{"damage_healed":0,"gold_gain":175,"player_choice":"AGREE","damage_taken":205,"max_hp_gain":0,"max_hp_loss":0,"event_name":"betterThird:BetterSerpent","floor":5,"gold_loss":0}],"is_beta":false,"boss_relics":[],"items_purged_floors":[],"is_endless":false,"potions_floor_spawned":[],"killed_by":"3 Sentries","ascension_level":3}}