{"host":"j0e3xzyxe6w4yncp","time":1611615204,"event":{"mods":["2.2 Compatiblity","BaseMod","Colored Map","Colored Powertips","Downfall","Minty Spire (QoL Compilation)","Quick Restart","Shop Mod","StSLib"],"gold_per_floor":[99,99,99,199,218,118,142,142,154,217,317,332,332,343,358,358,358,358],"floor_reached":16,"language":"ENG","playtime":4506,"items_purged":[],"score":90,"play_id":"6a1674d3-0f2b-4423-a353-8f4192110af3","local_time":"20210125175324","is_ascension_mode":false,"campfire_choices":[{"floor":1,"key":"RECALL"},{"data":"champ:PreemptiveStrike","floor":6,"key":"SMITH"},{"data":"champ:Duel","floor":8,"key":"SMITH"},{"data":"champ:Taunt","floor":13,"key":"SMITH"}],"circlet_count":0,"master_deck":["champ:Strike","champ:Strike","champ:Strike","champ:Strike","champ:Defend","champ:Defend","champ:Defend","champ:Defend","champ:Execute","champ:Taunt+1","champ:PreemptiveStrike+1","champ:BringItOn","champ:Parry","champ:Duel+1","champ:PreemptiveStrike","champ:PreciseThrust","champ:Lariat","champ:DefensiveShout","champ:EnGarde"],"relics":["champ:ChampionCrown","downfall:HeartsMalice","Champion Belt","downfall:HeartBlessingRed","Ancient Tea Set","Kunai"],"acts_visited":["Exordium"],"potions_floor_usage":[10,16],"damage_taken":[{"damage":0,"enemies":"Cultist","floor":2,"turns":1},{"damage":0,"enemies":"2 Louse","floor":3,"turns":1},{"damage":0,"enemies":"2 Louse","floor":4,"turns":1},{"damage":10,"enemies":"Small Slimes","floor":5,"turns":5},{"damage":8,"enemies":"Exordium Wildlife","floor":9,"turns":4},{"damage":23,"enemies":"Lagavulin Event","floor":10,"turns":6},{"damage":14,"enemies":"Red Slaver","floor":12,"turns":3},{"damage":10,"enemies":"Blue Slaver","floor":14,"turns":3},{"damage":26,"enemies":"Exordium Wildlife","floor":15,"turns":3},{"damage":38,"enemies":"IC_STATUS_ARCHETYPE","floor":16,"turns":8}],"seed_played":"451179278507764264","potions_obtained":[{"floor":4,"key":"SkillPotion"},{"floor":12,"key":"SmokeBomb"},{"floor":14,"key":"LiquidMemories"},{"floor":15,"key":"bronze:BurnAndBuffPotion"}],"is_trial":false,"path_per_floor":["R","M","M","?","M","R","T","R","M","?","?","M","R","M","M","B"],"character_chosen":"THE_CHAMP","items_purchased":[],"campfire_rested":0,"item_purchase_floors":[],"current_hp_per_floor":[90,90,90,90,90,90,90,90,82,64,64,50,50,50,34,0,0,0],"gold":358,"neow_bonus":"THREE_ENEMY_KILL","is_daily":false,"chose_seed":false,"campfire_upgraded":3,"win_rate":0.0,"timestamp":1611615204,"path_taken":["R","M","M","?","M","R","T","R","M","?","?","?","R","M","M","BOSS"],"items_purchased_type":[],"build_version":"2020-12-22","purchased_purges":0,"victory":false,"max_hp_per_floor":[90,90,90,90,90,90,90,90,90,90,90,90,90,90,90,90,90,90],"card_choices":[{"not_picked":["champ:Endure","champ:GladiatorStyle"],"picked":"champ:PreemptiveStrike","floor":2},{"not_picked":["champ:EnGarde","champ:FlashCut"],"picked":"champ:BringItOn","floor":3},{"not_picked":["champ:DefensiveShout","champ:Backstep"],"picked":"champ:Parry","floor":4},{"not_picked":["champ:BladeFlurry","champ:Haymaker"],"picked":"champ:Duel","floor":5},{"not_picked":["champ:TornadoPunch","champ:CrookedStrike"],"picked":"champ:PreemptiveStrike","floor":9},{"not_picked":["champ:CrownThrow","champ:IronFortress"],"picked":"champ:PreciseThrust","floor":10},{"not_picked":["champ:PreciseThrust","champ:RapidStrikes"],"picked":"champ:Lariat","floor":12},{"not_picked":["champ:RecklessLeap","champ:Duel"],"picked":"champ:DefensiveShout","floor":14},{"not_picked":["champ:FaceSlap","champ:EndlessRage"],"picked":"champ:EnGarde","floor":15}],"player_experience":669797,"relics_obtained":[{"floor":4,"key":"Champion Belt"},{"floor":7,"key":"Ancient Tea Set"},{"floor":10,"key":"Kunai"}],"event_choices":[],"is_beta":false,"boss_relics":[],"items_purged_floors":[],"is_endless":false,"potions_floor_spawned":[4,12,14,15],"killed_by":"IC_STATUS_ARCHETYPE","ascension_level":0}}