{"host":"19r1ww88x2tc73i0","time":1611562821,"event":{"mods":["BaseMod","BetterRewards","Colored Map","Minty Spire (QoL Compilation)","Relic Stats","StSLib","SuperFastMode","slay the spire mod where everything is the same but ironclad has a cowboy hat"],"gold_per_floor":[215,41,61,78,94,94,109,144,170,180,97,97,107,126,126,126,126],"floor_reached":16,"language":"ENG","playtime":630,"items_purged":["Strike_G"],"score":212,"play_id":"11686468-b31b-43e7-92ea-57d806cc88e1","local_time":"25640125152021","is_ascension_mode":true,"campfire_choices":[{"data":"Deadly Poison","floor":6,"key":"SMITH"},{"data":"Noxious Fumes","floor":12,"key":"SMITH"},{"data":"Burst","floor":15,"key":"SMITH"}],"circlet_count":0,"master_deck":["AscendersBane","Strike_G","Strike_G","Strike_G","Strike_G","Defend_G","Defend_G","Defend_G","Defend_G","Defend_G","Survivor","Neutralize","Cloak And Dagger","Deadly Poison+1","Noxious Fumes+1","Flechettes","Poisoned Stab","Crippling Poison","Heel Hook","Calculated Gamble","Blade Dance","Noxious Fumes","Backflip","Burst+1"],"relics":["Ring of the Snake","MealTicket","Tiny Chest"],"acts_visited":["Exordium"],"potions_floor_usage":[8,13,16],"damage_taken":[{"damage":5.0,"enemies":"Cultist","floor":1.0,"turns":6.0},{"damage":0.0,"enemies":"Jaw Worm","floor":3.0,"turns":4.0},{"damage":0.0,"enemies":"2 Louse","floor":4.0,"turns":3.0},{"damage":21,"enemies":"Large Slime","floor":5,"turns":7},{"damage":8,"enemies":"Lots of Slimes","floor":7,"turns":4},{"damage":20,"enemies":"Lagavulin","floor":8,"turns":6},{"damage":4,"enemies":"Blue Slaver","floor":10,"turns":4},{"damage":6,"enemies":"Exordium Wildlife","floor":13,"turns":4},{"damage":7,"enemies":"Red Slaver","floor":14,"turns":5},{"damage":28,"enemies":"Slime Boss","floor":16,"turns":3}],"seed_played":"-1470114086955471584","potions_obtained":[{"floor":3.0,"key":"GamblersBrew"},{"floor":7,"key":"Energy Potion"},{"floor":10,"key":"Fire Potion"},{"floor":14,"key":"SmokeBomb"}],"is_trial":false,"path_per_floor":["M","$","M","M","M","R","M","E","T","M","$","R","M","M","R","B"],"character_chosen":"THE_SILENT","items_purchased":["Deadly Poison","Noxious Fumes","Noxious Fumes"],"campfire_rested":0,"item_purchase_floors":[2,2,11],"current_hp_per_floor":[54,54,54,54,33,33,25,5,5,1,16,16,10,3,3,0,0],"gold":126,"neow_bonus":"HUNDRED_GOLD","is_daily":false,"chose_seed":false,"campfire_upgraded":3,"win_rate":0.0,"timestamp":1611562821,"path_taken":["M","$","M","M","?","R","M","E","T","M","$","R","M","M","R","BOSS"],"items_purchased_type":["Card","Card","Card"],"build_version":"2020-12-22","purchased_purges":1,"victory":false,"max_hp_per_floor":[66,66,66,66,66,66,66,66,66,66,66,66,66,66,66,66,66],"relic_stats":{"counters":[19,92],"MealTicket":15,"Tiny Chest":0,"obtain_stats":[{"Centennial Puzzle":7,"Ninja Scroll":10,"CeramicFish":9,"MealTicket":8,"Tiny Chest":9,"Ring of the Snake":0,"Pocketwatch":0},{"Centennial Puzzle":5,"Ninja Scroll":5,"CeramicFish":5,"MealTicket":15,"Tiny Chest":15,"Ring of the Snake":0,"Pocketwatch":0},{"Centennial Puzzle":18,"Ninja Scroll":18,"CeramicFish":18,"MealTicket":76,"Tiny Chest":76,"Ring of the Snake":0,"Pocketwatch":0}],"Ring of the Snake":[38]},"card_choices":[{"not_picked":["Prepared","Caltrops"],"picked":"Cloak And Dagger","floor":1.0},{"not_picked":["Dodge and Roll","Reflex"],"picked":"Flechettes","floor":3.0},{"not_picked":["Prepared","PiercingWail"],"picked":"Poisoned Stab","floor":4.0},{"not_picked":["Underhanded Strike","Heel Hook"],"picked":"Crippling Poison","floor":5},{"not_picked":["Dagger Throw","Choke"],"picked":"Heel Hook","floor":7},{"not_picked":["Underhanded Strike","Skewer"],"picked":"Calculated Gamble","floor":8},{"not_picked":["Dagger Throw","Finisher"],"picked":"Blade Dance","floor":10},{"not_picked":["Cloak And Dagger","Dodge and Roll"],"picked":"Backflip","floor":13},{"not_picked":["Setup","Deflect"],"picked":"Burst","floor":14}],"player_experience":946335,"relics_obtained":[{"floor":8,"key":"MealTicket"},{"floor":9,"key":"Tiny Chest"}],"event_choices":[],"is_beta":false,"boss_relics":[],"items_purged_floors":[2],"is_endless":false,"potions_floor_spawned":[3,7,10,14],"killed_by":"Slime Boss","ascension_level":20}}