{"host":"89iuq2p5kwriuwfq","time":1611583978,"event":{"mods":["BaseMod","Curses Come First","Minty Spire (QoL Compilation)","Permanent Neow","StSLib"],"gold_per_floor":[115,134,12,32,90,121,141,141,141],"floor_reached":8,"language":"ENG","playtime":501,"items_purged":[],"score":81,"play_id":"796a716d-0663-4c11-a182-164892963fbf","local_time":"20210125141258","is_ascension_mode":true,"campfire_choices":[],"circlet_count":0,"master_deck":["Strike_B","Strike_B","Strike_B","Strike_B","Defend_B","Defend_B","Defend_B","Defend_B","Zap","Dualcast","Recycle","Skim","Leap","Defragment","Streamline","Streamline","Conserve Battery"],"relics":["Cracked Core","Ice Cream"],"acts_visited":["Exordium"],"potions_floor_usage":[],"damage_taken":[{"damage":5.0,"enemies":"Cultist","floor":1.0,"turns":4.0},{"damage":2.0,"enemies":"Jaw Worm","floor":2.0,"turns":4.0},{"damage":6.0,"enemies":"2 Louse","floor":4.0,"turns":3.0},{"damage":22.0,"enemies":"Lagavulin","floor":6.0,"turns":8.0},{"damage":14.0,"enemies":"Exordium Thugs","floor":7.0,"turns":5.0},{"damage":9,"enemies":"Gremlin Nob","floor":8,"turns":3}],"seed_played":"-8421193519415302892","potions_obtained":[{"floor":1.0,"key":"SpeedPotion"},{"floor":6.0,"key":"BlessingOfTheForge"}],"is_trial":false,"path_per_floor":["M","M","$","M","?","E","M","E"],"character_chosen":"DEFECT","items_purchased":["Defragment","Streamline"],"campfire_rested":0,"item_purchase_floors":[3,3],"current_hp_per_floor":[63,61,61,55,55,33,19,10,10],"gold":141,"neow_bonus":"THREE_CARDS","is_daily":false,"chose_seed":false,"campfire_upgraded":0,"win_rate":0.0,"timestamp":1611583978,"path_taken":["M","M","$","M","?","E","M","E"],"items_purchased_type":["Card","Card"],"build_version":"2020-12-22","purchased_purges":0,"victory":false,"max_hp_per_floor":[75,75,75,75,75,75,75,75,75],"card_choices":[{"not_picked":["Stack","Sweeping Beam"],"picked":"Recycle","floor":0.0},{"not_picked":["Barrage","Sweeping Beam"],"picked":"Skim","floor":1.0},{"not_picked":["Sweeping Beam","Compile Driver"],"picked":"Leap","floor":2.0},{"not_picked":["Steam","Lockon","Reprogram"],"picked":"SKIP","floor":4.0},{"not_picked":["Compile Driver","Hello World"],"picked":"Streamline","floor":6.0},{"not_picked":["Barrage","Tempest"],"picked":"Conserve Battery","floor":7.0}],"player_experience":575176,"relics_obtained":[{"floor":6.0,"key":"Ice Cream"}],"event_choices":[{"damage_healed":0.0,"max_hp_gain":0.0,"max_hp_loss":0.0,"gold_gain":58.0,"event_name":"Golden Wing","player_choice":"Gained Gold","floor":5.0,"gold_loss":0.0,"damage_taken":0.0}],"is_beta":false,"boss_relics":[],"items_purged_floors":[],"is_endless":false,"potions_floor_spawned":[1,6],"killed_by":"Gremlin Nob","ascension_level":8}}