{"host":"rwd7yp9nr3nfpfre","time":1611587182,"event":{"mods":["Act Like it!","BaseMod","Hallownest","Minty Spire (QoL Compilation)","StSLib","The Bug Knight","The Senshi"],"gold_per_floor":[117,117,21,38,79,109,127,127,127,161,11,37,52,52,52,52,52],"floor_reached":16,"language":"ENG","playtime":1025,"items_purged":[],"score":118,"play_id":"51654215-9818-4264-8670-b39163f32f47","local_time":"20210125160622","is_ascension_mode":false,"campfire_choices":[{"data":"HollowMod:GrimmsGift","floor":8,"key":"SMITH"},{"floor":15,"key":"REST"}],"circlet_count":0,"master_deck":["HollowMod:NailStrikeStart","HollowMod:NailStrikeStart","HollowMod:NailStrikeStart","HollowMod:NailStrikeStart","HollowMod:QuickDashStart","HollowMod:QuickDashStart","HollowMod:QuickDashStart","HollowMod:QuickDashStart","HollowMod:FocusHealStart","HollowMod:PogoStrike","HollowMod:DashSlash","HollowMod:DashSlash","HollowMod:ShapeofUnn","HollowMod:DesolateDive","HollowMod:GrimmsGift+1","HollowMod:HowlingWraiths","HollowMod:SoulVessel","HollowMod:DungDefenderAura"],"relics":["HollowMod:VesselMask","HollowMod:PaleOreRelic","Hallownest:DreamNailRelic","Gambling Chip","White Beast Statue","Question Card","HollowMod:StagPassRelic","Strawberry"],"acts_visited":["Hallownest:Greenpath"],"potions_floor_usage":[6,13,13],"damage_taken":[{"damage":0,"enemies":"Hallownest:2_Baldur","floor":1,"turns":2},{"damage":0,"enemies":"Hallownest:monsterHuskGuard","floor":4,"turns":4},{"damage":32,"enemies":"Hallownest:eliteCrystalGuardian","floor":6,"turns":7},{"damage":6,"enemies":"Hallownest:2_MossCreeps","floor":7,"turns":4},{"damage":1,"enemies":"Hallownest:eliteMossKnight","floor":10,"turns":3},{"damage":1,"enemies":"Hallownest:eliteVengeflyKing","floor":12,"turns":4},{"damage":9,"enemies":"Hallownest:1_Ooma_and_2_Uuma","floor":13,"turns":2},{"damage":90,"enemies":"Hallownest:BossBrokenVessel","floor":16,"turns":11}],"seed_played":"-7007341249046669339","potions_obtained":[{"floor":7,"key":"Fire Potion"},{"floor":10,"key":"FearPotion"},{"floor":12,"key":"LiquidBronze"},{"floor":13,"key":"SpeedPotion"}],"is_trial":false,"path_per_floor":["M","?","$","M","?","E","M","R","T","E","?","E","M","?","R","B"],"character_chosen":"THE_BUGKNIGHT","items_purchased":["HollowMod:DashSlash","PowerPotion"],"campfire_rested":1,"item_purchase_floors":[3,3],"current_hp_per_floor":[75,75,75,75,75,50,50,50,50,49,49,55,46,46,70,0,0],"gold":52,"neow_bonus":"RANDOM_COMMON_RELIC","is_daily":false,"chose_seed":false,"campfire_upgraded":1,"win_rate":0.0,"timestamp":1611587182,"path_taken":["M","?","?","M","?","E","M","R","T","E","?","E","?","?","R","BOSS"],"items_purchased_type":["Card","Potion"],"build_version":"2020-12-22","purchased_purges":0,"victory":false,"max_hp_per_floor":[75,75,75,75,75,75,75,75,75,75,75,82,82,82,82,82,82],"card_choices":[{"not_picked":["HollowMod:SiblingsSouls","HollowMod:VengefulVoid"],"picked":"HollowMod:DashSlash","floor":1},{"not_picked":["HollowMod:MawleksShell","HollowMod:TaintedHusks"],"picked":"HollowMod:ShapeofUnn","floor":4},{"not_picked":["HollowMod:SoulSplash","HollowMod:InfectedCysts"],"picked":"HollowMod:DesolateDive","floor":6},{"not_picked":["HollowMod:Grubsong","HollowMod:InfectedCysts"],"picked":"HollowMod:GrimmsGift","floor":7},{"not_picked":["HollowMod:Grubsong","HollowMod:DashSlash"],"picked":"HollowMod:HowlingWraiths","floor":10},{"not_picked":["HollowMod:DashSlash","HollowMod:QuirrelsAssistance","HollowMod:SiblingsSouls"],"picked":"HollowMod:SoulVessel","floor":12},{"not_picked":["HollowMod:CornifersMapStart","HollowMod:HuntersJournal","HollowMod:HowlingWraiths"],"picked":"HollowMod:DungDefenderAura","floor":13}],"player_experience":368869,"relics_obtained":[{"floor":6,"key":"Gambling Chip"},{"floor":9,"key":"White Beast Statue"},{"floor":10,"key":"Question Card"},{"floor":12,"key":"Strawberry"}],"event_choices":[],"is_beta":false,"boss_relics":[],"items_purged_floors":[],"is_endless":false,"potions_floor_spawned":[7,10,12,13],"killed_by":"Hallownest:BossBrokenVessel","ascension_level":0}}