{"host":"eny0bxnatoru6fum","time":1611586512,"event":{"mods":["A Magickal Journey","AchievementEnabler","AlwaysNeverKeys","Aspiration","BaseMod","Beaked The Cultist","BetterRewards","Colored Map","Colored Powertips","Conspire","DeckTracker","Duelist Mod","Energized Spire","Glutton Mod","Halation","Hubris","Infinite Spire","Jedi Mod","Lobotomy","LobotomyExtend","Minty Spire (QoL Compilation)","Relic Sorter","Replay The Spire","Shop Mod","Spicy Shops","Spikes Relics","StSLib","Synergy Search","The Animator","The Blue Laboratory","The Bug Knight","The Cursed","The Hierophant","The Jungle","The Problem Sleuth","The Runesmith","The Sage","The Servant 0.9.4","The Spell Scribe"],"gold_per_floor":[118,136,151,151,343,371,371,383,407,582,608,620,620,651,651,756,756,771,771,788,268,280,313,333,350,377,393,9,20,36,36,36],"floor_reached":31,"language":"ENG","playtime":2741,"items_purged":["Doubt"],"score":281,"play_id":"ac726e70-e0e8-4503-94c6-68e5f24705a0","local_time":"20210125085512","is_ascension_mode":false,"campfire_choices":[{"floor":15,"key":"REST"}],"circlet_count":0,"master_deck":["HollowMod:NailStrikeStart+1","HollowMod:NailStrikeStart","HollowMod:NailStrikeStart","HollowMod:NailStrikeStart","HollowMod:QuickDashStart+1","HollowMod:QuickDashStart","HollowMod:QuickDashStart+1","HollowMod:QuickDashStart","HollowMod:FocusHealStart","HollowMod:PogoStrike","Dramatic Entrance","HollowMod:CycloneSlash","HollowMod:SlysStrikes","HollowMod:DashSlash+1","ReplayTheSpireMod:Splinters","HollowMod:MothsMistake","HollowMod:NewLittleFool+1","HollowMod:MothsMistake","HollowMod:HowlingWraiths","jedi:studypoison","HollowMod:SlysStrikes","HollowMod:QuirrelsAssistance","HollowMod:DungDefenderAura","ReplayTheSpireMod:Echo Chamber","Blade Dance","Bouncing Flask","HollowMod:LifebloodCocoon+1","HollowMod:TaintedHusks","conspire:PoisonWeapons","jedi:pocketpoison+1","HollowMod:CornifersMapStart+1"],"relics":["HollowMod:VesselMask","LetterFromLob","RetroEgg","Whetstone","aspiration:EmptySkull","hubris:DisguiseKit","jedi:HeartOfTheCards","jedi:battlestandard","halation:PromiseList","halation:AfternoonTea","Blue Doll"],"acts_visited":["Exordium","TheCity"],"potions_floor_usage":[6,14,29,30,30],"damage_taken":[{"damage":1,"enemies":"Jaw Worm","floor":1,"turns":2},{"damage":0,"enemies":"Small Slimes","floor":2,"turns":1},{"damage":0,"enemies":"conspire:RoseBush","floor":3,"turns":2},{"damage":18,"enemies":"Lagavulin","floor":6,"turns":7},{"damage":6,"enemies":"2 Fungi Beasts","floor":8,"turns":4},{"damage":7,"enemies":"HollowMod:MossKnight","floor":11,"turns":7},{"damage":3,"enemies":"Lots of Slimes","floor":12,"turns":5},{"damage":26,"enemies":"Replay:BlueRogue","floor":14,"turns":7},{"damage":27,"enemies":"HollowMod:FalseKnight","floor":16,"turns":6},{"damage":12,"enemies":"HollowMod:HuskSentry","floor":18,"turns":3},{"damage":18,"enemies":"2 Thieves","floor":20,"turns":4},{"damage":9,"enemies":"3 Cultists","floor":22,"turns":5},{"damage":27,"enemies":"theDuelist:KaibaA2","floor":23,"turns":5},{"damage":0,"enemies":"Centurion and Healer","floor":24,"turns":5},{"damage":40,"enemies":"Cultist and Chosen","floor":25,"turns":6},{"damage":17,"enemies":"conspire:HollyBat","floor":27,"turns":6},{"damage":7,"enemies":"Snecko","floor":29,"turns":4},{"damage":2,"enemies":"3 Cultists","floor":30,"turns":2},{"damage":2,"enemies":"Centurion and Healer","floor":31,"turns":1}],"seed_played":"7104506596455064543","potions_obtained":[{"floor":1,"key":"blueLaboratory:BottledHope"},{"floor":3,"key":"SteroidPotion"},{"floor":7,"key":"FairyPotion"},{"floor":7,"key":"blueLaboratory:BottleOfVodka"},{"floor":11,"key":"Strength Potion"},{"floor":16,"key":"Venom Potion"},{"floor":20,"key":"blueLaboratory:FrostheartPotion"},{"floor":23,"key":"SkillPotion"},{"floor":25,"key":"blueLaboratory:AbyssPotion"},{"floor":27,"key":"Fire Potion"}],"is_trial":false,"path_per_floor":["M","M","M","?","?","E","?","M","T","?","E","M","?","E","R","B",null,"M","M","M","?","M","E","M","M","T","M","$","M","M","M"],"character_chosen":"THE_BUGKNIGHT","items_purchased":["halation:AfternoonTea","Blue Doll"],"campfire_rested":1,"item_purchase_floors":[28,28],"current_hp_per_floor":[74,74,74,59,59,47,47,41,41,41,44,47,47,27,49,28,75,69,75,57,57,54,27,33,22,22,11,11,4,2,0,0],"gold":36,"neow_bonus":"RANDOM_COLORLESS","is_daily":false,"chose_seed":false,"campfire_upgraded":0,"win_rate":0.0,"timestamp":1611586512,"path_taken":["M","M","M","?","?","E","?","?","T","?","E","M","?","E","R","BOSS","M","M","M","?","M","E","M","M","T","M","$","M","M","M"],"items_purchased_type":["Relic","Relic"],"build_version":"2020-12-22","purchased_purges":1,"victory":false,"max_hp_per_floor":[75,75,75,75,75,75,75,75,75,75,75,75,75,75,75,75,75,75,75,75,75,75,75,75,75,75,75,75,75,75,75,75],"card_choices":[{"not_picked":["Assess","ReplayTheSpireMod:Uncanny Aura"],"picked":"Dramatic Entrance","floor":0},{"not_picked":["HollowMod:LifebloodCocoon","HollowMod:CornifersMapStart"],"picked":"HollowMod:CycloneSlash","floor":1},{"not_picked":["HollowMod:CloakDash","HollowMod:MantisMark"],"picked":"HollowMod:SlysStrikes","floor":2},{"not_picked":["HollowMod:SiblingsShadow","HollowMod:PerfectDash"],"picked":"HollowMod:DashSlash","floor":3},{"not_picked":["HollowMod:TaintedHusks","HollowMod:WraithStrike"],"picked":"HollowMod:MothsMistake","floor":5},{"not_picked":["HollowMod:WraithStrike","HollowMod:BlackTendrils","HollowMod:AbyssShriek"],"picked":"SKIP","floor":6},{"not_picked":["HollowMod:ChannelNail","HollowMod:GoodIntentions"],"picked":"HollowMod:NewLittleFool","floor":8},{"not_picked":["HollowMod:DescendingDark","HollowMod:SharpenedNail"],"picked":"HollowMod:MothsMistake","floor":11},{"not_picked":["HollowMod:SoulMaster","HollowMod:SiblingsSouls"],"picked":"HollowMod:HowlingWraiths","floor":12},{"not_picked":["HollowMod:SiblingsSouls","HollowMod:SoulEater","HollowMod:HowlingWraiths"],"picked":"jedi:studypoison","floor":14},{"not_picked":["HollowMod:Hiveblood","HollowMod:AwokenDreamNail","Glass Knife"],"picked":"HollowMod:SlysStrikes","floor":16},{"not_picked":["HollowMod:NewJinnsSoul+1","HollowMod:LifebloodCocoon","Dodge and Roll"],"picked":"HollowMod:QuirrelsAssistance","floor":18},{"not_picked":["HollowMod:MonarchWings","HollowMod:SiblingsSouls","conspire:PoisonWeapons"],"picked":"HollowMod:DungDefenderAura","floor":20},{"not_picked":["infinitespire:NeuralNetwork","infinitespire:UltimateForm"],"picked":"ReplayTheSpireMod:Echo Chamber","floor":21},{"not_picked":["HollowMod:NewLittleFool","HollowMod:SiblingsSouls","HollowMod:InfectedAttack+1"],"picked":"Blade Dance","floor":22},{"not_picked":["HollowMod:Hiveblood","HollowMod:GreatSlash","HollowMod:NewJinnsSoul"],"picked":"Bouncing Flask","floor":23},{"not_picked":["HollowMod:SharpenedNail","HollowMod:CornifersMapStart","Acrobatics"],"picked":"HollowMod:LifebloodCocoon+1","floor":24},{"not_picked":["HollowMod:SoulEater","HollowMod:NewLittleFool","Well Laid Plans"],"picked":"HollowMod:TaintedHusks","floor":25},{"not_picked":["HollowMod:MonarchWings+1","HollowMod:FastStrike","HollowMod:BaldurShell"],"picked":"conspire:PoisonWeapons","floor":27},{"not_picked":["HollowMod:HeavyBlow","HollowMod:CloakDash","HollowMod:InfectedAttack"],"picked":"jedi:pocketpoison","floor":29},{"not_picked":["HollowMod:AwokenDreamNail","HollowMod:BlackTendrils","Slice"],"picked":"HollowMod:CornifersMapStart","floor":30}],"player_experience":556991,"relics_obtained":[{"floor":1,"key":"LetterFromLob"},{"floor":6,"key":"RetroEgg"},{"floor":9,"key":"Whetstone"},{"floor":11,"key":"aspiration:EmptySkull"},{"floor":14,"key":"jedi:HeartOfTheCards"},{"floor":23,"key":"halation:PromiseList"}],"event_choices":[{"damage_healed":0,"gold_gain":0,"player_choice":"Entered Light","damage_taken":15,"max_hp_gain":0,"max_hp_loss":0,"event_name":"Shining Light","floor":4,"gold_loss":0,"cards_upgraded":["HollowMod:QuickDashStart","HollowMod:QuickDashStart"]},{"damage_healed":0,"gold_gain":0,"player_choice":"Got Potions","damage_taken":0,"max_hp_gain":0,"max_hp_loss":0,"event_name":"Lab","floor":7,"gold_loss":0},{"damage_healed":0,"gold_gain":175,"player_choice":"AGREE","damage_taken":0,"max_hp_gain":0,"max_hp_loss":0,"event_name":"Liars Game","floor":10,"gold_loss":0,"cards_obtained":["Doubt"]}],"is_beta":false,"boss_relics":[{"not_picked":["Abe\u0027s Treasure","Runic Dome"],"picked":"jedi:battlestandard"}],"items_purged_floors":[28],"is_endless":false,"potions_floor_spawned":[1,3,11,16,20,23,25,27],"killed_by":"Centurion and Healer","ascension_level":0}}