{"host":"vrsxkkch9ccrec7k","time":1611535387,"event":{"mods":["Act Like it!","BaseMod","Bestiary","Better Altar","Better Match","Better Note","Better Sensory Stone","Better Skull","Better Third Choice","Better Vampires","Downfall","Minty Spire (QoL Compilation)","Permanent Neow","Relic Stats","Spicy Shops","StSLib"],"gold_per_floor":[99,119,133,150,161,188,215,365,365,365,377,377,395,428,445,445,445,445],"floor_reached":16,"language":"ENG","playtime":778,"items_purged":[],"score":168,"play_id":"428be230-7532-4b34-a649-9dd4c1c1e9e4","local_time":"20210124194307","is_ascension_mode":true,"campfire_choices":[{"data":"bronze:Replicate","floor":1,"key":"SMITH"},{"data":"bronze:Goto","floor":10,"key":"SMITH"}],"circlet_count":0,"master_deck":["bronze:Strike","bronze:Strike","bronze:Strike","bronze:Strike","bronze:Defend","bronze:Defend","bronze:Defend","bronze:Defend","bronze:Replicate+1","bronze:Goto+1","bronze:Frontload","bronze:DelayedSlice","bronze:Flail","downfall:Icky","bronze:HyperBeam","bronze:ClassDefault","bronze:Branch"],"relics":["bronze:BronzeCore","Bronze Scales","Regal Pillow","sneckomod:BlankCard","White Beast Statue","Centennial Puzzle"],"acts_visited":["Exordium"],"potions_floor_usage":[6,6,12,14,16,16,16],"damage_taken":[{"damage":0,"enemies":"Small Slimes","floor":2,"turns":4},{"damage":2,"enemies":"Jaw Worm","floor":3,"turns":4},{"damage":0,"enemies":"Cultist","floor":4,"turns":3},{"damage":0,"enemies":"3 Louse","floor":5,"turns":1},{"damage":5,"enemies":"3 Sentries","floor":6,"turns":2},{"damage":4,"enemies":"Red Slaver","floor":11,"turns":5},{"damage":0,"enemies":"Exordium Wildlife","floor":12,"turns":1},{"damage":4,"enemies":"3 Louse","floor":13,"turns":3},{"damage":16,"enemies":"Gremlin Nob","floor":14,"turns":3},{"damage":16,"enemies":"Gremlin Gang","floor":15,"turns":2},{"damage":21,"enemies":"DF_ARCHETYPE_STREAMLINE","floor":16,"turns":9}],"seed_played":"7174535063732324687","potions_obtained":[{"floor":3,"key":"AttackPotion"},{"floor":4,"key":"SmokeBomb"},{"floor":5,"key":"bronze:FreeFunctionsPotion"},{"floor":11,"key":"Fire Potion"},{"floor":13,"key":"bronze:FreeFunctionsPotion"},{"floor":14,"key":"LiquidMemories"},{"floor":15,"key":"champ:CounterPotion"}],"is_trial":false,"path_per_floor":["R","M","M","M","M","E","T","?","T","R","M","M","M","E","M","B"],"character_chosen":"THE_AUTOMATON","items_purchased":[],"campfire_rested":0,"item_purchase_floors":[],"current_hp_per_floor":[63,63,61,61,61,56,56,56,56,56,52,52,48,32,16,0,0,0],"gold":445,"neow_bonus":"RANDOM_COMMON_RELIC","is_daily":false,"chose_seed":false,"campfire_upgraded":2,"win_rate":0.0,"timestamp":1611535387,"path_taken":["R","M","M","M","M","E","T","?","?","R","?","M","M","E","M","BOSS"],"items_purchased_type":[],"build_version":"2020-12-22","purchased_purges":0,"victory":false,"max_hp_per_floor":[70,70,70,70,70,70,70,70,70,70,70,70,70,70,70,70,70,70],"relic_stats":{"Regal Pillow":0,"Centennial Puzzle":[6],"counters":[11,37],"Bronze Scales":[78],"obtain_stats":[{"Regal Pillow":6,"Centennial Puzzle":14,"bronze:BronzeCore":0,"Bronze Scales":0,"sneckomod:BlankCard":7,"White Beast Statue":9},{"Regal Pillow":5,"Centennial Puzzle":9,"bronze:BronzeCore":0,"Bronze Scales":0,"sneckomod:BlankCard":5,"White Beast Statue":5},{"Regal Pillow":14,"Centennial Puzzle":26,"bronze:BronzeCore":0,"Bronze Scales":0,"sneckomod:BlankCard":14,"White Beast Statue":14}]},"card_choices":[{"not_picked":["bronze:Overload","bronze:Refactor"],"picked":"bronze:Frontload","floor":2},{"not_picked":["bronze:DelayedGuard","bronze:Frontload"],"picked":"bronze:DelayedSlice","floor":3},{"not_picked":["bronze:DelayedSlice","bronze:Overheat"],"picked":"bronze:Flail","floor":4},{"not_picked":["bronze:BitShift","bronze:ForLoop","bronze:BuggyMess"],"picked":"SKIP","floor":5},{"not_picked":["bronze:Frontload","bronze:BuggyMess","bronze:Safeguard"],"picked":"SKIP","floor":6},{"not_picked":["bronze:Branch","bronze:Safeguard"],"picked":"bronze:HyperBeam","floor":11},{"not_picked":["bronze:CloningBeam","bronze:WhirlingStrike"],"picked":"bronze:ClassDefault","floor":13},{"not_picked":["bronze:CleanCode","bronze:Invalidate","bronze:WildBeam"],"picked":"SKIP","floor":14},{"not_picked":["bronze:Frontload","bronze:InfiniteBeams"],"picked":"bronze:Branch","floor":15}],"player_experience":1722744,"relics_obtained":[{"floor":6,"key":"Regal Pillow"},{"floor":7,"key":"sneckomod:BlankCard"},{"floor":9,"key":"White Beast Statue"},{"floor":14,"key":"Centennial Puzzle"}],"event_choices":[],"is_beta":false,"boss_relics":[],"items_purged_floors":[],"is_endless":false,"potions_floor_spawned":[3,4,5,11,12,13,14,15],"killed_by":"DF_ARCHETYPE_STREAMLINE","ascension_level":9}}