{"host":"640uue19m79c7wbt","time":1611544477,"event":{"mods":["BaseMod","Colored Map","Googly Eyes","Highlight Path","Minty Spire (QoL Compilation)","Quick Restart","StSLib"],"gold_per_floor":[118,98,18,18,18,18,48,68,68,86,86,118,118,148,148,148,148],"floor_reached":16,"language":"ENG","playtime":406,"items_purged":[],"score":242,"play_id":"7e7049ab-dabd-4963-a673-10920517469b","local_time":"20210124221437","is_ascension_mode":true,"campfire_choices":[{"data":"Venomology","floor":6.0,"key":"SMITH"},{"floor":11.0,"key":"REST"},{"data":"Tactician","floor":13.0,"key":"SMITH"},{"floor":15.0,"key":"REST"}],"circlet_count":0,"master_deck":["AscendersBane","Strike_G","Strike_G","Strike_G","Strike_G","Strike_G","Defend_G","Defend_G","Defend_G","Defend_G","Defend_G+1","Survivor+1","Neutralize","Prepared","Venomology+1","Tactician+1","Reflex","Cloak And Dagger","Bullet Time"],"relics":["Ring of the Snake","NeowsBlessing","Bag of Preparation","White Beast Statue","Peace Pipe","Du-Vu Doll"],"acts_visited":["Exordium"],"potions_floor_usage":[16,16],"damage_taken":[{"damage":0.0,"enemies":"Jaw Worm","floor":1.0,"turns":1.0},{"damage":0.0,"enemies":"Gremlin Nob","floor":7.0,"turns":1.0},{"damage":0.0,"enemies":"Cultist","floor":8.0,"turns":1.0},{"damage":8.0,"enemies":"Small Slimes","floor":10.0,"turns":5.0},{"damage":25.0,"enemies":"Lagavulin","floor":12.0,"turns":10.0},{"damage":26,"enemies":"Hexaghost","floor":16,"turns":10}],"seed_played":"-7394812024937283163","potions_obtained":[{"floor":1.0,"key":"SkillPotion"},{"floor":2.0,"key":"FairyPotion"},{"floor":8.0,"key":"CultistPotion"},{"floor":10.0,"key":"PowerPotion"},{"floor":12.0,"key":"LiquidMemories"}],"is_trial":false,"path_per_floor":["M","?","$","?","$","R","E","M","T","M","R","E","R","?","R","B"],"character_chosen":"THE_SILENT","items_purchased":["Venomology"],"campfire_rested":2,"item_purchase_floors":[3],"current_hp_per_floor":[59,59,59,39,39,39,39,39,39,31,50,25,25,25,44,18,18],"gold":148,"neow_bonus":"THREE_ENEMY_KILL","is_daily":false,"chose_seed":false,"campfire_upgraded":2,"win_rate":0.0,"timestamp":1611544477,"path_taken":["M","?","?","?","$","R","E","?","T","M","R","E","R","?","R","BOSS"],"items_purchased_type":["Card"],"build_version":"2020-12-22","purchased_purges":0,"victory":false,"max_hp_per_floor":[66,66,66,66,66,66,66,66,66,66,66,66,66,66,66,66,66],"card_choices":[{"not_picked":["Quick Slash","All Out Attack"],"picked":"Prepared","floor":1.0},{"not_picked":["Crippling Poison","Escape Plan"],"picked":"Tactician","floor":7.0},{"not_picked":["Deflect","PiercingWail"],"picked":"Reflex","floor":8.0},{"not_picked":["PiercingWail","Prepared"],"picked":"Cloak And Dagger","floor":10.0},{"not_picked":["Catalyst","Flechettes"],"picked":"Bullet Time","floor":12.0}],"player_experience":636109,"relics_obtained":[{"floor":7.0,"key":"Bag of Preparation"},{"floor":9.0,"key":"White Beast Statue"},{"floor":12.0,"key":"Peace Pipe"}],"event_choices":[{"damage_healed":0.0,"max_hp_gain":0.0,"max_hp_loss":0.0,"gold_gain":0.0,"event_name":"The Woman in Blue","player_choice":"Bought 1 Potion","floor":2.0,"gold_loss":0.0,"damage_taken":0.0},{"damage_healed":0.0,"max_hp_gain":0.0,"max_hp_loss":0.0,"gold_gain":0.0,"event_name":"Shining Light","player_choice":"Entered Light","floor":4.0,"gold_loss":0.0,"damage_taken":20.0,"cards_upgraded":["Survivor","Defend_G"]},{"damage_healed":0.0,"max_hp_gain":0.0,"max_hp_loss":0.0,"gold_gain":30.0,"event_name":"Dead Adventurer","player_choice":"Searched \u00273\u0027 times","floor":14.0,"gold_loss":0.0,"damage_taken":0.0,"relics_obtained":["Du-Vu Doll"]}],"is_beta":false,"boss_relics":[],"items_purged_floors":[],"is_endless":false,"potions_floor_spawned":[1,8,10,12],"killed_by":"Hexaghost","ascension_level":17}}