{"host":"q1ejl7hv5l3527la","time":1611559181,"event":{"mods":["Aspiration","BaseMod","Better Altar","Better Third Choice","Colored Powertips","Downfall","Energized Spire","Evolution","Highlight Path","Infinite Spire","Jorbs\u0027s Wanderer Trilogy","Minty Spire (QoL Compilation)","Replay The Spire","Shop Mod","StSLib","The Hierophant","The Juggle"],"gold_per_floor":[118,138,138,153,253,278,278,295,295,307,319,338,338,350,350,452,452,470,470,395,409,409,409,409,423,475,475,506,517,517,63,63,158,158,178,101,121,0,39,39,39,54,54,82,109,109,109,109,109,135],"floor_reached":51,"language":"ENG","playtime":3214,"items_purged":["CommonCold","Parasite"],"score":826,"play_id":"681eae7f-fed2-48cc-ab5f-fc8cb200c83c","local_time":"20210125011941","is_ascension_mode":true,"campfire_choices":[{"data":"Barrage","floor":7,"key":"SMITH"},{"floor":15,"key":"REST"},{"floor":23,"key":"REST"},{"floor":30,"key":"REST"},{"data":"Panache","floor":32,"key":"SMITH"},{"floor":40,"key":"REST"},{"floor":46,"key":"REST"},{"floor":49,"key":"REST"}],"circlet_count":0,"master_deck":["Ball Lightning","Ball Lightning","Ball Lightning","Ball Lightning","Conserve Battery","Defend_B","Defend_B","Defend_B","Barrage","Barrage+1","Chill","Rebound","Go for the Eyes","Melter","Biased Cognition","Sweeping Beam","Vigilance","Eruption","Cold Snap","Streamline+1","Conserve Battery","Bite","Bite","Bite","Bite","Bite","Conserve Battery+1","Gash","Rebound","Ball Lightning","Cold Snap","ReplayTheSpireMod:Calculation Training","Double Energy+1","Panache+1","Blind","Beam Cell","ReplayGash","White Noise","Echo Form","Gash+1","Leap","Auto Shields","Redo+1","Capacitor+1","Coolheaded+1","Aggregate+1","Go for the Eyes","Barrage+1","Parasite","Lockon+1","Compile Driver+1","Coolheaded+1","Steam+1","Crow Ritual"],"relics":["EVO:Axolotl","Honey Jar","Lizard Tail","Replay:Accelerometer","Replay:Ancient Bell","Bronze Scales","Darkstone Periapt","infinitespire:Golems Mask","Prayer Wheel","infinitespire:PuzzleCube","Smiling Mask","Ancient Tea Set","BargainBundle","Replay:Baseball","Sozu","Red Mask","Mercury Hourglass","Raider\u0027s Mask","Replay:Bandana"],"acts_visited":["Exordium","TheCity","TheBeyond"],"potions_floor_usage":[4,14,16,21,33,50,50,50],"damage_taken":[{"damage":0,"enemies":"Small Slimes","floor":1,"turns":2},{"damage":0,"enemies":"Cultist","floor":2,"turns":2},{"damage":0,"enemies":"Jaw Worm","floor":4,"turns":2},{"damage":9,"enemies":"Gremlin Nob","floor":6,"turns":3},{"damage":0,"enemies":"Blue Slaver","floor":8,"turns":2},{"damage":0,"enemies":"2 Fungi Beasts","floor":10,"turns":2},{"damage":1,"enemies":"Looter","floor":11,"turns":2},{"damage":9,"enemies":"3 Louse","floor":12,"turns":3},{"damage":13,"enemies":"Exordium Wildlife","floor":14,"turns":3},{"damage":9,"enemies":"The Guardian","floor":16,"turns":9},{"damage":22,"enemies":"Shell Parasite","floor":18,"turns":4},{"damage":18,"enemies":"2 Thieves","floor":21,"turns":4},{"damage":8,"enemies":"Snecko","floor":25,"turns":4},{"damage":0,"enemies":"Gremlin Leader","floor":28,"turns":1},{"damage":10,"enemies":"Chosen and Byrds","floor":29,"turns":5},{"damage":60,"enemies":"Collector","floor":33,"turns":8},{"damage":15,"enemies":"Orb Walker","floor":35,"turns":3},{"damage":19,"enemies":"3 Shapes","floor":37,"turns":4},{"damage":15,"enemies":"Transient","floor":42,"turns":5},{"damage":30,"enemies":"Writhing Mass","floor":44,"turns":6},{"damage":4,"enemies":"4 Shapes","floor":45,"turns":2},{"damage":70,"enemies":"Time Eater","floor":50,"turns":10}],"seed_played":"-1771436033281787259","potions_obtained":[{"floor":2,"key":"PotionOfCapacity"},{"floor":3,"key":"Venom Potion"},{"floor":3,"key":"Guardian:BlockOnCardUsePotion"},{"floor":3,"key":"Guardian:BlockOnCardUsePotion"},{"floor":6,"key":"SkillPotion"},{"floor":11,"key":"Guardian:BlockOnCardUsePotion"},{"floor":16,"key":"GamblersBrew"},{"floor":18,"key":"Milkshake"},{"floor":28,"key":"LiquidMemories"}],"is_trial":false,"path_per_floor":["M","M","?","M","?","E","R","M","T","M","M","M","?","M","R","B",null,"M","?","?","M","?","R","AVR","M","T","?","E","M","R","$","R","B",null,"M","$","M","?","?","R","AVR","M","T","M","M","R","?","?","R","B",null],"character_chosen":"DEFECT","items_purchased":["BargainBundle","Panache","Blind","Replay:Baseball","Beam Cell","ReplayGash","White Noise","Auto Shields"],"campfire_rested":6,"item_purchase_floors":[31,31,31,31,31,31,31,36],"current_hp_per_floor":[75,75,75,75,75,66,66,66,66,66,65,56,56,43,65,56,93,71,65,65,49,49,65,65,58,58,58,58,56,65,62,62,10,62,51,51,38,38,38,56,56,47,47,31,29,49,49,49,68,6],"gold":135,"neow_bonus":"BOSS_RELIC","is_daily":false,"chose_seed":false,"campfire_upgraded":2,"win_rate":0.0,"timestamp":1611559181,"path_taken":["M","M","?","?","?","E","R","M","T","?","M","M","?","M","R","BOSS","M","?","?","M","?","R","AVR","M","T","?","E","?","R","$","R","BOSS","M","?","M","?","?","R","AVR","M","T","M","?","R","?","?","R","BOSS"],"items_purchased_type":["Relic","Card","Card","Relic","Card","Card","Card","Card"],"build_version":"2020-12-22","purchased_purges":2,"victory":true,"max_hp_per_floor":[75,75,75,75,75,75,75,75,75,75,75,75,75,75,75,75,93,93,65,65,65,65,65,65,65,65,65,65,65,65,62,62,62,62,62,62,62,62,62,62,62,62,62,68,68,68,68,68,68,68],"card_choices":[{"not_picked":["Redo","Blizzard","Stack"],"picked":"Barrage","floor":1},{"not_picked":["Buffer","Double Energy","Recycle"],"picked":"Barrage","floor":2},{"not_picked":["Rebound","aspiration:Polymerization","Hello World"],"picked":"Chill","floor":4},{"not_picked":["ReplaySolidLightProjector","Skim","Conserve Battery"],"picked":"Rebound","floor":6},{"not_picked":["Leap","Storm","ReplayTheSpireMod:Repulse"],"picked":"Go for the Eyes","floor":8},{"not_picked":["Steam Power","Go for the Eyes","Ball Lightning"],"picked":"Melter","floor":10},{"not_picked":["ReplayTheSpireMod:Reroute Power","Sweeping Beam","Streamline"],"picked":"Biased Cognition","floor":11},{"not_picked":["Leap","Coolheaded","Storm"],"picked":"Sweeping Beam","floor":12},{"not_picked":["Static Discharge","Hologram","Compile Driver"],"picked":"Cold Snap","floor":14},{"not_picked":["Multi-Cast","Hyperbeam","Mirror Shield"],"picked":"ReplayTheSpireMod:Fabricate Wheel","floor":16},{"not_picked":["Overencumbered","Sickly","downfall:Aged"],"picked":"CommonCold","floor":17},{"not_picked":["Doubt","Delirium","Overencumbered"],"picked":"Injury","floor":17},{"not_picked":["Amnesia","Pain","ReplayTheSpireMod:Restless Dread"],"picked":"Parasite","floor":17},{"not_picked":["Hologram","Rip and Tear","ReplayTheSpireMod:Repulse"],"picked":"Streamline+1","floor":18},{"not_picked":["ReplayRNGCard","ReplayTheSpireMod:System Scan","Go for the Eyes"],"picked":"Conserve Battery","floor":18},{"not_picked":["Darkness","Time Bomb","Sunder"],"picked":"Conserve Battery+1","floor":21},{"not_picked":["Streamline+1","Conserve Battery","Loop"],"picked":"Gash","floor":21},{"not_picked":["Double Energy","Undo","White Noise"],"picked":"Rebound","floor":25},{"not_picked":["Go for the Eyes","ReplayTheSpireMod:Omega Cannon","Turbo+1"],"picked":"Ball Lightning","floor":25},{"not_picked":["Compile Driver","Turbo","Reboot"],"picked":"Cold Snap","floor":28},{"not_picked":["Chill","Turbo","Hologram"],"picked":"ReplayTheSpireMod:Calculation Training","floor":29},{"not_picked":["White Noise","BasicCrystalCard","Ball Lightning"],"picked":"Double Energy+1","floor":29},{"not_picked":["Reboot","ReplayRNGCard","Amplify"],"picked":"Echo Form","floor":33},{"not_picked":["Streamline+1","Rebound+1","ReplaySolidLightProjector"],"picked":"Gash+1","floor":35},{"not_picked":["ReplayTheSpireMod:GoodbyeWorld","Turbo","ReplaySort+1"],"picked":"Leap","floor":35},{"not_picked":["FIFO Queue","Compile Driver+1","Rebound"],"picked":"Redo+1","floor":37},{"not_picked":["Coolheaded","Static Discharge+1","Hologram"],"picked":"Capacitor+1","floor":37},{"not_picked":["BasicCrystalCard+1","Reinforced Body+1","Glacier"],"picked":"Coolheaded+1","floor":39},{"not_picked":["Consume+1","Loop","White Noise+1"],"picked":"Aggregate+1","floor":39},{"not_picked":["Cold Snap","Turbo+1","Steam"],"picked":"Go for the Eyes","floor":42},{"not_picked":["Crystallizer+1","Thunder Strike","Compile Driver+1"],"picked":"Barrage+1","floor":42},{"not_picked":["Turbo","Streamline","Ball Lightning"],"picked":"Lockon+1","floor":44},{"not_picked":["Redo","Barrage","Steam Power"],"picked":"Compile Driver+1","floor":44},{"not_picked":["Barrage","Glacier+1","Chill+1"],"picked":"Coolheaded+1","floor":45},{"not_picked":["Self Repair+1","FIFO Queue","Force Field+1"],"picked":"Steam+1","floor":45},{"not_picked":["ReplayTheSpireMod:Brewmster","Survey Options","Secret Weapon"],"picked":"Crow Ritual","floor":48}],"player_experience":119670,"relics_obtained":[{"floor":6,"key":"Lizard Tail"},{"floor":9,"key":"Replay:Accelerometer"},{"floor":26,"key":"Smiling Mask"},{"floor":28,"key":"Ancient Tea Set"},{"floor":39,"key":"Mercury Hourglass"},{"floor":43,"key":"Replay:Bandana"}],"event_choices":[{"damage_healed":0,"gold_gain":0,"player_choice":"Got Potions","damage_taken":0,"max_hp_gain":0,"max_hp_loss":0,"event_name":"Lab","floor":3,"gold_loss":0},{"damage_healed":0,"gold_gain":100,"player_choice":"Pray","damage_taken":0,"max_hp_gain":0,"max_hp_loss":0,"event_name":"Golden Shrine","floor":5,"gold_loss":0},{"damage_healed":0,"gold_gain":0,"player_choice":"Became a vampire","damage_taken":0,"max_hp_gain":0,"max_hp_loss":28,"event_name":"Vampires","floor":19,"gold_loss":0,"cards_obtained":["Bite","Bite","Bite","Bite","Bite"]},{"cards_removed":["Injury"],"damage_healed":0,"gold_gain":0,"player_choice":"Gave Gold","damage_taken":0,"max_hp_gain":0,"max_hp_loss":0,"event_name":"Beggar","floor":20,"gold_loss":75},{"damage_healed":0,"gold_gain":0,"player_choice":"Ignored","damage_taken":0,"max_hp_gain":0,"max_hp_loss":0,"event_name":"Cursed Tome","floor":22,"gold_loss":0},{"damage_healed":0,"gold_gain":0,"player_choice":"Adaptability","damage_taken":0,"max_hp_gain":0,"max_hp_loss":0,"event_name":"betterThird:BetterWriting","floor":27,"gold_loss":0},{"damage_healed":0,"gold_gain":0,"player_choice":"Paid","damage_taken":0,"relics_obtained":["Red Mask"],"max_hp_gain":0,"max_hp_loss":0,"event_name":"Tomb of Lord Red Mask","floor":38,"gold_loss":121},{"damage_healed":0,"gold_gain":0,"player_choice":"Memory 1","damage_taken":0,"max_hp_gain":0,"max_hp_loss":0,"event_name":"SensoryStone","floor":48,"gold_loss":0}],"is_beta":false,"boss_relics":[{"not_picked":["energizedSpire:StickyHand","SlaversCollar"],"picked":"Replay:Ancient Bell"},{"not_picked":["Potion Belt","aspiration:HiddenCompartment"],"picked":"Bronze Scales"},{"not_picked":["Pantograph","Meat on the Bone"],"picked":"Darkstone Periapt"},{"not_picked":["infinitespire:Lychee Nut","CaptainsWheel"],"picked":"infinitespire:Golems Mask"},{"not_picked":["aspiration:IroncladSkillbook","Cursed Key"],"picked":"Sozu"}],"items_purged_floors":[24,31],"is_endless":false,"potions_floor_spawned":[2,6,11,16,18,28,35,44,45],"ascension_level":1}}