{"host":"09xy7x44mql7nhdq","time":1611602156,"event":{"mods":["AchievementEnabler","BaseMod","Colored Map","Colored Powertips","Filter the Spire","Minty Spire (QoL Compilation)","Quick Restart","Relic Stats","Slay the Relics Exporter","everything is the same but u backflip on backflip","ojb\u0027s Better Paths Mod","ojb\u0027s Info Mod","slay the spire mod where everything is the same but ironclad has a cowboy hat"],"gold_per_floor":[109,126,22,22,40,40,67,67,67,78,78,104,120,138,138,212,212,227,102,114,134,97,129,129,79,102,129,145,145,163,194,194,268,268,288,288,288,288,288,288,133,133,133,167,167,192,210,237,237,237,237,237,237,16,44,44,44],"floor_reached":56,"language":"ENG","playtime":5854,"items_purged":["Strike_B","Strike_B"],"score":2217,"play_id":"fec350ae-31be-4200-ba35-231aa0e2df58","local_time":"20210125141556","is_ascension_mode":true,"campfire_choices":[{"data":"Turbo","floor":6.0,"key":"SMITH"},{"data":"Buffer","floor":11.0,"key":"SMITH"},{"data":"Sunder","floor":15.0,"key":"SMITH"},{"data":"Blizzard","floor":24.0,"key":"SMITH"},{"data":"Fission","floor":29.0,"key":"SMITH"},{"data":"Hologram","floor":32.0,"key":"SMITH"},{"floor":40.0,"key":"RECALL"},{"data":"Seek","floor":42.0,"key":"SMITH"},{"data":"Hologram","floor":45.0,"key":"SMITH"},{"data":"Strike_B","floor":49.0,"key":"PURGE"},{"data":"Zap","floor":53,"key":"PURGE"}],"circlet_count":0,"master_deck":["AscendersBane","Defend_B","Defend_B","Defend_B","Defend_B","Dualcast","Gash","Turbo+1","Glacier","Rebound","Buffer+1","Sunder+1","Glacier","Fission+1","Hologram+1","Streamline+1","Blizzard+1","Hologram+1","Go for the Eyes+1","Seek+1","Gash+1","Dark Shackles","Cold Snap+1","Glacier"],"relics":["Runic Pyramid","Singing Bowl","White Beast Statue","Toy Ornithopter","SacredBark","Happy Flower","Orichalcum","Molten Egg 2","StrikeDummy","Coffee Dripper","Peace Pipe","FossilizedHelix","Centennial Puzzle","DollysMirror","Mummified Hand"],"acts_visited":["Exordium","TheCity","TheBeyond","TheEnding"],"potions_floor_usage":[56,56],"damage_taken":[{"damage":2.0,"enemies":"Cultist","floor":1.0,"turns":4.0},{"damage":3.0,"enemies":"2 Louse","floor":2.0,"turns":2.0},{"damage":7.0,"enemies":"Jaw Worm","floor":5.0,"turns":3.0},{"damage":21.0,"enemies":"3 Sentries","floor":7.0,"turns":11.0},{"damage":2.0,"enemies":"Large Slime","floor":10.0,"turns":6.0},{"damage":0.0,"enemies":"Lagavulin","floor":12.0,"turns":8.0},{"damage":1.0,"enemies":"2 Fungi Beasts","floor":13.0,"turns":3.0},{"damage":2.0,"enemies":"3 Louse","floor":14.0,"turns":3.0},{"damage":0.0,"enemies":"Slime Boss","floor":16.0,"turns":9.0},{"damage":0.0,"enemies":"Chosen","floor":18.0,"turns":6.0},{"damage":7.0,"enemies":"Shell Parasite","floor":20.0,"turns":6.0},{"damage":11.0,"enemies":"Snake Plant","floor":21.0,"turns":5.0},{"damage":12.0,"enemies":"Slavers","floor":23.0,"turns":8.0},{"damage":3.0,"enemies":"Book of Stabbing","floor":27.0,"turns":6.0},{"damage":0.0,"enemies":"3 Cultists","floor":28.0,"turns":5.0},{"damage":0.0,"enemies":"Snecko","floor":30.0,"turns":5.0},{"damage":0.0,"enemies":"Gremlin Leader","floor":31.0,"turns":9.0},{"damage":35.0,"enemies":"Automaton","floor":33.0,"turns":13.0},{"damage":0.0,"enemies":"3 Shapes","floor":35.0,"turns":7.0},{"damage":26.0,"enemies":"Nemesis","floor":44.0,"turns":9.0},{"damage":0.0,"enemies":"Mind Bloom Boss Battle","floor":46.0,"turns":4.0},{"damage":0.0,"enemies":"3 Darklings","floor":47.0,"turns":5.0},{"damage":0.0,"enemies":"Reptomancer","floor":48.0,"turns":6.0},{"damage":17.0,"enemies":"Awakened One","floor":50.0,"turns":32.0},{"damage":44.0,"enemies":"Time Eater","floor":51.0,"turns":17.0},{"damage":33,"enemies":"Shield and Spear","floor":55,"turns":8},{"damage":65,"enemies":"The Heart","floor":56,"turns":14}],"seed_played":"8193563926511088244","potions_obtained":[{"floor":7.0,"key":"Weak Potion"},{"floor":10.0,"key":"DuplicationPotion"},{"floor":12.0,"key":"Block Potion"},{"floor":13.0,"key":"DistilledChaos"},{"floor":14.0,"key":"GamblersBrew"},{"floor":18.0,"key":"FocusPotion"},{"floor":20.0,"key":"PowerPotion"},{"floor":21.0,"key":"GamblersBrew"},{"floor":23.0,"key":"ColorlessPotion"},{"floor":27.0,"key":"Explosive Potion"},{"floor":28.0,"key":"Block Potion"},{"floor":31.0,"key":"PowerPotion"},{"floor":33.0,"key":"PotionOfCapacity"},{"floor":35.0,"key":"Regen Potion"},{"floor":44.0,"key":"SkillPotion"},{"floor":46.0,"key":"PowerPotion"}],"is_trial":false,"path_per_floor":["M","M","$","?","M","R","E","?","T","M","R","E","M","M","R","B",null,"M","$","M","M","$","E","R","?","T","E","M","R","M","E","R","B",null,"M","?","?","?","?","R","$","R","T","E","R","?","M","E","R","B","B",null,"R","$","E","B"],"character_chosen":"DEFECT","items_purchased":["Glacier","Streamline","Hologram","Blizzard","Cold Snap+1","FocusPotion","DollysMirror"],"campfire_rested":0,"item_purchase_floors":[3,3,19,22,41,54,54],"current_hp_per_floor":[62,59,59,59,52,52,33,33,33,31,31,31,32,30,30,30,64,71,71,64,60,60,55,55,55,55,64,64,64,64,71,71,46,75,75,75,69,69,69,69,69,69,69,91,91,93,95,97,97,80,41,83,83,83,52,0,0],"gold":44,"neow_bonus":"BOSS_RELIC","is_daily":false,"chose_seed":false,"campfire_upgraded":8,"win_rate":0.0,"timestamp":1611602156,"path_taken":["M","?","$","?","M","R","E","?","T","?","R","E","M","M","R","BOSS","M","?","?","M","?","E","R","?","T","E","?","R","M","E","R","BOSS","M","?","?","?","?","R","$","R","T","E","R","?","M","E","R","BOSS","BOSS","R","$","E","BOSS"],"items_purchased_type":["Card","Card","Card","Card","Card","Potion","Relic"],"build_version":"2020-12-22","purchased_purges":2,"victory":false,"max_hp_per_floor":[71,71,71,71,71,71,73,73,73,73,73,73,75,75,75,75,75,77,77,77,79,79,81,81,81,81,83,83,83,83,85,85,85,85,85,85,89,89,89,89,89,89,89,91,91,93,95,97,97,97,97,97,97,97,99,99,99],"relic_stats":{"Peace Pipe":2,"Centennial Puzzle":[9],"Singing Bowl":28,"Happy Flower":[46],"counters":[27,214],"Mummified Hand":[0],"Orichalcum":[126],"obtain_stats":[{"Singing Bowl":7,"Happy Flower":23,"SacredBark":17,"Orichalcum":26,"White Beast Statue":9,"Peace Pipe":44,"Centennial Puzzle":48,"DollysMirror":54,"Mummified Hand":55,"Molten Egg 2":27,"Coffee Dripper":34,"Cracked Core":0,"StrikeDummy":31,"Toy Ornithopter":12,"FossilizedHelix":46,"Runic Pyramid":0},{"Singing Bowl":4,"Happy Flower":13,"SacredBark":9,"Orichalcum":13,"White Beast Statue":4,"Peace Pipe":20,"Centennial Puzzle":23,"DollysMirror":25,"Mummified Hand":26,"Molten Egg 2":14,"Coffee Dripper":18,"Cracked Core":0,"StrikeDummy":17,"Toy Ornithopter":6,"FossilizedHelix":21,"Runic Pyramid":0},{"Singing Bowl":20,"Happy Flower":74,"SacredBark":49,"Orichalcum":74,"White Beast Statue":20,"Peace Pipe":128,"Centennial Puzzle":143,"DollysMirror":192,"Mummified Hand":200,"Molten Egg 2":80,"Coffee Dripper":112,"Cracked Core":0,"StrikeDummy":99,"Toy Ornithopter":34,"FossilizedHelix":132,"Runic Pyramid":0}],"Toy Ornithopter":60},"card_choices":[{"not_picked":["Beam Cell","Leap"],"picked":"Gash","floor":1.0},{"not_picked":["Static Discharge","Conserve Battery"],"picked":"Turbo","floor":2.0},{"not_picked":["Coolheaded","Rebound","Turbo"],"picked":"SKIP","floor":5.0},{"not_picked":["Coolheaded","Turbo"],"picked":"Rebound","floor":5.0},{"not_picked":["Turbo","Loop","Darkness"],"picked":"Singing Bowl","floor":7.0},{"not_picked":["Heatsinks","Barrage"],"picked":"Buffer","floor":10.0},{"not_picked":["Glacier","Melter"],"picked":"Sunder","floor":12.0},{"not_picked":["Barrage","Auto Shields","Rip and Tear"],"picked":"Singing Bowl","floor":13.0},{"not_picked":["Rebound","Turbo"],"picked":"Glacier","floor":14.0},{"not_picked":["Buffer","Multi-Cast"],"picked":"Fission","floor":16.0},{"not_picked":["Reprogram+1","Consume","Rebound"],"picked":"Singing Bowl","floor":18.0},{"not_picked":["Self Repair","Doom and Gloom+1"],"picked":"Streamline+1","floor":20.0},{"not_picked":["Barrage","Stack","Doom and Gloom"],"picked":"Singing Bowl","floor":21.0},{"not_picked":["Go for the Eyes","Sunder","Barrage"],"picked":"Singing Bowl","floor":23.0},{"not_picked":["Reboot","Chaos","Hello World"],"picked":"Singing Bowl","floor":27.0},{"not_picked":["Streamline+1","Leap"],"picked":"Hologram","floor":28.0},{"not_picked":["Chaos","Barrage+1"],"picked":"Go for the Eyes+1","floor":30.0},{"not_picked":["Beam Cell+1","Storm","Go for the Eyes+1"],"picked":"Singing Bowl","floor":31.0},{"not_picked":["Multi-Cast","Machine Learning"],"picked":"Seek","floor":33.0},{"not_picked":["Consume","Turbo"],"picked":"Gash+1","floor":35.0},{"not_picked":["Swift Strike+1","Forethought","Enlightenment"],"picked":"Singing Bowl","floor":37.0},{"not_picked":["Finesse","Trip","Sadistic Nature"],"picked":"Singing Bowl","floor":37.0},{"not_picked":["Violence","Sadistic Nature"],"picked":"Dark Shackles","floor":37.0},{"not_picked":["Multi-Cast","Force Field","Loop"],"picked":"Singing Bowl","floor":44.0},{"not_picked":["Sweeping Beam+1","Doom and Gloom+1","Redo"],"picked":"Singing Bowl","floor":46.0},{"not_picked":["Go for the Eyes+1","Rebound+1","Beam Cell+1"],"picked":"Singing Bowl","floor":47.0},{"not_picked":["Compile Driver+1","Heatsinks","Barrage+1"],"picked":"Singing Bowl","floor":48.0},{"not_picked":["Tempest","Force Field+1","Storm"],"picked":"Singing Bowl","floor":55}],"player_experience":1096633,"relics_obtained":[{"floor":7.0,"key":"Singing Bowl"},{"floor":9.0,"key":"White Beast Statue"},{"floor":12.0,"key":"Toy Ornithopter"},{"floor":23.0,"key":"Happy Flower"},{"floor":26.0,"key":"Orichalcum"},{"floor":27.0,"key":"Molten Egg 2"},{"floor":31.0,"key":"StrikeDummy"},{"floor":44.0,"key":"Peace Pipe"},{"floor":46.0,"key":"FossilizedHelix"},{"floor":48.0,"key":"Centennial Puzzle"},{"floor":55,"key":"Mummified Hand"}],"event_choices":[{"damage_healed":0.0,"max_hp_gain":0.0,"max_hp_loss":0.0,"gold_gain":0.0,"event_name":"Liars Game","player_choice":"Ignored","floor":4.0,"gold_loss":0.0,"damage_taken":0.0},{"cards_removed":["Strike_B"],"damage_healed":0.0,"max_hp_gain":0.0,"max_hp_loss":0.0,"gold_gain":0.0,"event_name":"Bonfire Elementals","player_choice":"Offered Basic","floor":8.0,"gold_loss":0.0,"damage_taken":0.0},{"damage_healed":0.0,"max_hp_gain":0.0,"max_hp_loss":0.0,"gold_gain":0.0,"event_name":"The Joust","player_choice":"Bet on Murderer","floor":25.0,"gold_loss":50.0,"damage_taken":0.0},{"damage_healed":0.0,"max_hp_gain":0.0,"max_hp_loss":0.0,"gold_gain":0.0,"event_name":"Tomb of Lord Red Mask","player_choice":"Ignored","floor":36.0,"gold_loss":0.0,"damage_taken":0.0},{"damage_healed":0.0,"max_hp_gain":0.0,"max_hp_loss":0.0,"gold_gain":0.0,"event_name":"SensoryStone","player_choice":"Memory 3","floor":37.0,"gold_loss":0.0,"damage_taken":10.0},{"damage_healed":0.0,"max_hp_gain":0.0,"max_hp_loss":0.0,"gold_gain":0.0,"event_name":"Mysterious Sphere","player_choice":"Ignored","floor":38.0,"gold_loss":0.0,"damage_taken":0.0},{"cards_removed":["Streamline"],"damage_healed":0.0,"max_hp_gain":0.0,"max_hp_loss":0.0,"gold_gain":0.0,"event_name":"Falling","player_choice":"Removed Attack","floor":39.0,"gold_loss":0.0,"damage_taken":0.0},{"damage_healed":0.0,"max_hp_gain":0.0,"max_hp_loss":0.0,"gold_gain":0.0,"event_name":"MindBloom","player_choice":"Fight","floor":46.0,"gold_loss":0.0,"damage_taken":0.0}],"is_beta":false,"boss_relics":[{"not_picked":["Busted Crown","Astrolabe"],"picked":"SacredBark"},{"not_picked":["Nuclear Battery","Calling Bell"],"picked":"Coffee Dripper"}],"items_purged_floors":[19,41],"is_endless":false,"potions_floor_spawned":[7,10,12,13,14,16,18,20,21,23,27,28,30,31,33,35,44,46,47,48,55],"killed_by":"The Heart","ascension_level":20}}