{"host":"yaxsefyig1et0yi2","time":1611554533,"event":{"mods":["Aspiration","BaseMod","BetterRewards","Colored Powertips","Conspire","Displayed Cursed Tome","Downfall","Halation","Hubris","Infinite Spire","JesterMod","Minty Spire (QoL Compilation)","Quick Restart","RatMod","Replay The Spire","Reworked Bosses","Spikes Relics","StSLib","The Bug Knight","The Jungle"],"gold_per_floor":[118,132,150,160,170,170,170],"floor_reached":6,"language":"ENG","playtime":759,"items_purged":[],"score":40,"play_id":"b2c590ca-1c2e-43e1-94a1-eddb801b7dd1","local_time":"20210125010213","is_ascension_mode":false,"campfire_choices":[],"circlet_count":0,"master_deck":["HollowMod:NailStrikeStart","HollowMod:NailStrikeStart","HollowMod:NailStrikeStart","HollowMod:NailStrikeStart","HollowMod:QuickDashStart","HollowMod:QuickDashStart","HollowMod:QuickDashStart","HollowMod:QuickDashStart","HollowMod:FocusHealStart","HollowMod:PogoStrike","HollowMod:BrokenVessel","HollowMod:InfectedCysts","HollowMod:Grubsong","HollowMod:HowlingWraiths","HollowMod:SlysStrikes","HollowMod:SoulEater"],"relics":["HollowMod:VesselMask"],"acts_visited":["Exordium"],"potions_floor_usage":[6],"damage_taken":[{"damage":0.0,"enemies":"2 Louse","floor":1.0,"turns":3.0},{"damage":7.0,"enemies":"conspire:RoseBush","floor":2.0,"turns":4.0},{"damage":13.0,"enemies":"Cultist","floor":3.0,"turns":5.0},{"damage":23.0,"enemies":"Exordium Thugs","floor":4.0,"turns":4.0},{"damage":19.0,"enemies":"Looter","floor":5.0,"turns":4.0},{"damage":34,"enemies":"Gremlin Nob","floor":6,"turns":4}],"seed_played":"4569120945575241179","potions_obtained":[{"floor":3.0,"key":"SkillPotion"},{"floor":5.0,"key":"Venom Potion"}],"is_trial":false,"path_per_floor":["M","M","M","M","M","E"],"character_chosen":"THE_BUGKNIGHT","items_purchased":["HollowMod:BrokenVessel"],"campfire_rested":0,"item_purchase_floors":[0],"current_hp_per_floor":[75,68,65,42,29,0,0],"gold":170,"neow_bonus":"","is_daily":false,"chose_seed":false,"campfire_upgraded":0,"win_rate":0.0,"timestamp":1611554533,"path_taken":["M","M","M","M","M","E"],"items_purchased_type":["Card"],"build_version":"2020-12-22","purchased_purges":0,"victory":false,"max_hp_per_floor":[75,75,75,75,75,75,75],"card_choices":[{"not_picked":["HollowMod:SoulSplash","HollowMod:DashSlash"],"picked":"HollowMod:InfectedCysts","floor":1.0},{"not_picked":["HollowMod:CoiledNail","HollowMod:GoodIntentions"],"picked":"HollowMod:Grubsong","floor":2.0},{"not_picked":["HollowMod:DashSlash","HollowMod:SoulStrike"],"picked":"HollowMod:HowlingWraiths","floor":3.0},{"not_picked":["HollowMod:SharpenedNail","HollowMod:SharpenedShadows"],"picked":"HollowMod:SlysStrikes","floor":4.0},{"not_picked":["HollowMod:DreamGate","HollowMod:ShadowDash"],"picked":"HollowMod:SoulEater","floor":5.0}],"player_experience":265789,"relics_obtained":[],"event_choices":[],"is_beta":false,"boss_relics":[],"items_purged_floors":[],"is_endless":false,"potions_floor_spawned":[3,5],"killed_by":"Gremlin Nob","ascension_level":0}}