{"host":"iqi2f1z1yw5mc6j3","time":1611556333,"event":{"mods":["AchievementEnabler","BaseMod","Colored Powertips","Minty Spire (QoL Compilation)","Quick Restart","Replay The Spire","StSLib","The Cursed","The Hierophant","The Wild Card"],"gold_per_floor":[109,123,48,48,74,96,96,121,121,145,124,124,157,157,157,149,149],"floor_reached":16,"language":"ENG","playtime":1343,"items_purged":["hierophant:Strike_Hierophant"],"score":100,"play_id":"51cb4bb7-3f3e-4097-b5ca-b42c5f6765a4","local_time":"20210125013213","is_ascension_mode":false,"campfire_choices":[{"floor":7,"key":"REST"},{"floor":12,"key":"REST"},{"floor":15,"key":"REST"}],"circlet_count":0,"master_deck":["hierophant:Strike_Hierophant","hierophant:Strike_Hierophant","hierophant:Strike_Hierophant","hierophant:Punish","hierophant:Defend_Hierophant","hierophant:Defend_Hierophant","hierophant:Defend_Hierophant","hierophant:Defend_Hierophant","hierophant:ChurchCoffers","hierophant:Doubloon","hierophant:ConvertCurrency","hierophant:Doubloon","hierophant:Dazzle","hierophant:Shelter","hierophant:FieryStrike","hierophant:DisplayOfPower","hierophant:Blessing"],"relics":["hierophant:PropheticMaskRelic","Divine Protection","MealTicket","Odd Mushroom","Replay:Bottled Snecko"],"acts_visited":["Exordium"],"potions_floor_usage":[6,6,16,16],"damage_taken":[{"damage":4,"enemies":"Jaw Worm","floor":1,"turns":6},{"damage":0,"enemies":"2 Louse","floor":2,"turns":2},{"damage":0,"enemies":"Small Slimes","floor":5,"turns":3},{"damage":41,"enemies":"Lagavulin","floor":6,"turns":11},{"damage":0,"enemies":"2 Fungi Beasts","floor":8,"turns":3},{"damage":22,"enemies":"The Mushroom Lair","floor":10,"turns":6},{"damage":0,"enemies":"Gremlin Gang","floor":13,"turns":4},{"damage":12,"enemies":"Slime Boss","floor":16,"turns":5}],"seed_played":"-8899995655981728929","potions_obtained":[{"floor":1,"key":"Strength Potion"},{"floor":5,"key":"FearPotion"},{"floor":6,"key":"Strength Potion"},{"floor":13,"key":"SteroidPotion"}],"is_trial":false,"path_per_floor":["M","M","$","?","M","E","R","M","T","?","?","R","M","?","R","B"],"character_chosen":"HIEROPHANT","items_purchased":[],"campfire_rested":3,"item_purchase_floors":[],"current_hp_per_floor":[78,78,78,78,78,37,61,61,61,39,39,63,63,56,80,68,68],"gold":149,"neow_bonus":"TEN_PERCENT_HP_BONUS","is_daily":false,"chose_seed":false,"campfire_upgraded":0,"win_rate":0.0,"timestamp":1611556333,"path_taken":["M","M","$","?","M","E","R","M","T","?","?","R","M","?","R","BOSS"],"items_purchased_type":[],"build_version":"2020-12-22","purchased_purges":1,"victory":false,"max_hp_per_floor":[82,82,82,82,82,82,82,82,82,82,82,82,82,82,82,82,82],"card_choices":[{"not_picked":["hierophant:Prophecy","hierophant:Encroach"],"picked":"hierophant:ConvertCurrency","floor":1},{"not_picked":["hierophant:Doubloon","hierophant:Community"],"picked":"hierophant:Dazzle","floor":2},{"not_picked":["hierophant:SealAway","hierophant:Purify"],"picked":"hierophant:Shelter","floor":5},{"not_picked":["hierophant:RepressedViolence","hierophant:WrathOfGod","hierophant:ConvertCurrency"],"picked":"SKIP","floor":6},{"not_picked":["hierophant:Refuge","hierophant:EyeForCoin"],"picked":"hierophant:FieryStrike","floor":8},{"not_picked":["hierophant:PassingBell","hierophant:Doubloon"],"picked":"hierophant:DisplayOfPower","floor":10},{"not_picked":["hierophant:Repentance","hierophant:Empathy"],"picked":"hierophant:Blessing","floor":13}],"player_experience":63404,"relics_obtained":[{"floor":6,"key":"Divine Protection"},{"floor":9,"key":"MealTicket"},{"floor":10,"key":"Odd Mushroom"}],"event_choices":[{"damage_healed":0,"gold_gain":0,"player_choice":"Ignored","damage_taken":0,"max_hp_gain":0,"max_hp_loss":0,"event_name":"Liars Game","floor":4,"gold_loss":0},{"damage_healed":0,"gold_gain":0,"player_choice":"Fought Mushrooms","damage_taken":0,"max_hp_gain":0,"max_hp_loss":0,"event_name":"Mushrooms","floor":10,"gold_loss":0},{"damage_healed":0,"gold_gain":0,"player_choice":"Left Gold","damage_taken":0,"max_hp_gain":0,"max_hp_loss":0,"event_name":"World of Goop","floor":11,"gold_loss":21},{"damage_healed":0,"gold_gain":0,"player_choice":"Success","damage_taken":7,"relics_obtained":["Replay:Bottled Snecko"],"max_hp_gain":0,"max_hp_loss":0,"event_name":"Scrap Ooze","floor":14,"gold_loss":0}],"is_beta":false,"boss_relics":[],"items_purged_floors":[3],"is_endless":false,"potions_floor_spawned":[1,5,6,13],"killed_by":"Slime Boss","ascension_level":0}}