{"host":"yues347cfcckgxux","time":1611586946,"event":{"mods":["AchievementEnabler","Act Like it!","BaseMod","Gensokyo","Minty Spire (QoL Compilation)","Practice Mode","StSLib","The Bug Knight"],"gold_per_floor":[113,126,126,4,4,4,32,32,32,32,58,58,83,300,300,402,702,722,262,272,272,292,321,80,80,105,65,98,3,38,56,56,160,210,230,240,259,207,225,260,260,295,319,116,26,39,39,86,86,86,86,86,34,63,63,63],"floor_reached":55,"language":"ZHS","playtime":6646,"items_purged":["HollowMod:NailStrikeStart","HollowMod:QuickDashStart"],"score":830,"play_id":"32de18a0-b26a-47ba-9790-38fbf9eac7d8","local_time":"20210126020226","is_ascension_mode":true,"campfire_choices":[{"data":"HollowMod:FocusHealStart","floor":6.0,"key":"SMITH"},{"data":"HollowMod:SoulStrike","floor":8.0,"key":"SMITH"},{"data":"HollowMod:SoulSplash","floor":10.0,"key":"SMITH"},{"data":"HollowMod:CloakDash","floor":15.0,"key":"SMITH"},{"data":"Gensokyo:LittleGreenMen","floor":25.0,"key":"SMITH"},{"data":"Transmutation","floor":32.0,"key":"SMITH"},{"floor":41.0,"key":"REST"},{"floor":47.0,"key":"RECALL"},{"floor":49.0,"key":"REST"},{"data":"HollowMod:CloakDash","floor":52.0,"key":"SMITH"}],"circlet_count":0,"master_deck":["HollowMod:NailStrikeStart","HollowMod:NailStrikeStart","HollowMod:QuickDashStart","HollowMod:QuickDashStart","HollowMod:FocusHealStart+1","HollowMod:PogoStrike","HollowMod:MidwifesHunger","HollowMod:MonarchWings+1","HollowMod:HowlingWraiths+1","HollowMod:FastStrike","HollowMod:DoubleDash","HollowMod:SoulSplash+1","HollowMod:SoulStrike+1","HollowMod:ChannelNail","HollowMod:CrystalDash","HollowMod:ZotesMagnificence","CurseOfTheBell","HollowMod:SoulStrike","Gensokyo:LittleGreenMen+1","HollowMod:NewLittleFool+1","HollowMod:GoodIntentions+1","Transmutation+1","Finesse","HollowMod:ShapeofUnn+1","HollowMod:HowlingWraiths","HollowMod:CloakDash+1","HollowMod:CloakDash","HollowMod:SoulStrike+1","HollowMod:CloakDash","HollowMod:DreamGate","Gensokyo:CustomPotion","HollowMod:NewLittleFool+1","HollowMod:CycloneSlash+1"],"relics":["HollowMod:VesselMask","Regal Pillow","Vajra","HollowMod:MillibellesNoteRelic","MealTicket","Mercury Hourglass","Calling Bell","Oddly Smooth Stone","Shuriken","Old Coin","HollowMod:KingsBrand","HollowMod:LumaflyLanternRelic","Lizard Tail","HollowMod:PaleOreRelic","Dream Catcher","Tiny House","Centennial Puzzle","Bronze Scales","Bag of Marbles","Ancient Tea Set","Juzu Bracelet","HollowMod:LifeEnderRelic"],"acts_visited":["Exordium","Gensokyo:Gensokyo","Gensokyo:Gensokyoer","TheEnding"],"potions_floor_usage":[55],"damage_taken":[{"damage":0.0,"enemies":"Gensokyo:Gryphon","floor":1.0,"turns":5.0},{"damage":0.0,"enemies":"Gensokyo:2_Kodama","floor":2.0,"turns":4.0},{"damage":16.0,"enemies":"Gensokyo:Cirno","floor":7.0,"turns":6.0},{"damage":10.0,"enemies":"Gensokyo:Mamizou","floor":11.0,"turns":8.0},{"damage":15.0,"enemies":"Gensokyo:Cirno","floor":13.0,"turns":6.0},{"damage":0.0,"enemies":"Gensokyo:3_Fairies","floor":14.0,"turns":3.0},{"damage":43.0,"enemies":"Gensokyo:Yukari","floor":16.0,"turns":13.0},{"damage":4.0,"enemies":"Gensokyo:Chomper","floor":18.0,"turns":3.0},{"damage":21.0,"enemies":"Gensokyo:3_Dogs","floor":20.0,"turns":5.0},{"damage":0.0,"enemies":"Gensokyo:3_Gloops","floor":22.0,"turns":3.0},{"damage":10.0,"enemies":"Gensokyo:Reisen","floor":23.0,"turns":6.0},{"damage":26.0,"enemies":"Gensokyo:Koishi","floor":28.0,"turns":8.0},{"damage":21.0,"enemies":"Gensokyo:Tenshi","floor":30.0,"turns":6.0},{"damage":10.0,"enemies":"Gensokyo:Swordslinger","floor":31.0,"turns":3.0},{"damage":37.0,"enemies":"Gensokyo:Eternal_Rivals","floor":33.0,"turns":9.0},{"damage":6.0,"enemies":"Gensokyo:3_Bats","floor":35.0,"turns":2.0},{"damage":26.0,"enemies":"Gensokyo:3_Boulders","floor":36.0,"turns":3.0},{"damage":24.0,"enemies":"Gensokyo:4_Bats","floor":37.0,"turns":4.0},{"damage":31.0,"enemies":"Gensokyo:AtlasGolem","floor":39.0,"turns":4.0},{"damage":11.0,"enemies":"Gensokyo:Doremy","floor":40.0,"turns":6.0},{"damage":27.0,"enemies":"Gensokyo:Marisa","floor":42.0,"turns":5.0},{"damage":5.0,"enemies":"Gensokyo:Dusk_and_Dawn","floor":46.0,"turns":5.0},{"damage":65.0,"enemies":"Gensokyo:Shinki","floor":50.0,"turns":9.0},{"damage":13.0,"enemies":"Shield and Spear","floor":54.0,"turns":5.0},{"damage":239,"enemies":"The Heart","floor":55,"turns":11}],"seed_played":"-3304211023811004400","potions_obtained":[{"floor":7.0,"key":"SkillPotion"},{"floor":11.0,"key":"SkillPotion"},{"floor":14.0,"key":"Swift Potion"},{"floor":18.0,"key":"Fire Potion"},{"floor":31.0,"key":"Explosive Potion"},{"floor":33.0,"key":"Energy Potion"},{"floor":34.0,"key":"Fruit Juice"},{"floor":35.0,"key":"Weak Potion"}],"is_trial":false,"path_per_floor":["M","M","?","COS","?","R","E","R","T","R","E","$","E","M","R","B",null,"M","COS","M","?","M","E","$","R","T","?","E","$","E","M","R","B",null,"M","M","M","COS","M","E","R","E","T","$","?","M","R","T","R","B",null,"R","$","E","B"],"character_chosen":"THE_BUGKNIGHT","items_purchased":["Transmutation","Finesse","HollowMod:CloakDash","HollowMod:DreamGate","SteroidPotion"],"campfire_rested":2,"item_purchase_floors":[24,29,44,44,53],"current_hp_per_floor":[54,54,54,54,54,54,44,44,44,44,40,40,29,35,35,6,75,71,71,56,56,56,46,61,61,61,61,45,60,45,35,35,4,85,79,59,35,35,4,1,41,14,14,29,29,24,24,24,64,1,85,85,85,72,0,0],"gold":63,"neow_bonus":"TRANSFORM_TWO_CARDS","is_daily":false,"chose_seed":false,"campfire_upgraded":7,"win_rate":0.0,"timestamp":1611586946,"path_taken":["M","?","?","COS","?","R","E","R","T","R","E","?","E","?","R","BOSS","M","COS","?","?","?","E","$","R","T","?","E","?","E","M","R","BOSS","M","M","?","COS","?","E","R","E","T","$","?","M","R","?","R","BOSS","R","$","E","BOSS"],"items_purchased_type":["Card","Card","Card","Card","Potion"],"build_version":"2020-12-22","purchased_purges":2,"victory":false,"max_hp_per_floor":[75,75,75,75,75,75,75,75,75,75,75,75,75,75,75,75,75,75,75,75,75,75,75,75,75,75,75,75,75,75,75,75,75,85,85,85,85,85,85,85,85,85,85,85,85,85,85,85,85,85,85,85,85,85,85,85],"card_choices":[{"not_picked":["HollowMod:ShadowDash","HollowMod:VengefulVoid"],"picked":"HollowMod:HowlingWraiths","floor":1.0},{"not_picked":["HollowMod:RecoilStrike","HollowMod:VengefulSpirit"],"picked":"HollowMod:FastStrike","floor":2.0},{"not_picked":["HollowMod:HowlingWraiths","HollowMod:HeavyBlow"],"picked":"HollowMod:DoubleDash","floor":5.0},{"not_picked":["HollowMod:Grubsong","HollowMod:SiblingsShadow"],"picked":"HollowMod:SoulSplash","floor":5.0},{"not_picked":["HollowMod:RecoilStrike","HollowMod:PureNailStrike"],"picked":"HollowMod:SoulStrike","floor":7.0},{"not_picked":["HollowMod:PureVessel","HollowMod:DescendingDark"],"picked":"HollowMod:ChannelNail","floor":11.0},{"not_picked":["HollowMod:Grubsong","HollowMod:HowlingWraiths"],"picked":"HollowMod:CrystalDash","floor":13.0},{"not_picked":["HollowMod:NewGlowingWomb","HollowMod:SoulStrike"],"picked":"HollowMod:CloakDash","floor":14.0},{"not_picked":["HollowMod:AwokenDreamNail","HollowMod:LordofShades"],"picked":"HollowMod:ZotesMagnificence","floor":16.0},{"not_picked":["HollowMod:GreatSlash","HollowMod:NewJinnsSoul"],"picked":"HollowMod:SoulStrike","floor":18.0},{"not_picked":["HollowMod:CloakDash","HollowMod:DreamGate"],"picked":"HollowMod:NewLittleFool+1","floor":20.0},{"not_picked":["HollowMod:DungDefenderAura","HollowMod:InfectedAttack","HollowMod:SoulStrike"],"picked":"SKIP","floor":22.0},{"not_picked":["HollowMod:InfectedAttack","HollowMod:DungDefenderAura"],"picked":"HollowMod:GoodIntentions+1","floor":23.0},{"not_picked":["HollowMod:CycloneSlash","HollowMod:VengefulSpirit","HollowMod:InfectedCysts"],"picked":"SKIP","floor":28.0},{"not_picked":["HollowMod:LifebloodCocoon","HollowMod:BlackTendrils","HollowMod:DescendingDark+1"],"picked":"SKIP","floor":30.0},{"not_picked":["HollowMod:AbyssShriek+1","HollowMod:ShadowDash","HollowMod:SoulMaster"],"picked":"SKIP","floor":31.0},{"not_picked":["HollowMod:SoulShaman","HollowMod:AbyssShriek+1"],"picked":"HollowMod:ShapeofUnn+1","floor":35.0},{"not_picked":["HollowMod:HeavyBlow","HollowMod:Grubsong"],"picked":"HollowMod:HowlingWraiths","floor":36.0},{"not_picked":["HollowMod:DescendingDark","HollowMod:BrokenVessel"],"picked":"HollowMod:CloakDash","floor":37.0},{"not_picked":["HollowMod:GrimmsGift","HollowMod:SharpenedShadows"],"picked":"HollowMod:CloakDash","floor":39.0},{"not_picked":["HollowMod:Weaversong","HollowMod:RecoilStrike"],"picked":"HollowMod:SoulStrike+1","floor":40.0},{"not_picked":["HollowMod:NewJinnsSoul","HollowMod:CrystalDash","HollowMod:LifebloodCore"],"picked":"SKIP","floor":42.0},{"not_picked":["HollowMod:BlackTendrils","HollowMod:TaintedHusks"],"picked":"HollowMod:NewLittleFool+1","floor":46.0},{"not_picked":["HollowMod:HeavyBlow","HollowMod:NewGlowingWomb"],"picked":"HollowMod:CycloneSlash+1","floor":49.0},{"not_picked":["HollowMod:InfectedCysts+1","HollowMod:ShapeofUnn","HollowMod:AwokenDreamNail"],"picked":"SKIP","floor":54.0}],"player_experience":67110,"relics_obtained":[{"floor":7.0,"key":"Regal Pillow"},{"floor":9.0,"key":"Vajra"},{"floor":11.0,"key":"HollowMod:MillibellesNoteRelic"},{"floor":13.0,"key":"Mercury Hourglass"},{"floor":17.0,"key":"Oddly Smooth Stone"},{"floor":17.0,"key":"Shuriken"},{"floor":17.0,"key":"Old Coin"},{"floor":23.0,"key":"HollowMod:KingsBrand"},{"floor":28.0,"key":"HollowMod:PaleOreRelic"},{"floor":30.0,"key":"Dream Catcher"},{"floor":40.0,"key":"Centennial Puzzle"},{"floor":42.0,"key":"Bag of Marbles"},{"floor":43.0,"key":"Ancient Tea Set"},{"floor":48.0,"key":"Juzu Bracelet"},{"floor":54.0,"key":"HollowMod:LifeEnderRelic"}],"event_choices":[],"is_beta":false,"boss_relics":[{"not_picked":["Snecko Eye","Cursed Key"],"picked":"Calling Bell"},{"not_picked":["Sozu","Runic Pyramid"],"picked":"Tiny House"}],"items_purged_floors":[24,44],"is_endless":false,"potions_floor_spawned":[7,11,14,18,31,33,35,37],"killed_by":"The Heart","ascension_level":1}}