{"host":"kywtqy4o43fs5yna","time":1611554978,"event":{"mods":["AchievementEnabler","Act Like it!","BaseMod","Better Note","BetterRewards","Colored Map","Minty Spire (QoL Compilation)","Quick Restart","Rare Cards Sparkle","StSLib","SuperFastMode"],"gold_per_floor":[110,110,129,143,153,153,166,166,192,192,116,128,128,140,140,245,245,257,273,273,273],"floor_reached":20,"language":"RUS","playtime":1097,"items_purged":[],"score":176,"play_id":"e01f6daf-d62f-42c2-b7b1-e72ee56a21b8","local_time":"20210125160938","is_ascension_mode":true,"campfire_choices":[{"floor":6,"key":"REST"},{"data":"Fusion","floor":8,"key":"SMITH"},{"data":"Fusion","floor":10,"key":"SMITH"},{"data":"Zap","floor":15,"key":"SMITH"}],"circlet_count":0,"master_deck":["Strike_B","Strike_B","Strike_B","Strike_B","Defend_B","Defend_B","Defend_B","Defend_B","Zap+1","Dualcast","Capacitor+1","Fusion+1","Fusion+1","Ball Lightning","Barrage","Ball Lightning","Self Repair","Glacier","Self Repair","Echo Form","Leap","Conserve Battery"],"relics":["Cracked Core","Happy Flower","FaceOfCleric","Nuclear Battery"],"acts_visited":["Exordium","TheCity"],"potions_floor_usage":[5,5],"damage_taken":[{"damage":1,"enemies":"Cultist","floor":1,"turns":4},{"damage":6,"enemies":"Jaw Worm","floor":3,"turns":3},{"damage":5,"enemies":"Small Slimes","floor":4,"turns":4},{"damage":18,"enemies":"Exordium Thugs","floor":5,"turns":4},{"damage":7,"enemies":"Large Slime","floor":7,"turns":5},{"damage":0,"enemies":"Blue Slaver","floor":12,"turns":4},{"damage":7,"enemies":"Exordium Wildlife","floor":14,"turns":6},{"damage":34,"enemies":"Slime Boss","floor":16,"turns":9},{"damage":62,"enemies":"Chosen","floor":18,"turns":8},{"damage":25,"enemies":"3 Byrds","floor":19,"turns":6},{"damage":24,"enemies":"Shelled Parasite and Fungi","floor":20,"turns":2}],"seed_played":"5307007310251692178","potions_obtained":[{"floor":1,"key":"Explosive Potion"},{"floor":3,"key":"GamblersBrew"},{"floor":12,"key":"SteroidPotion"},{"floor":19,"key":"Energy Potion"}],"is_trial":false,"path_per_floor":["M","?","M","M","M","R","M","R","T","R","$","M","?","M","R","B",null,"M","M","M"],"character_chosen":"DEFECT","items_purchased":["Capacitor","Fusion","Glacier"],"campfire_rested":1,"item_purchase_floors":[0,0,11],"current_hp_per_floor":[39,39,33,28,10,32,25,25,25,25,25,32,32,40,40,21,77,30,13,0,0],"gold":273,"neow_bonus":"","is_daily":false,"chose_seed":false,"campfire_upgraded":3,"win_rate":0.0,"timestamp":1611554978,"path_taken":["M","?","M","M","M","R","M","R","T","R","$","M","?","?","R","BOSS","M","M","M"],"items_purchased_type":["Card","Card","Card"],"build_version":"2020-12-22","purchased_purges":0,"victory":false,"max_hp_per_floor":[75,75,75,75,75,75,75,75,75,75,75,75,75,76,76,77,77,78,79,79,79],"card_choices":[{"not_picked":["Stack","Redo"],"picked":"Fusion","floor":1},{"not_picked":["Compile Driver","Gash"],"picked":"Ball Lightning","floor":3},{"not_picked":["Rainbow","Go for the Eyes"],"picked":"Barrage","floor":4},{"not_picked":["Hologram","Chaos"],"picked":"Ball Lightning","floor":5},{"not_picked":["Hello World","Gash"],"picked":"Self Repair","floor":7},{"not_picked":["Recycle","Scrape"],"picked":"Self Repair","floor":12},{"not_picked":["Beam Cell","Gash","Scrape"],"picked":"SKIP","floor":14},{"not_picked":["Amplify","Thunder Strike"],"picked":"Echo Form","floor":16},{"not_picked":["Compile Driver+1","Barrage+1"],"picked":"Leap","floor":18},{"not_picked":["Gash","BootSequence"],"picked":"Conserve Battery","floor":19}],"player_experience":168850,"relics_obtained":[{"floor":9,"key":"Happy Flower"}],"event_choices":[{"damage_healed":0,"gold_gain":0,"player_choice":"Grow","damage_taken":0,"max_hp_gain":0,"max_hp_loss":0,"event_name":"Living Wall","floor":2,"gold_loss":0,"cards_upgraded":["Capacitor"]},{"damage_healed":0,"gold_gain":0,"player_choice":"Trade","damage_taken":0,"relics_obtained":["FaceOfCleric"],"max_hp_gain":0,"max_hp_loss":0,"event_name":"FaceTrader","floor":13,"gold_loss":0}],"is_beta":false,"boss_relics":[{"not_picked":["Fusion Hammer","Black Star"],"picked":"Nuclear Battery"}],"items_purged_floors":[],"is_endless":false,"potions_floor_spawned":[1,3,12,19],"killed_by":"Shelled Parasite and Fungi","ascension_level":1}}