{"host":"d54lcqy5t45er8jx","time":1611592788,"event":{"mods":["2.2 Compatiblity","BaseMod","CapriCore","Defuse TimeMaze Blight","Hermit","Hubris","Infinite Spire","Marisa£¨Ùöéë¡¡Øª×âÞÞ£©","Minty Spire (QoL Compilation)","Rare Cards Sparkle","Relic Stats","StSLib","The Animator","The Cursed","The Immortal","The Servant 0.9.4","WarShipGirlsR/??á´Ò³R mod"],"gold_per_floor":[112,112,112,37,53,84,110,140,164,197,210,210,226,242,242,343,343,363,363,363,382,382,382,417,417,417,442,455,484,497,513,513,610,610,627,644,654,664,682,709,709,742,742,772,772,792,792,807,807,807,807],"floor_reached":50,"language":"ENG","playtime":4364,"items_purged":["Reset","ReturningBlade","Spin"],"score":824,"play_id":"137b4508-8272-4305-877e-0dedda462374","local_time":"20210126013948","daily_mods":["Draft","Insanity","Heirloom","DeadlyEvents","Elite Swarm","Uncertain Future"],"is_ascension_mode":false,"campfire_choices":[{"data":"Manipulate","floor":12,"key":"SMITH"},{"data":"BottledTime","floor":15,"key":"SMITH"},{"data":"Rearm","floor":23,"key":"SMITH"},{"data":"Luminosity","floor":25,"key":"SMITH"},{"data":"1","floor":32,"key":"LIFT"},{"data":"2","floor":41,"key":"LIFT"},{"data":"3","floor":47,"key":"LIFT"},{"data":"Rearm","floor":49,"key":"SMITH"}],"circlet_count":0,"master_deck":["TimeWarp","Collapse","WasteNot","Alleviate","DoubleEdge","Moondial","Moonlight","Replace","Spin","Rearm","RealityMarble","Rewind","Comet","Alleviate","Unruled","Ricochet","Rearm+1","Luminosity+1","DoubleEdge","Luminosity","BottledTime+1","Revamp","Rearm","Starlight","Rearm+1","Starlight","DualDimension","Spin","DoubleEdge","SilverBlades","GearUp","Starlight","Unruled","Advance","FastForward","Potential","TimeWarp","Defy","Gouge","ShatteredReality","Revamp","SurpressingFire","ShatteredReality","FastForward","ShatteredReality","Spin","ShiftingGears","FastForward","ShiftingGears","ShatteredReality","Advance","TimeWarp","Manipulate+1","SurpressingFire","BottledTime","Manipulate","Rearm","Manipulate","BottledTime","TimeWarp","Revamp","BestPractice","KillingDoll","SoulSculpture","Deny","Rearm","SpecialFormula","Embodiment+1","Rearm","Writhe","MurderousAura+1","TheWorld","ShiftingGears+1","TheWorld","TimeWarp+1","Hightail+1","ForgedInTime","Defy","Parasite","Alleviate","Solidify","FlawlessForm+1","hubris:Rewind","FloweringNight+1","Comet+1","ShatteredReality"],"relics":["SplendidAttire","RomanBracelet","MealTicket","infinitespire:PuzzleCube","PreservedInsect","Bag of Preparation","Frozen Egg 2","hubris:DeckOfHolding","hubris:HerbalPaste","Letter Opener","PaperSwan","Tiny Chest","Girya","Coffee Dripper","infinitespire:CheckeredPen","Nunchaku","Strawberry","Pocketwatch","Toolbox"],"acts_visited":["Exordium","TheCity","TheBeyond"],"potions_floor_usage":[6,8,24,28,29,33,39],"damage_taken":[{"damage":17,"enemies":"Jaw Worm","floor":1,"turns":4},{"damage":0,"enemies":"2 Louse","floor":5,"turns":2},{"damage":9,"enemies":"3 Sentries","floor":6,"turns":4},{"damage":0,"enemies":"Lagavulin","floor":7,"turns":5},{"damage":9,"enemies":"3 Sentries","floor":8,"turns":2},{"damage":15,"enemies":"Gremlin Nob","floor":10,"turns":3},{"damage":0,"enemies":"Cultist","floor":11,"turns":3},{"damage":6,"enemies":"Exordium Wildlife","floor":13,"turns":2},{"damage":0,"enemies":"2 Fungi Beasts","floor":14,"turns":3},{"damage":4,"enemies":"Slime Boss","floor":16,"turns":6},{"damage":0,"enemies":"2 Thieves","floor":18,"turns":1},{"damage":0,"enemies":"Chosen","floor":21,"turns":5},{"damage":14,"enemies":"Gremlin Leader","floor":24,"turns":5},{"damage":6,"enemies":"Nightmare","floor":27,"turns":4},{"damage":13,"enemies":"Centurion and Healer","floor":28,"turns":3},{"damage":8,"enemies":"Book of Stabbing","floor":29,"turns":4},{"damage":10,"enemies":"Chosen and Byrds","floor":30,"turns":5},{"damage":10,"enemies":"Shelled Parasite and Fungi","floor":31,"turns":2},{"damage":22,"enemies":"hubris:MusketHawk","floor":33,"turns":5},{"damage":22,"enemies":"3 Shapes","floor":35,"turns":2},{"damage":1,"enemies":"Orb Walker","floor":36,"turns":3},{"damage":0,"enemies":"Writhing Mass","floor":37,"turns":6},{"damage":25,"enemies":"Spire Growth","floor":38,"turns":3},{"damage":49,"enemies":"4 Shapes","floor":39,"turns":4},{"damage":28,"enemies":"Reptomancer","floor":40,"turns":3},{"damage":0,"enemies":"Nemesis","floor":42,"turns":3},{"damage":9,"enemies":"Nightmare","floor":44,"turns":6},{"damage":0,"enemies":"3 Darklings","floor":46,"turns":2},{"damage":0,"enemies":"Transient","floor":48,"turns":5},{"damage":60,"enemies":"Awakened One","floor":50,"turns":3}],"seed_played":"1659069138064281439","potions_obtained":[{"floor":5,"key":"DuplicationPotion"},{"floor":6,"key":"SteroidPotion"},{"floor":11,"key":"LiquidBronze"},{"floor":18,"key":"Weak Potion"},{"floor":22,"key":"LiquidMemories"},{"floor":22,"key":"CultistPotion"},{"floor":24,"key":"LiquidMemories"},{"floor":29,"key":"FearPotion"},{"floor":33,"key":"Fruit Juice"},{"floor":35,"key":"Regen Potion"},{"floor":40,"key":"Fire Potion"}],"is_trial":true,"path_per_floor":["M","?","?","$","M","E","E","E","T","E","M","R","M","M","R","B",null,"M","?","AVR","M","?","R","E","R","T","NM","M","E","M","M","R","B",null,"M","M","M","M","M","E","R","E","T","NM","AVR","M","R","M","R","B"],"character_chosen":"THE_SERVANT","items_purchased":[],"campfire_rested":0,"item_purchase_floors":[],"current_hp_per_floor":[48,41,34,49,49,40,40,31,31,16,16,16,10,10,10,11,65,65,65,65,65,65,65,55,55,55,55,52,55,56,49,49,43,70,56,60,70,47,24,6,6,11,18,20,20,23,23,34,34,0,0],"gold":807,"neow_bonus":"","is_daily":false,"chose_seed":false,"campfire_upgraded":5,"win_rate":0.0,"timestamp":1611592788,"path_taken":["M","?","?","$","M","E","?","E","T","E","M","R","M","M","R","BOSS","M","?","AVR","?","?","R","E","R","T","NM","M","E","M","M","R","BOSS","M","M","M","?","?","E","R","E","T","NM","AVR","M","R","?","R","BOSS"],"items_purchased_type":[],"build_version":"2020-12-22","purchased_purges":3,"victory":false,"max_hp_per_floor":[65,65,65,65,65,65,65,65,65,65,65,65,65,65,65,65,65,65,65,65,65,65,65,65,65,65,65,65,65,65,65,65,70,70,70,70,70,70,70,70,70,70,77,77,77,77,77,77,77,77,77],"relic_stats":{"Nunchaku":[4],"counters":[30,108],"MealTicket":15,"Tiny Chest":0,"PreservedInsect":334,"Bag of Preparation":[50],"Letter Opener":[444],"obtain_stats":[{"Girya":29,"SplendidAttire":17,"PreservedInsect":8,"Uniform":0,"Bag of Preparation":9,"Letter Opener":24,"PaperSwan":26,"infinitespire:CheckeredPen":40,"Frozen Egg 2":10,"RomanBracelet":0,"Nunchaku":42,"hubris:HerbalPaste":20,"Strawberry":43,"Toolbox":45,"MealTicket":3,"hubris:DeckOfHolding":19,"Tiny Chest":27,"Coffee Dripper":34,"infinitespire:PuzzleCube":7,"Pocketwatch":44},{"Girya":16,"SplendidAttire":10,"PreservedInsect":5,"Uniform":0,"Bag of Preparation":5,"Letter Opener":13,"PaperSwan":13,"infinitespire:CheckeredPen":25,"Frozen Egg 2":6,"RomanBracelet":0,"Nunchaku":26,"hubris:HerbalPaste":11,"Strawberry":26,"Toolbox":27,"MealTicket":1,"hubris:DeckOfHolding":11,"Tiny Chest":14,"Coffee Dripper":19,"infinitespire:PuzzleCube":4,"Pocketwatch":27},{"Girya":56,"SplendidAttire":34,"PreservedInsect":17,"Uniform":0,"Bag of Preparation":17,"Letter Opener":45,"PaperSwan":45,"infinitespire:CheckeredPen":89,"Frozen Egg 2":20,"RomanBracelet":0,"Nunchaku":92,"hubris:HerbalPaste":35,"Strawberry":92,"Toolbox":98,"MealTicket":4,"hubris:DeckOfHolding":35,"Tiny Chest":49,"Coffee Dripper":68,"infinitespire:PuzzleCube":15,"Pocketwatch":98}],"Pocketwatch":[0]},"card_choices":[{"not_picked":["ReturningBlade","TimeTheft"],"picked":"ShiftingGears","floor":0},{"not_picked":["Alleviate","Replace"],"picked":"FastForward","floor":0},{"not_picked":["TimeTheft","FastForward"],"picked":"ShiftingGears","floor":0},{"not_picked":["DoubleEdge","Alleviate"],"picked":"ShatteredReality","floor":0},{"not_picked":["Starlight","Potential"],"picked":"Advance","floor":0},{"not_picked":["Desolation","Revamp"],"picked":"TimeWarp","floor":0},{"not_picked":["Alleviate","Spin"],"picked":"Manipulate","floor":0},{"not_picked":["Hightail","Read"],"picked":"SurpressingFire","floor":0},{"not_picked":["GearUp","Defy"],"picked":"BottledTime","floor":0},{"not_picked":["Sabotage","ReturningBlade"],"picked":"Manipulate","floor":0},{"not_picked":["Replace","Revamp"],"picked":"Rearm","floor":0},{"not_picked":["TimeTheft","Revamp"],"picked":"Manipulate","floor":0},{"not_picked":["TimeWarp","Potential"],"picked":"BottledTime","floor":0},{"not_picked":["Collapse","Revamp"],"picked":"TimeWarp","floor":0},{"not_picked":["DoubleEdge","ReturningBlade"],"picked":"Revamp","floor":0},{"not_picked":["Defy","DoubleEdge"],"picked":"BestPractice","floor":1},{"not_picked":["SpecialFormula","Unruled","ShatteredReality"],"picked":"SKIP","floor":5},{"not_picked":["Sunlight","FlawlessForm"],"picked":"KillingDoll","floor":6},{"not_picked":["LightFlow","Initiator","FlawlessForm"],"picked":"SKIP","floor":7},{"not_picked":["Initiator","FlawlessForm"],"picked":"SoulSculpture","floor":8},{"not_picked":["Duplication","LightFlow"],"picked":"Deny","floor":10},{"not_picked":["MoonPhase+1","Rewind","ReturningBlade"],"picked":"SKIP","floor":11},{"not_picked":["Barrier","Snipe"],"picked":"Rearm","floor":13},{"not_picked":["Unruled","Reset"],"picked":"SpecialFormula","floor":14},{"not_picked":["SoulSculpture","Initiator"],"picked":"Embodiment+1","floor":16},{"not_picked":["Replace","Rewind+1"],"picked":"Rearm","floor":18},{"not_picked":["FastForward","ShatteredReality","Deadline"],"picked":"SKIP","floor":21},{"not_picked":["FlawlessForm+1","Sunlight"],"picked":"MurderousAura+1","floor":24},{"not_picked":["KillingDoll","FloweringNight+1"],"picked":"TheWorld","floor":27},{"not_picked":["Reset","DoubleEdge"],"picked":"ShiftingGears+1","floor":28},{"not_picked":["FlawlessForm+1","Deny"],"picked":"TheWorld","floor":29},{"not_picked":["Ricochet","SpecialFormula"],"picked":"TimeWarp+1","floor":30},{"not_picked":["Rewind+1","SilverBlades+1"],"picked":"Hightail+1","floor":31},{"not_picked":["PendulumOfEternity","MurderousAura+1"],"picked":"ForgedInTime","floor":33},{"not_picked":["TimeTheft+1","Spin+1","ReturningBlade"],"picked":"SKIP","floor":35},{"not_picked":["ShatteredReality+1","Ricochet"],"picked":"Defy","floor":36},{"not_picked":["Defy","Gouge","RealityMarble+1"],"picked":"SKIP","floor":37},{"not_picked":["Revamp","Replace"],"picked":"Alleviate","floor":38},{"not_picked":["TimeTheft+1","Read","SpecialFormula"],"picked":"SKIP","floor":39},{"not_picked":["Embodiment+1","ForgedInTime"],"picked":"Solidify","floor":40},{"not_picked":["Duplication","KillingDoll"],"picked":"FlawlessForm+1","floor":42},{"not_picked":["hubris:InfiniteBlow+1","infinitespire:FutureSight"],"picked":"hubris:Rewind","floor":44},{"not_picked":["Duplication","Embodiment+1"],"picked":"FloweringNight+1","floor":44},{"not_picked":["Rewind+1","Revamp+1"],"picked":"Comet+1","floor":46},{"not_picked":["Revamp+1","FastForward"],"picked":"ShatteredReality","floor":48}],"player_experience":908312,"relics_obtained":[{"floor":7,"key":"infinitespire:PuzzleCube"},{"floor":8,"key":"PreservedInsect"},{"floor":9,"key":"Bag of Preparation"},{"floor":10,"key":"Frozen Egg 2"},{"floor":24,"key":"Letter Opener"},{"floor":26,"key":"PaperSwan"},{"floor":27,"key":"Tiny Chest"},{"floor":29,"key":"Girya"},{"floor":40,"key":"infinitespire:CheckeredPen"},{"floor":42,"key":"Nunchaku"},{"floor":43,"key":"Strawberry"},{"floor":44,"key":"Pocketwatch"}],"event_choices":[{"cards_removed":["Unruled"],"damage_healed":0,"gold_gain":0,"player_choice":"Card Removal","damage_taken":7,"max_hp_gain":0,"max_hp_loss":0,"event_name":"Golden Wing","floor":2,"gold_loss":0},{"damage_healed":0,"gold_gain":0,"player_choice":"Success","damage_taken":7,"relics_obtained":["MealTicket"],"max_hp_gain":0,"max_hp_loss":0,"event_name":"Scrap Ooze","floor":3,"gold_loss":0},{"damage_healed":0,"gold_gain":0,"player_choice":"Opened","damage_taken":0,"relics_obtained":["hubris:DeckOfHolding"],"max_hp_gain":0,"max_hp_loss":0,"event_name":"The Mausoleum","floor":19,"gold_loss":0,"cards_obtained":["Writhe"]},{"damage_healed":0,"gold_gain":0,"player_choice":"Got Potions","damage_taken":0,"max_hp_gain":0,"max_hp_loss":0,"event_name":"Lab","floor":22,"gold_loss":0}],"is_beta":false,"boss_relics":[{"not_picked":["Philosopher\u0027s Stone","Runic Dome"],"picked":"SplendidAttire"},{"not_picked":["hubris:HollowSoul","MysterySword"],"picked":"Coffee Dripper"}],"items_purged_floors":[4,20,45],"is_endless":true,"potions_floor_spawned":[5,6,11,18,24,29,33,35,37,40],"killed_by":"Awakened One","ascension_level":0}}