{"host":"9b7hrp48q3pna783","time":1611612133,"event":{"mods":["BaseMod","Colored Map","Colored Powertips","Highlight Path","Minty Spire (QoL Compilation)","Relic Stats"],"gold_per_floor":[117,132,151,226,226,259,277,277,277,1,1,176,196,215,215,215,215],"floor_reached":16,"language":"ENG","playtime":682,"items_purged":["Strike_R"],"score":107,"play_id":"29f19554-b053-4df3-8f31-919931acf515","local_time":"20210125170213","is_ascension_mode":true,"campfire_choices":[{"floor":8,"key":"REST"},{"floor":15,"key":"REST"}],"circlet_count":0,"master_deck":["Strike_R","Strike_R","Strike_R","Defend_R","Defend_R","Defend_R","Defend_R","Bash","Burning Pact","Limit Break","Body Slam","Uppercut","Flex","Dual Wield","Doubt"],"relics":["Burning Blood","NeowsBlessing","Ice Cream"],"acts_visited":["Exordium"],"potions_floor_usage":[6,16],"damage_taken":[{"damage":0,"enemies":"Cultist","floor":1,"turns":1},{"damage":0,"enemies":"2 Louse","floor":2,"turns":1},{"damage":0,"enemies":"Jaw Worm","floor":3,"turns":1},{"damage":67,"enemies":"Lagavulin","floor":6,"turns":7},{"damage":5,"enemies":"Large Slime","floor":7,"turns":8},{"damage":14,"enemies":"Blue Slaver","floor":13,"turns":4},{"damage":17,"enemies":"Red Slaver","floor":14,"turns":5},{"damage":44,"enemies":"The Guardian","floor":16,"turns":7}],"seed_played":"797608664577254404","potions_obtained":[{"floor":3,"key":"DistilledChaos"},{"floor":14,"key":"Fire Potion"}],"is_trial":false,"path_per_floor":["M","M","M","?","?","E","M","R","T","$","$","?","M","M","R","B"],"character_chosen":"IRONCLAD","items_purchased":["Uppercut","Flex","Dual Wield"],"campfire_rested":2,"item_purchase_floors":[10,10,10],"current_hp_per_floor":[80,80,80,69,69,8,9,33,33,33,33,33,25,14,38,0,0],"gold":215,"neow_bonus":"THREE_ENEMY_KILL","is_daily":false,"chose_seed":false,"campfire_upgraded":0,"win_rate":0.0,"timestamp":1611612133,"path_taken":["M","M","?","?","?","E","M","R","T","?","$","?","M","M","R","BOSS"],"items_purchased_type":["Card","Card","Card"],"build_version":"2020-12-22","purchased_purges":1,"victory":false,"max_hp_per_floor":[80,80,80,80,80,80,80,80,80,80,80,80,80,80,80,80,80],"relic_stats":{"counters":[8,34],"obtain_stats":[{"Ice Cream":6,"NeowsBlessing":0,"Burning Blood":0},{"Ice Cream":4,"NeowsBlessing":0,"Burning Blood":0},{"Ice Cream":10,"NeowsBlessing":0,"Burning Blood":0}],"Burning Blood":24},"card_choices":[{"not_picked":["Perfected Strike","Searing Blow","Cleave"],"picked":"SKIP","floor":1},{"not_picked":["Sword Boomerang","Reckless Charge","Dark Embrace"],"picked":"SKIP","floor":2},{"not_picked":["Anger","Spot Weakness"],"picked":"Burning Pact","floor":3},{"not_picked":["Intimidate","Anger"],"picked":"Body Slam","floor":6},{"not_picked":["Pommel Strike","Carnage","Twin Strike"],"picked":"SKIP","floor":7},{"not_picked":["Infernal Blade","Armaments","Rupture"],"picked":"SKIP","floor":13},{"not_picked":["Pommel Strike","Hemokinesis","Combust"],"picked":"SKIP","floor":14}],"player_experience":119046,"relics_obtained":[{"floor":6,"key":"Ice Cream"}],"event_choices":[{"damage_healed":0,"gold_gain":75,"player_choice":"Gather Gold","damage_taken":11,"max_hp_gain":0,"max_hp_loss":0,"event_name":"World of Goop","floor":4,"gold_loss":0},{"damage_healed":0,"gold_gain":0,"cards_transformed":["Strike_R"],"player_choice":"Change","damage_taken":0,"max_hp_gain":0,"max_hp_loss":0,"event_name":"Living Wall","floor":5,"gold_loss":0,"cards_obtained":["Limit Break"]},{"damage_healed":0,"gold_gain":175,"player_choice":"AGREE","damage_taken":0,"max_hp_gain":0,"max_hp_loss":0,"event_name":"Liars Game","floor":12,"gold_loss":0,"cards_obtained":["Doubt"]}],"is_beta":false,"boss_relics":[],"items_purged_floors":[10],"is_endless":false,"potions_floor_spawned":[3,14],"killed_by":"The Guardian","ascension_level":1}}