{"host":"z9811rt50ti81n54","time":1611585970,"event":{"mods":["BaseMod","Minty Spire (QoL Compilation)","Robot Space Explorer","StSLib"],"gold_per_floor":[113,113,127,202,202,202,20,37,37,54,79,98,98,113,113,216,216,233,233,15,15,30,30,41,58,58,58,58,58,72,83,83,179,179,199,213,95,95,95,108,118,118,118,118,0,17,17,17,17,17],"floor_reached":51,"language":"ENG","playtime":2970,"items_purged":["RobotSpaceExplorer:Strike"],"score":714,"play_id":"7cf327c5-7be1-44ec-b14f-7b9d3169586e","local_time":"20210125234610","is_ascension_mode":false,"campfire_choices":[{"data":"RobotSpaceExplorer:BigMissile","floor":6,"key":"SMITH"},{"data":"RobotSpaceExplorer:Accelerator","floor":15,"key":"SMITH"},{"data":"RobotSpaceExplorer:StarDust","floor":23,"key":"SMITH"},{"floor":27,"key":"REST"},{"floor":29,"key":"REST"},{"floor":32,"key":"REST"},{"floor":42,"key":"REST"},{"floor":44,"key":"REST"},{"floor":47,"key":"REST"},{"floor":49,"key":"RECALL"}],"circlet_count":0,"master_deck":["RobotSpaceExplorer:Strike","RobotSpaceExplorer:Strike","RobotSpaceExplorer:Strike","RobotSpaceExplorer:Defend","RobotSpaceExplorer:Defend","RobotSpaceExplorer:Defend","RobotSpaceExplorer:Scan","RobotSpaceExplorer:MiniLasers","RobotSpaceExplorer:Probe","RobotSpaceExplorer:BigMissile+1","RobotSpaceExplorer:Discharger","RobotSpaceExplorer:PowerCollector","RobotSpaceExplorer:StarDust+1","RobotSpaceExplorer:Accelerator+1","RobotSpaceExplorer:GlueShot+1","RobotSpaceExplorer:Electroshield+1","RobotSpaceExplorer:GlueShot+1","RobotSpaceExplorer:DroneSwarm","RobotSpaceExplorer:ScrapShield+1","RobotSpaceExplorer:TurboDodge+1","RobotSpaceExplorer:RigExplosive+1","RobotSpaceExplorer:Pulsar+1","RobotSpaceExplorer:Electroshield+1","RobotSpaceExplorer:FreezingShield+1","RobotSpaceExplorer:SurgingShield+1","RobotSpaceExplorer:ToxicBomb+1","RobotSpaceExplorer:GlueShot+1","RobotSpaceExplorer:TrailblazerForm","RobotSpaceExplorer:FranticSearch+1","RobotSpaceExplorer:GlueShot+1","RobotSpaceExplorer:GearShield+1","RobotSpaceExplorer:GlueShot+1","Metamorphosis+1","Impatience+1","Impatience+1","RobotSpaceExplorer:Fix+1"],"relics":["RobotSpaceExplorer:RoboCore","NeowsBlessing","Toxic Egg 2","Smiling Mask","Bottled Flame","SlaversCollar","Membership Card","InkBottle","Blood Vial","Nloth\u0027s Gift","Fusion Hammer","Ice Cream","Red Mask","Mummified Hand"],"acts_visited":["Exordium","TheCity","TheBeyond"],"potions_floor_usage":[14,24,25,30,33,33,33,35,36,36,40,41,46,46,50,50],"damage_taken":[{"damage":0,"enemies":"2 Louse","floor":1,"turns":1},{"damage":0,"enemies":"Small Slimes","floor":3,"turns":1},{"damage":0,"enemies":"Jaw Worm","floor":8,"turns":1},{"damage":3,"enemies":"Looter","floor":10,"turns":3},{"damage":20,"enemies":"Large Slime","floor":12,"turns":5},{"damage":6,"enemies":"3 Louse","floor":14,"turns":4},{"damage":12,"enemies":"Slime Boss","floor":16,"turns":10},{"damage":12,"enemies":"3 Byrds","floor":18,"turns":4},{"damage":0,"enemies":"Spheric Guardian","floor":22,"turns":1},{"damage":17,"enemies":"Snecko","floor":24,"turns":8},{"damage":18,"enemies":"Shelled Parasite and Fungi","floor":25,"turns":6},{"damage":4,"enemies":"Chosen and Byrds","floor":30,"turns":5},{"damage":10,"enemies":"Centurion and Healer","floor":31,"turns":8},{"damage":34,"enemies":"Automaton","floor":33,"turns":9},{"damage":7,"enemies":"Orb Walker","floor":35,"turns":4},{"damage":4,"enemies":"3 Shapes","floor":36,"turns":6},{"damage":1,"enemies":"Writhing Mass","floor":40,"turns":7},{"damage":23,"enemies":"Spire Growth","floor":41,"turns":5},{"damage":17,"enemies":"3 Darklings","floor":46,"turns":5},{"damage":7,"enemies":"Awakened One","floor":50,"turns":7}],"seed_played":"-7218501347158665026","potions_obtained":[{"floor":8,"key":"AttackPotion"},{"floor":14,"key":"EssenceOfSteel"},{"floor":24,"key":"RobotSpaceExplorer:PlasmaFlask"},{"floor":33,"key":"GamblersBrew"},{"floor":36,"key":"Fruit Juice"},{"floor":41,"key":"Fire Potion"}],"is_trial":false,"path_per_floor":["M","?","M","?","T","R","$","M","T","M","T","M","T","M","R","B",null,"M","?","$","T","M","R","M","M","T","R","?","R","M","M","R","B",null,"M","M","$","?","?","M","M","R","T","R","?","M","R","?","R","B",null],"character_chosen":"RobotSpaceExplorer","items_purchased":["RobotSpaceExplorer:Discharger","RobotSpaceExplorer:PowerCollector","RobotSpaceExplorer:StarDust","Membership Card","RobotSpaceExplorer:TurboDodge+1","RobotSpaceExplorer:RigExplosive+1","RobotSpaceExplorer:Pulsar+1","RobotSpaceExplorer:Electroshield+1","RobotSpaceExplorer:GearShield+1","RobotSpaceExplorer:GlueShot+1"],"campfire_rested":6,"item_purchase_floors":[7,7,7,20,20,20,20,20,37,37],"current_hp_per_floor":[75,80,80,69,69,69,69,69,69,66,66,46,46,40,40,28,80,68,68,68,68,68,68,51,33,33,57,57,80,76,68,80,46,80,73,76,76,66,66,67,46,71,71,85,85,68,85,85,85,80],"gold":17,"neow_bonus":"THREE_ENEMY_KILL","is_daily":false,"chose_seed":false,"campfire_upgraded":3,"win_rate":0.0,"timestamp":1611585970,"path_taken":["M","?","M","?","?","R","$","M","T","M","?","M","?","M","R","BOSS","M","?","$","?","M","R","M","M","T","R","?","R","M","M","R","BOSS","M","?","?","?","?","M","M","R","T","R","?","?","R","?","R","BOSS"],"items_purchased_type":["Card","Card","Card","Relic","Card","Card","Card","Card","Card","Card"],"build_version":"2020-12-22","purchased_purges":1,"victory":true,"max_hp_per_floor":[75,80,80,80,80,80,80,80,80,80,80,80,80,80,80,80,80,80,80,80,80,80,80,80,80,80,80,80,80,80,80,80,80,80,80,85,85,85,85,85,85,85,85,85,85,85,85,85,85,85],"card_choices":[{"not_picked":["RobotSpaceExplorer:SurgingShield","RobotSpaceExplorer:SwiftStep"],"picked":"RobotSpaceExplorer:Probe","floor":1},{"not_picked":["RobotSpaceExplorer:LuckyStrike","RobotSpaceExplorer:Ammunition"],"picked":"RobotSpaceExplorer:BigMissile","floor":3},{"not_picked":["RobotSpaceExplorer:MetalStrike","RobotSpaceExplorer:ScrapShield"],"picked":"RobotSpaceExplorer:Accelerator","floor":8},{"not_picked":["RobotSpaceExplorer:SlimeMissile","RobotSpaceExplorer:Discharger"],"picked":"RobotSpaceExplorer:GlueShot+1","floor":10},{"not_picked":["RobotSpaceExplorer:FrostMissile","RobotSpaceExplorer:Counterblock+1"],"picked":"RobotSpaceExplorer:Electroshield+1","floor":12},{"not_picked":["RobotSpaceExplorer:ScrapToss","RobotSpaceExplorer:ShockKick"],"picked":"RobotSpaceExplorer:GlueShot+1","floor":14},{"not_picked":["RobotSpaceExplorer:Explosion","RobotSpaceExplorer:Asteroid"],"picked":"RobotSpaceExplorer:DroneSwarm","floor":16},{"not_picked":["RobotSpaceExplorer:ExhaustFan","RobotSpaceExplorer:MiniDrones"],"picked":"RobotSpaceExplorer:ScrapShield+1","floor":18},{"not_picked":["RobotSpaceExplorer:Counterblock+1","RobotSpaceExplorer:SlimeMissile+1"],"picked":"RobotSpaceExplorer:FreezingShield+1","floor":22},{"not_picked":["RobotSpaceExplorer:DualCore","RobotSpaceExplorer:StarLightning","RobotSpaceExplorer:MakeshiftVolley"],"picked":"SKIP","floor":24},{"not_picked":["RobotSpaceExplorer:MiniDrones","RobotSpaceExplorer:StunGrenade"],"picked":"RobotSpaceExplorer:SurgingShield+1","floor":25},{"not_picked":["RobotSpaceExplorer:SlimeMissile+1","RobotSpaceExplorer:PowerGlove"],"picked":"RobotSpaceExplorer:ToxicBomb+1","floor":30},{"not_picked":["RobotSpaceExplorer:MiniBoosters","RobotSpaceExplorer:LaserBurst"],"picked":"RobotSpaceExplorer:GlueShot+1","floor":31},{"not_picked":["RobotSpaceExplorer:Blaster","RobotSpaceExplorer:Accelerator"],"picked":"RobotSpaceExplorer:TrailblazerForm","floor":33},{"not_picked":["RobotSpaceExplorer:ScrapMissile","RobotSpaceExplorer:FrostMissile+1"],"picked":"RobotSpaceExplorer:FranticSearch+1","floor":35},{"not_picked":["RobotSpaceExplorer:SurgingStrike","RobotSpaceExplorer:ShockKick+1"],"picked":"RobotSpaceExplorer:GlueShot+1","floor":36},{"not_picked":["Blind+1","Purity+1"],"picked":"Metamorphosis+1","floor":38},{"not_picked":["Forethought+1","Deep Breath+1"],"picked":"Impatience+1","floor":38},{"not_picked":["Dramatic Entrance","Finesse+1"],"picked":"Impatience+1","floor":38},{"not_picked":["RobotSpaceExplorer:ImprovisedAttack+1","RobotSpaceExplorer:MiniDrones+1","RobotSpaceExplorer:ShovelStrike"],"picked":"SKIP","floor":40},{"not_picked":["RobotSpaceExplorer:ScrapToss","RobotSpaceExplorer:SlimeMissile+1","RobotSpaceExplorer:ExhaustFan"],"picked":"SKIP","floor":41},{"not_picked":["RobotSpaceExplorer:ToxicBomb+1","RobotSpaceExplorer:GlueSpray+1"],"picked":"RobotSpaceExplorer:Fix+1","floor":46}],"player_experience":416627,"relics_obtained":[{"floor":5,"key":"The Courier"},{"floor":9,"key":"Toxic Egg 2"},{"floor":11,"key":"Smiling Mask"},{"floor":13,"key":"Bottled Flame"},{"floor":21,"key":"InkBottle"},{"floor":26,"key":"Blood Vial"},{"floor":43,"key":"Ice Cream"}],"event_choices":[{"damage_healed":0,"gold_gain":0,"player_choice":"Donut","damage_taken":0,"max_hp_gain":5,"max_hp_loss":0,"event_name":"Big Fish","floor":2,"gold_loss":0},{"damage_healed":0,"gold_gain":75,"player_choice":"Gather Gold","damage_taken":11,"max_hp_gain":0,"max_hp_loss":0,"event_name":"World of Goop","floor":4,"gold_loss":0},{"cards_removed":["RobotSpaceExplorer:Defend"],"damage_healed":0,"gold_gain":0,"player_choice":"Purged","damage_taken":0,"max_hp_gain":0,"max_hp_loss":0,"event_name":"Purifier","floor":19,"gold_loss":0},{"damage_healed":0,"gold_gain":0,"player_choice":"Traded Relic","damage_taken":0,"relics_obtained":["Nloth\u0027s Gift"],"max_hp_gain":0,"max_hp_loss":0,"event_name":"N\u0027loth","floor":28,"relics_lost":["The Courier"],"gold_loss":0},{"damage_healed":0,"gold_gain":0,"player_choice":"Memory 3","damage_taken":10,"max_hp_gain":0,"max_hp_loss":0,"event_name":"SensoryStone","floor":38,"gold_loss":0},{"damage_healed":0,"gold_gain":0,"player_choice":"Ignored","damage_taken":0,"max_hp_gain":0,"max_hp_loss":0,"event_name":"Mysterious Sphere","floor":39,"gold_loss":0},{"damage_healed":0,"gold_gain":0,"player_choice":"Paid","damage_taken":0,"relics_obtained":["Red Mask"],"max_hp_gain":0,"max_hp_loss":0,"event_name":"Tomb of Lord Red Mask","floor":45,"gold_loss":118},{"damage_healed":0,"gold_gain":0,"player_choice":"Gave Potion","damage_taken":0,"relics_obtained":["Mummified Hand"],"max_hp_gain":0,"max_hp_loss":0,"event_name":"WeMeetAgain","floor":48,"gold_loss":0}],"is_beta":false,"boss_relics":[{"not_picked":["SacredBark","Black Star"],"picked":"SlaversCollar"},{"not_picked":["Calling Bell","RobotSpaceExplorer:SearchSpecs"],"picked":"Fusion Hammer"}],"items_purged_floors":[37],"is_endless":false,"potions_floor_spawned":[8,14,24,33,36,41],"ascension_level":0}}