{"host":"xhd4yuu3rnu1c5xc","time":1611567678,"event":{"mods":["ATMod(阿瑾Mod)","Act Like it!","Aspiration","BaseMod","Better Altar","Better Note","Better Sensory Stone","Better Skull","Better Third Choice","Better Vampires","Better-Laid Plans","Conspire","Displayed Cursed Tome","Dota2Spire","Downfall","Emptier Cage","Energized Spire","Gensokyo","GungeonMod","Hubris","Lobotomy","Marisa（F雨　魔理沙）","Minty Spire (QoL Compilation)","Mirrors Mod","MostiFishMod","Pale of the Ancients","Potion Indicator Mod","Quick Restart","Relic Stats","Reorder Act Four","Replay The Spire","RumiaBox-露米娅的神秘盒子","SacredBarkPlus","StSLib","TestMod","The Jungle","Transform Curses","Uncapped","[IsaacMod]以撒尖塔","【功能Mod】混沌之环修复补丁","【遗物卡牌】REMEMod","篝火指南"],"gold_per_floor":[12,12,12,87,107,107,141,160,160,193,211,241,166,178,178,252,252,262,262,338,363,92,125,125,153,153,169,179,196,211,241,241,318,318,335,350,364,364,382,414,414,414,414,414,414,443,453,471,485,485,485,485,485,485,195,195,220,220],"floor_reached":59,"language":"ZHS","playtime":2081,"items_purged":["Strike_R","Strike_R","Strike_R","Strike_R"],"score":2808,"play_id":"ad3aa83d-a558-4c4e-887c-95e6962b5fde","local_time":"20210125174118","is_ascension_mode":true,"campfire_choices":[{"floor":6.0,"key":"RECALL"},{"data":"Armaments","floor":15.0,"key":"SMITH"},{"data":"MostiFishMod:UltimateDefense","floor":24.0,"key":"SMITH"},{"data":"MostiFishMod:UltimateDefense+1","floor":32.0,"key":"SMITH"},{"data":"MostiFishMod:UltimateDefense+2","floor":41.0,"key":"SMITH"},{"data":"MostiFishMod:UltimateDefense+3","floor":44.0,"key":"SMITH"},{"data":"MostiFishMod:UltimateDefense+4","floor":51,"key":"SMITH"},{"data":"MostiFishMod:UltimateDefense+5","floor":56,"key":"SMITH"}],"circlet_count":0,"master_deck":["AscendersBane","Strike_R","Defend_R","Defend_R","Defend_R","Defend_R","Bash","Shrug It Off","Armaments+1","MostiFishMod:Chiaki","AT_BodySlamDance","MostiFishMod:UltimateDefense+6","Battle Trance","Entrench","Offering","Shockwave","Second Wind+1","Entrench+1","Offering"],"relics":["Burning Blood","testmod-TestBox","HushsDoor","DaveBox","AT_ATBox","REME_ComplimentaryCards","BionicSphere","MoneyPower","testmod-CasingShield","hubris:FunFungus","SynthV:TestCard","Blue Candle","DemoMod:GlassGuonStoneRelic","Matryoshka","Snack Pack","Happy Flower","testmod-Motorcycle","conspire:Dentures","HereWithMe","Nilry\u0027s Codex","Red Mask","AT_PhaseBoots","Bag of Preparation","testmod-AssaultLearning","Self Forming Clay","MagicDraw1","OneHitWonderSystem","BelialBook","testmod-Justice","Dota2Spire:EyeOfSkadi","DollysMirror","hubris:SphereOfDissonance"],"acts_visited":["Exordium","TheCity","TheBeyond","TheEnding"],"potions_floor_usage":[58],"damage_taken":[{"damage":0.0,"enemies":"conspire:RoseBush","floor":1.0,"turns":6.0},{"damage":0.0,"enemies":"2 Louse","floor":5.0,"turns":10.0},{"damage":0.0,"enemies":"Lagavulin","floor":7.0,"turns":9.0},{"damage":0.0,"enemies":"Small Slimes","floor":8.0,"turns":3.0},{"damage":0.0,"enemies":"Replay:BlueRogue","floor":10.0,"turns":9.0},{"damage":0.0,"enemies":"Looter","floor":11.0,"turns":4.0},{"damage":0.0,"enemies":"Gremlin Nob","floor":12.0,"turns":7.0},{"damage":0.0,"enemies":"conspire:2 RoseBushes","floor":14.0,"turns":2.0},{"damage":0.0,"enemies":"Hexaghost","floor":16.0,"turns":3.0},{"damage":0.0,"enemies":"Shell Parasite","floor":18.0,"turns":1.0},{"damage":0.0,"enemies":"Masked Bandits","floor":21.0,"turns":13.0},{"damage":0.0,"enemies":"conspire:Head Lice","floor":23.0,"turns":3.0},{"damage":0.0,"enemies":"conspire:SneckoGhost","floor":25.0,"turns":16.0},{"damage":0.0,"enemies":"2 Thieves","floor":27.0,"turns":2.0},{"damage":0.0,"enemies":"Snake Plant","floor":28.0,"turns":3.0},{"damage":0.0,"enemies":"Sentry and Sphere","floor":29.0,"turns":1.0},{"damage":0.0,"enemies":"Centurion and Healer","floor":30.0,"turns":2.0},{"damage":0.0,"enemies":"REME_1_Revenger","floor":31.0,"turns":1.0},{"damage":0.0,"enemies":"Automaton","floor":33.0,"turns":5.0},{"damage":0.0,"enemies":"3 Darklings","floor":35.0,"turns":2.0},{"damage":0.0,"enemies":"3 Shapes","floor":36.0,"turns":2.0},{"damage":0.0,"enemies":"Maw","floor":37.0,"turns":2.0},{"damage":0.0,"enemies":"Transient","floor":39.0,"turns":2.0},{"damage":0.0,"enemies":"R_Hoarder","floor":40.0,"turns":3.0},{"damage":0,"enemies":"Nemesis","floor":46,"turns":3},{"damage":0,"enemies":"Spire Growth","floor":47,"turns":1},{"damage":0,"enemies":"Jaw Worm Horde","floor":48,"turns":1},{"damage":0,"enemies":"Writhing Mass","floor":49,"turns":2},{"damage":0,"enemies":"MirrorBossEncounter","floor":52,"turns":3},{"damage":0,"enemies":"Shield and Spear","floor":57,"turns":2},{"damage":0,"enemies":"The Heart","floor":58,"turns":5}],"seed_played":"1263861873368404099","potions_obtained":[{"floor":7.0,"key":"Swift Potion"},{"floor":10.0,"key":"Fire Potion"},{"floor":27.0,"key":"Fire Potion"},{"floor":33.0,"key":"PowerPotion"},{"floor":39.0,"key":"Milkshake"}],"is_trial":false,"path_per_floor":["M","?","?","?","M","R","E","M","T","E","M","E","$","M","R","B",null,"M","?","?","?","$","E","R","E","T","M","M","M","M","E","R","B",null,"M","M","M","?","M","E","R","PTL","PTL","R","T","E","M","M","M","?","R","B",null,null,"$","R","E","B",null],"character_chosen":"IRONCLAD","items_purchased":["AT_SpeedBoots","DollysMirror"],"campfire_rested":0,"item_purchase_floors":[22,55],"current_hp_per_floor":[75,70,66,55,75,75,75,75,75,75,75,75,75,75,75,75,70,70,49,34,70,70,70,70,70,70,70,70,70,70,70,70,70,1,1,1,1,1,1,1,1,1,1,1,1,6,1,1,1,1,1,1,1,1,1,1,1,1],"gold":220,"neow_bonus":"ONE_RARE_RELIC","is_daily":false,"chose_seed":false,"campfire_upgraded":7,"win_rate":0.0,"timestamp":1611567678,"path_taken":["M","?","?","?","M","R","E","M","T","E","M","E","?","M","R","BOSS","M","?","?","?","$","E","R","E","T","M","?","M","?","E","R","BOSS","M","M","M","?","?","E","R","PTL","PTL","R","T","E","M","?","M","?","R","BOSS","$","R","E","BOSS"],"items_purchased_type":["Relic","Relic"],"build_version":"2020-12-22","purchased_purges":4,"victory":true,"max_hp_per_floor":[75,75,75,75,75,75,75,75,75,75,75,75,75,75,75,75,70,70,70,70,70,70,70,70,70,70,70,70,70,70,70,70,70,1,1,1,1,1,1,1,1,1,1,1,1,6,1,1,1,1,1,1,1,1,1,1,1,1],"relic_stats":{"Happy Flower":[33],"counters":[31,128],"Self Forming Clay":[0],"Blue Candle":[0],"Bag of Preparation":[38],"obtain_stats":[{"AT_ATBox":0,"DaveBox":0,"Nilry\u0027s Codex":19,"DemoMod:GlassGuonStoneRelic":5,"Bag of Preparation":23,"Burning Blood":0,"testmod-CasingShield":0,"MagicDraw1":31,"Matryoshka":7,"Dota2Spire:EyeOfSkadi":46,"testmod-Motorcycle":10,"DollysMirror":55,"HereWithMe":17,"hubris:FunFungus":0,"Red Mask":21,"OneHitWonderSystem":34,"KeepersGift":0,"conspire:Dentures":12,"testmod-TestBox":0,"Happy Flower":9,"Self Forming Clay":26,"Blue Candle":2,"BelialBook":40,"hubris:SphereOfDissonance":57,"AT_PhaseBoots":25,"MoneyPower":0,"testmod-Justice":45,"AT_SpeedBoots":22,"SynthV:TestCard":1,"EGODaCapo":38,"BionicSphere":0,"testmod-AssaultLearning":25,"Snack Pack":9,"HushsDoor":0,"REME_ComplimentaryCards":0},{"AT_ATBox":0,"DaveBox":0,"Nilry\u0027s Codex":10,"DemoMod:GlassGuonStoneRelic":2,"Bag of Preparation":12,"Burning Blood":0,"testmod-CasingShield":0,"MagicDraw1":18,"Matryoshka":3,"Dota2Spire:EyeOfSkadi":25,"testmod-Motorcycle":5,"DollysMirror":29,"HereWithMe":9,"hubris:FunFungus":0,"Red Mask":11,"OneHitWonderSystem":19,"KeepersGift":0,"conspire:Dentures":7,"testmod-TestBox":0,"Happy Flower":4,"Self Forming Clay":13,"Blue Candle":1,"BelialBook":24,"hubris:SphereOfDissonance":30,"AT_PhaseBoots":13,"MoneyPower":0,"testmod-Justice":24,"AT_SpeedBoots":11,"SynthV:TestCard":1,"EGODaCapo":22,"BionicSphere":0,"testmod-AssaultLearning":13,"Snack Pack":4,"HushsDoor":0,"REME_ComplimentaryCards":0},{"AT_ATBox":0,"DaveBox":0,"Nilry\u0027s Codex":54,"DemoMod:GlassGuonStoneRelic":16,"Bag of Preparation":70,"Burning Blood":0,"testmod-CasingShield":0,"MagicDraw1":95,"Matryoshka":25,"Dota2Spire:EyeOfSkadi":114,"testmod-Motorcycle":37,"DollysMirror":121,"HereWithMe":53,"hubris:FunFungus":0,"Red Mask":67,"OneHitWonderSystem":100,"KeepersGift":0,"conspire:Dentures":48,"testmod-TestBox":0,"Happy Flower":28,"Self Forming Clay":86,"Blue Candle":6,"BelialBook":111,"hubris:SphereOfDissonance":123,"AT_PhaseBoots":83,"MoneyPower":0,"testmod-Justice":111,"AT_SpeedBoots":67,"SynthV:TestCard":6,"EGODaCapo":106,"BionicSphere":0,"testmod-AssaultLearning":86,"Snack Pack":28,"HushsDoor":0,"REME_ComplimentaryCards":0}],"Burning Blood":1},"card_choices":[{"not_picked":["Anger","ReplayTheSpireMod:LeadingStrike"],"picked":"Shrug It Off","floor":1.0},{"not_picked":["Combust","Brutality","Shrug It Off","True Grit","Blood for Blood"],"picked":"SKIP","floor":5.0},{"not_picked":["Iron Wave","Perfected Strike","Dark Embrace","Warcry"],"picked":"Armaments","floor":7.0},{"not_picked":["Twin Strike","Flex","Heavy Blade","AT_IchimonjiDouble","Clothesline"],"picked":"SKIP","floor":8.0},{"not_picked":["True Grit","Warcry","Shrug It Off","Rupture"],"picked":"MostiFishMod:Chiaki","floor":10.0},{"not_picked":["Wild Strike","Clothesline","conspire:ExplosiveBarrier","Ghostly Armor","Twin Strike"],"picked":"SKIP","floor":11.0},{"not_picked":["Dropkick","Clash","AT_DrawKnifeCut","Flex"],"picked":"AT_BodySlamDance","floor":12.0},{"not_picked":["Uppercut","AT_BodySlamDance","Cleave","AT_IchimonjiDouble","MostiFishMod:TemporaryOutbreak"],"picked":"SKIP","floor":14.0},{"not_picked":["MostiFishMod:FlyOverUtopia","Limit Break","Corruption","MostiFishMod:HellRitual"],"picked":"MostiFishMod:UltimateDefense","floor":16.0},{"not_picked":["Flex+1","Heavy Blade","Body Slam","Bloodletting"],"picked":"Battle Trance","floor":18.0},{"not_picked":["Fire Breathing","AT_ShrugMaster","Spot Weakness","Combust+1","Rupture"],"picked":"SKIP","floor":23.0},{"not_picked":["Carnage","Spot Weakness","Iron Wave","ReplayTheSpireMod:Limb From Limb"],"picked":"Entrench","floor":25.0},{"not_picked":["Metallicize","Searing Blow","Shrug It Off","Thunderclap","ReplayTheSpireMod:Stacked"],"picked":"SKIP","floor":27.0},{"not_picked":["Flex","Heavy Blade","Warcry+1","Pommel Strike","ReplayTheSpireMod:Muscle Training"],"picked":"SKIP","floor":28.0},{"not_picked":["Whirlwind","Iron Wave","Sever Soul","AT_BodySlamDance","Wild Strike"],"picked":"SKIP","floor":29.0},{"not_picked":["hubris:CleavingFinish","Clothesline","AT_BodySlamDance","Havoc","conspire:Charge"],"picked":"SKIP","floor":30.0},{"not_picked":["ReplayTheSpireMod:Corrosion Curse","MostiFishMod:BrandingRite","Clash","Second Wind","Anger"],"picked":"SKIP","floor":31.0},{"not_picked":["Juggernaut","MostiFishMod:404NotFound","MostiFishMod:UltimateDefense","MostiFishMod:FireWorks"],"picked":"Offering","floor":33.0},{"not_picked":["Headbutt","AT_IchimonjiDouble","Armaments","Shrug It Off","Perfected Strike+1"],"picked":"SKIP","floor":35.0},{"not_picked":["Seeing Red","Headbutt","Rupture","MostiFishMod:#F4004","Rage"],"picked":"SKIP","floor":36.0},{"not_picked":["Massacre","Armaments+1","Dual Wield","Clash"],"picked":"Shockwave","floor":37.0},{"not_picked":["Clash","conspire:Charge","Twin Strike+1","Replay:Undeath\u0027s Touch"],"picked":"Second Wind+1","floor":39.0},{"not_picked":["ReplayReversal","True Grit+1","MostiFishMod:BrandingRite","Headbutt","Searing Blow"],"picked":"SKIP","floor":40.0},{"not_picked":["ReplayTheSpireMod:Limb From Limb","Fire Breathing","Ghostly Armor","AT_ShrugMaster","Evolve"],"picked":"SKIP","floor":46},{"not_picked":["Ghostly Armor","Headbutt","True Grit","ReplayTheSpireMod:Muscle Training","Rage"],"picked":"SKIP","floor":47},{"not_picked":["Pommel Strike","Armaments+1","Wild Strike","Iron Wave","Clash+1"],"picked":"SKIP","floor":48},{"not_picked":["Warcry+1","MostiFishMod:404NotFound","Anger","Cleave"],"picked":"Entrench+1","floor":49},{"not_picked":["REME_Scribble","Sword Boomerang","True Grit+1","Burning Pact","Armaments"],"picked":"SKIP","floor":57}],"player_experience":1975180,"relics_obtained":[{"floor":1.0,"key":"SynthV:TestCard"},{"floor":7.0,"key":"Matryoshka"},{"floor":9.0,"key":"Snack Pack"},{"floor":9.0,"key":"Happy Flower"},{"floor":10.0,"key":"testmod-Motorcycle"},{"floor":12.0,"key":"conspire:Dentures"},{"floor":21.0,"key":"Red Mask"},{"floor":23.0,"key":"Bag of Preparation"},{"floor":25.0,"key":"testmod-AssaultLearning"},{"floor":26.0,"key":"Self Forming Clay"},{"floor":31.0,"key":"MagicDraw1"},{"floor":40.0,"key":"BelialBook"},{"floor":45.0,"key":"testmod-Justice"},{"floor":46,"key":"Dota2Spire:EyeOfSkadi"},{"floor":57,"key":"hubris:SphereOfDissonance"}],"event_choices":[{"damage_healed":0.0,"max_hp_gain":0.0,"max_hp_loss":0.0,"gold_gain":0.0,"event_name":"conspire:Investor","player_choice":"Leave","floor":3.0,"gold_loss":0.0,"damage_taken":0.0},{"damage_healed":0.0,"max_hp_gain":0.0,"max_hp_loss":0.0,"gold_gain":75.0,"event_name":"betterThird:BetterGoop","player_choice":"Gold","floor":4.0,"gold_loss":0.0,"damage_taken":11.0},{"damage_healed":0.0,"max_hp_gain":0.0,"max_hp_loss":0.0,"gold_gain":0.0,"event_name":"Cursed Tome","player_choice":"Obtained Book","floor":19.0,"gold_loss":0.0,"damage_taken":21.0},{"damage_healed":0.0,"max_hp_gain":0.0,"max_hp_loss":0.0,"gold_gain":0.0,"event_name":"Masked Bandits","player_choice":"Fought Bandits","floor":21.0,"gold_loss":0.0,"damage_taken":0.0},{"damage_healed":0.0,"max_hp_gain":0.0,"max_hp_loss":0.0,"gold_gain":0.0,"event_name":"给自己的盒子","player_choice":"Swap Relic","floor":38.0,"relics_lost":["EGODaCapo"],"gold_loss":0.0,"damage_taken":0.0,"relics_obtained":["EGODaCapo"]}],"is_beta":false,"boss_relics":[{"not_picked":["energizedSpire:EnergizedDie","conspire:SlowCooker"],"picked":"HereWithMe"},{"not_picked":[]},{"not_picked":["testmod-CardMagician","FrostBlade"],"picked":"OneHitWonderSystem"},{"not_picked":[]}],"items_purged_floors":[13,17,22,55],"is_endless":false,"potions_floor_spawned":[7,10,12,14,16,18,21,27,33,39,46,47,48,57],"ascension_level":20}}