{"host":"iph0xvuia0glosgr","time":1611607932,"event":{"mods":["AchievementEnabler","BaseMod","Minty Spire (QoL Compilation)"],"gold_per_floor":[109,184,184,203,218,253,265,265,290,302,312,18,18,60,60,171,171,196,216,242,242,24,24,44,44,44],"floor_reached":25,"language":"ENG","playtime":1387,"items_purged":["Corruption"],"score":215,"play_id":"65afe231-2007-4d56-97d0-ec7e338b4cb4","local_time":"20210125205212","is_ascension_mode":false,"campfire_choices":[{"floor":8,"key":"RECALL"},{"floor":13,"key":"REST"},{"floor":15,"key":"REST"},{"floor":23,"key":"REST"}],"circlet_count":0,"master_deck":["Strike_R+1","Strike_R+1","Strike_R+1","Strike_R+1","Strike_R+1","Defend_R+1","Defend_R+1","Defend_R+1","Bash","Cleave","Searing Blow","Clothesline","Immolate","Blood for Blood","Flex","Clash","Evolve","Cleave","Dramatic Entrance","Metallicize","Double Tap","Power Through+1","Perfected Strike","Headbutt","Inflame","Sword Boomerang+1"],"relics":["Burning Blood","Ancient Tea Set","Toy Ornithopter","CeramicFish","Runic Cube","Vajra"],"acts_visited":["Exordium","TheCity"],"potions_floor_usage":[6,11,14,14,16,25],"damage_taken":[{"damage":7,"enemies":"2 Louse","floor":1,"turns":3},{"damage":1,"enemies":"Cultist","floor":4,"turns":3},{"damage":6,"enemies":"Jaw Worm","floor":5,"turns":4},{"damage":28,"enemies":"Gremlin Nob","floor":6,"turns":4},{"damage":10,"enemies":"3 Louse","floor":7,"turns":2},{"damage":7,"enemies":"Blue Slaver","floor":10,"turns":2},{"damage":14,"enemies":"Gremlin Gang","floor":11,"turns":3},{"damage":26,"enemies":"Lagavulin","floor":14,"turns":4},{"damage":65,"enemies":"Hexaghost","floor":16,"turns":9},{"damage":20,"enemies":"2 Thieves","floor":18,"turns":3},{"damage":31,"enemies":"Spheric Guardian","floor":19,"turns":5},{"damage":22,"enemies":"Snecko","floor":20,"turns":6},{"damage":13,"enemies":"Chosen and Byrds","floor":24,"turns":4},{"damage":52,"enemies":"Centurion and Healer","floor":25,"turns":4}],"seed_played":"-8545779168592428573","potions_obtained":[{"floor":1,"key":"SteroidPotion"},{"floor":6,"key":"Strength Potion"},{"floor":7,"key":"Strength Potion"},{"floor":10,"key":"Energy Potion"},{"floor":11,"key":"LiquidMemories"},{"floor":19,"key":"SpeedPotion"},{"floor":20,"key":"DuplicationPotion"},{"floor":24,"key":"LiquidBronze"}],"is_trial":false,"path_per_floor":["M","?","?","M","M","E","M","R","T","M","M","$","R","E","R","B",null,"M","M","M","?","$","R","M","M"],"character_chosen":"IRONCLAD","items_purchased":["Evolve","Cleave","Dramatic Entrance","Vajra","Inflame"],"campfire_rested":3,"item_purchase_floors":[12,12,12,22,22],"current_hp_per_floor":[79,68,68,73,73,51,47,47,47,46,43,43,67,57,80,21,80,66,41,25,25,25,49,42,0,0],"gold":44,"neow_bonus":"RANDOM_COMMON_RELIC","is_daily":false,"chose_seed":false,"campfire_upgraded":0,"win_rate":0.0,"timestamp":1611607932,"path_taken":["M","?","?","?","M","E","M","R","T","?","M","$","R","E","R","BOSS","M","M","M","?","$","R","M","M"],"items_purchased_type":["Card","Card","Card","Relic","Card"],"build_version":"2020-12-22","purchased_purges":1,"victory":false,"max_hp_per_floor":[80,80,80,80,80,80,80,80,80,80,80,80,80,80,80,80,80,80,80,80,80,80,80,80,80,80],"card_choices":[{"not_picked":["Entrench","Pommel Strike"],"picked":"Cleave","floor":1},{"not_picked":["Clothesline","Pommel Strike"],"picked":"Searing Blow","floor":4},{"not_picked":["Anger","Flex"],"picked":"Clothesline","floor":5},{"not_picked":["Seeing Red","Iron Wave"],"picked":"Immolate","floor":6},{"not_picked":["Dropkick","Sword Boomerang"],"picked":"Blood for Blood","floor":7},{"not_picked":["Anger","Body Slam"],"picked":"Flex","floor":10},{"not_picked":["Thunderclap","Armaments"],"picked":"Clash","floor":11},{"not_picked":["Sever Soul","Body Slam"],"picked":"Metallicize","floor":14},{"not_picked":["Corruption","Reaper"],"picked":"Double Tap","floor":16},{"not_picked":["Shrug It Off","Carnage"],"picked":"Power Through+1","floor":18},{"not_picked":["Armaments","Headbutt"],"picked":"Perfected Strike","floor":19},{"not_picked":["Flex","Body Slam+1"],"picked":"Headbutt","floor":20},{"not_picked":["Thunderclap","Burning Pact"],"picked":"Sword Boomerang+1","floor":24}],"player_experience":259997,"relics_obtained":[{"floor":6,"key":"Toy Ornithopter"},{"floor":14,"key":"CeramicFish"}],"event_choices":[{"damage_healed":0,"gold_gain":75,"player_choice":"Gather Gold","damage_taken":11,"max_hp_gain":0,"max_hp_loss":0,"event_name":"World of Goop","floor":2,"gold_loss":0},{"damage_healed":0,"gold_gain":0,"cards_transformed":["Defend_R"],"player_choice":"Transformed","damage_taken":0,"max_hp_gain":0,"max_hp_loss":0,"event_name":"Transmorgrifier","floor":3,"gold_loss":0,"cards_obtained":["Corruption"]},{"damage_healed":0,"gold_gain":0,"player_choice":"Simplicity","damage_taken":0,"max_hp_gain":0,"max_hp_loss":0,"event_name":"Back to Basics","floor":21,"gold_loss":0,"cards_upgraded":["Strike_R","Strike_R","Strike_R","Strike_R","Strike_R","Defend_R","Defend_R","Defend_R"]}],"is_beta":false,"boss_relics":[{"not_picked":["Empty Cage","Coffee Dripper"],"picked":"Runic Cube"}],"items_purged_floors":[12],"is_endless":false,"potions_floor_spawned":[1,6,7,10,11,19,20,24],"killed_by":"Centurion and Healer","ascension_level":0}}