{"host":"dwyzfvnzfcqffr30","time":1611607719,"event":{"mods":["2.2 Compatiblity","Act Like it!","Aspiration","BaseMod","Beaked The Cultist","Better Altar","Better Match","Better Note","Better Sensory Stone","Better Skull","Better Third Choice","Clockwork Mod","Colored Map","Colored Powertips","Conspire","Elementarium","GifTheSpireLib","Halation","Hermit","Hubris","Infinite Spire","Ironclad Rager","Jedi Mod","Menagerie","Mimic Mod","Minty Spire (QoL Compilation)","Permanent Neow","Random Character Button","Reliquary","Replay The Spire","Spicy Shops","Spikes Relics","StSLib","Stuff the Spire","The Construct","The Disciple","The Druid","The Marked","TheFirefly","Trackpad","Wandering Minibosses"],"gold_per_floor":[122,150,175,175,201,246,246,246,281,32,32,71,188,188,188,279,279,316,316,68,68,88,88,222,222,222,249,276,426,474,218,218,311,311,345,383,383,383,422,553,61,61,61,61,61],"floor_reached":44,"language":"ENG","playtime":2854,"items_purged":["theDruid:Strike_O+1","theDruid:Strike_O+1","theDruid:Strike_O+1"],"score":1195,"play_id":"2a9cd27d-fd95-4257-9118-9b911c7e55b8","local_time":"20210125124839","is_ascension_mode":true,"campfire_choices":[{"floor":7,"key":"RECALL"},{"data":"theDruid:Recoil+1","floor":11,"key":"SMITH"},{"floor":15,"key":"DIG"},{"data":"theDruid:Recoil+2","floor":23,"key":"SMITH"},{"data":"theDruid:ForestsSoul+1","floor":32,"key":"SMITH"}],"circlet_count":0,"master_deck":["AscendersBane","theDruid:Defend_O+1","theDruid:Defend_O+1","theDruid:Defend_O+1","theDruid:Defend_O+1","theDruid:BriarArmor+1","theDruid:WildSlash+1","Replay:Dark Deal+1","MasterReality+1","Apotheosis+1","theDruid:ThickHide+1","theDruid:FaerieFire+1","theDruid:ForestsSoul+2","theDruid:ViralBites+1","theDruid:Recoil+3","theDruid:ForestGuard+1","theDruid:Guidance+1","theDruid:HerbalismKit+1","theDruid:PouncingStrike+1","theDruid:BloodiedFur+1","ReplayTheSpireMod:Private Reserves+1","theDruid:ApexPredator+1","theDruid:Swipe+1","Clockwork:Improve+1","theDruid:NaturalAgility+1","theDruid:FuriousSlash+1","theDruid:Mutilate+1"],"relics":["theDruid:CrownOfTheWilds","Bottled Tornado","conspire:InfiniteJournal","SacredBark","infinitespire:EvilPickle","StuffTheSpire:DarkSteelAnvil","Quantum Egg","Frozen Egg 2","Molten Egg 2","Toxic Egg 2","halation:Prosthetics","hubris:Icosahedron","conspire:DecoderRing","Omamori","trackpad:ByrdBGone","jedi:cryingmask","StuffTheSpire:TintedRock","hubris:DisguiseKit","Frozen Egg 2","construct:ClawGrip","Nilry\u0027s Codex","Replay:WaspNest","hubris:BottledHeart","FaceOfCleric","halation:AfternoonTea","Clockwork:BloodPhial","reliquary:RedPaperclip","Clockwork:SomewhatSmoothStone","Clockwork:CopperScales","hubris:PeanutButter","reliquary:Knoch","Medical Kit","reliquary:Aerogel","Gremlin Food"],"acts_visited":["Exordium","TheCity","TheBeyond"],"potions_floor_usage":[6,12,13,13,16,16,16,16,18,22,27,27,27,29,29,30,33,33,35,36,39,39,39,44,44],"damage_taken":[{"damage":0,"enemies":"2 Louse","floor":1,"turns":2},{"damage":0,"enemies":"Jaw Worm","floor":2,"turns":1},{"damage":0,"enemies":"Small Slimes","floor":3,"turns":3},{"damage":0,"enemies":"2 Fungi Beasts","floor":5,"turns":2},{"damage":0,"enemies":"3 Sentries","floor":6,"turns":7},{"damage":0,"enemies":"3 Louse","floor":9,"turns":5},{"damage":0,"enemies":"3 Louse","floor":12,"turns":5},{"damage":0,"enemies":"Lagavulin","floor":13,"turns":3},{"damage":5,"enemies":"The Guardian","floor":16,"turns":4},{"damage":5,"enemies":"Shell Parasite","floor":18,"turns":3},{"damage":0,"enemies":"3 Byrds","floor":22,"turns":2},{"damage":0,"enemies":"Gremlin Leader","floor":24,"turns":4},{"damage":0,"enemies":"Cultist and Chosen","floor":27,"turns":5},{"damage":0,"enemies":"Chosen and Byrds","floor":28,"turns":4},{"damage":0,"enemies":"Slavers","floor":29,"turns":3},{"damage":0,"enemies":"Snecko","floor":30,"turns":3},{"damage":0,"enemies":"conspire:MysteriousRune","floor":33,"turns":5},{"damage":0,"enemies":"3 Darklings","floor":35,"turns":4},{"damage":0,"enemies":"3 Shapes","floor":36,"turns":5},{"damage":0,"enemies":"3 Darklings","floor":39,"turns":4},{"damage":0,"enemies":"Nemesis","floor":40,"turns":3},{"damage":2,"enemies":"Reptomancer","floor":44,"turns":2}],"seed_played":"-3080541320029372652","potions_obtained":[{"floor":2,"key":"Energy Potion"},{"floor":6,"key":"LiquidBronze"},{"floor":16,"key":"SteroidPotion"},{"floor":24,"key":"Dexterity Potion"},{"floor":27,"key":"Reflective Coating"},{"floor":30,"key":"SpeedPotion"},{"floor":39,"key":"DuplicationPotion"}],"is_trial":false,"path_per_floor":["M","M","M","?","M","E","R","?","MIM","$","R","MIM","E","?","R_BF","B",null,"M","?","$","?","M","R","E","?","T","M","M","E","M","$","R_BF","B",null,"M","M","?","?","M","E","$","?","T","E"],"character_chosen":"DRUID","items_purchased":["trackpad:ByrdBGone","jedi:cryingmask","theDruid:Guidance+1","theDruid:HerbalismKit+1","Replay:WaspNest","theDruid:NaturalAgility+1","theDruid:FuriousSlash+1","reliquary:Knoch","Medical Kit","reliquary:Aerogel","SteroidPotion"],"campfire_rested":0,"item_purchase_floors":[10,10,10,10,20,31,31,41,41,41,41],"current_hp_per_floor":[33,33,33,33,33,33,33,33,33,33,33,33,33,33,33,28,32,27,11,11,1,1,1,1,1,1,1,1,1,1,1,1,1,1,1,1,1,1,1,1,1,1,1,0,0],"gold":61,"neow_bonus":"RANDOM_COLORLESS_2","is_daily":false,"chose_seed":false,"campfire_upgraded":3,"win_rate":0.0,"timestamp":1611607719,"path_taken":["M","M","M","?","M","E","R","?","MIM","?","R","?","E","?","R_BF","BOSS","M","?","$","?","M","R","E","?","T","?","M","E","M","$","R_BF","BOSS","M","M","?","?","M","E","$","?","T","E"],"items_purchased_type":["Relic","Relic","Card","Card","Relic","Card","Card","Relic","Relic","Relic","Potion"],"build_version":"2020-12-22","purchased_purges":3,"victory":false,"max_hp_per_floor":[33,33,33,33,33,33,33,33,33,33,33,33,33,33,33,33,33,33,33,33,1,1,1,1,1,1,1,1,1,1,1,1,1,1,1,1,1,1,1,1,1,1,1,1,1],"card_choices":[{"not_picked":["Violence","Magnetism"],"picked":"Replay:Dark Deal","floor":0},{"not_picked":["theDruid:Gore+1","theDruid:Guidance+1"],"picked":"theDruid:ThickHide+1","floor":1},{"not_picked":["theDruid:Slingshot+1","theDruid:Starfall+1"],"picked":"theDruid:FaerieFire+1","floor":2},{"not_picked":["theDruid:Slingshot+1","theDruid:AstralShield+1"],"picked":"theDruid:ForestsSoul+1","floor":3},{"not_picked":["theDruid:Gore+1","theDruid:IronClaw+1"],"picked":"theDruid:ViralBites+1","floor":5},{"not_picked":["theDruid:BlessedStrike+1","theDruid:ExposingSlash+1"],"picked":"theDruid:Recoil+1","floor":6},{"not_picked":["theDruid:TwilightsCall+1","theDruid:FaerieFire+1"],"picked":"theDruid:PouncingStrike+1","floor":12},{"not_picked":["theDruid:TwilightsCall+1","theDruid:Thornburst+1"],"picked":"theDruid:BloodiedFur+1","floor":13},{"not_picked":["Thinking Ahead+1","Mayhem+1"],"picked":"ReplayTheSpireMod:Private Reserves+1","floor":14},{"not_picked":["theDruid:TearOpen+1","theDruid:SurvivalInstincts+1","Clockwork:DefectiveParts"],"picked":"theDruid:ApexPredator+1","floor":16},{"not_picked":["theDruid:TakeShelter+1","theDruid:Guidance+1","Clockwork:CogBarrier"],"picked":"theDruid:Swipe+1","floor":18},{"not_picked":["theDruid:Starburst+1","theDruid:Scavenge+1","theDruid:Swipe+1","Clockwork:ReserveSystems"],"picked":"SKIP","floor":22},{"not_picked":["theDruid:MysticBarrier+1","theDruid:FuriousSlash+1","theDruid:Guidance+1"],"picked":"Clockwork:CraftBloodPhial","floor":24},{"not_picked":["theDruid:Rummage+1","theDruid:SerratedFlesh+1","theDruid:Starfall+1"],"picked":"Clockwork:CraftSomewhatSmoothStone","floor":27},{"not_picked":["theDruid:PlagueClaw+1","theDruid:Mutilate+1","theDruid:IronClaw+1"],"picked":"Clockwork:Improve","floor":28},{"not_picked":["theDruid:Gore+1","theDruid:Stampede+1","theDruid:TearOpen+1","Clockwork:Enhance"],"picked":"SKIP","floor":29},{"not_picked":["theDruid:ThornStrike+1","theDruid:MysticBarrier+1","theDruid:IronClaw+1","Clockwork:Scour"],"picked":"SKIP","floor":30},{"not_picked":["theDruid:SerratedFlesh+1","theDruid:IronbarkArmor+1","Clockwork:Inspiration"],"picked":"theDruid:Mutilate+1","floor":33},{"not_picked":["theDruid:ForestsSoul+1","theDruid:ExposingSlash+1","theDruid:Swipe+1"],"picked":"Clockwork:CraftCopperScales","floor":35},{"not_picked":["theDruid:WallofRoots+1","theDruid:FelineGrace+1","theDruid:BristlingBulwark+1","Clockwork:Enhance"],"picked":"SKIP","floor":36},{"not_picked":["theDruid:RockSlide+1","theDruid:FuriousSlash+1","theDruid:BlessedStrike+1","Clockwork:FalseStart"],"picked":"SKIP","floor":39},{"not_picked":["theDruid:IronbarkArmor+1","theDruid:Slingshot+1","theDruid:IronClaw+1","Clockwork:QuantumStrike"],"picked":"SKIP","floor":40}],"player_experience":2263053,"relics_obtained":[{"floor":6,"key":"conspire:DecoderRing"},{"floor":9,"key":"Omamori"},{"floor":12,"key":"StuffTheSpire:TintedRock"},{"floor":13,"key":"hubris:DisguiseKit"},{"floor":15,"key":"Frozen Egg 2"},{"floor":19,"key":"Nilry\u0027s Codex"},{"floor":24,"key":"halation:AfternoonTea"},{"floor":29,"key":"Pantograph"},{"floor":40,"key":"hubris:PeanutButter"},{"floor":43,"key":"Gremlin Food"}],"event_choices":[{"damage_healed":0,"gold_gain":0,"player_choice":"Simplicity","damage_taken":0,"max_hp_gain":0,"max_hp_loss":0,"event_name":"betterThird:BetterWriting","floor":0,"gold_loss":0},{"damage_healed":0,"gold_gain":0,"cards_transformed":["theDruid:Strike_O"],"player_choice":"Change","damage_taken":0,"max_hp_gain":0,"max_hp_loss":0,"event_name":"Living Wall","floor":8,"gold_loss":0,"cards_obtained":["theDruid:ForestGuard"]},{"damage_healed":0,"gold_gain":1,"player_choice":"1","damage_taken":0,"max_hp_gain":0,"max_hp_loss":0,"event_name":"betterStone:BetterStone","floor":14,"gold_loss":0},{"damage_healed":0,"gold_gain":0,"player_choice":"Obtained Book","damage_taken":16,"max_hp_gain":0,"max_hp_loss":0,"event_name":"Cursed Tome","floor":19,"gold_loss":0},{"damage_healed":0,"gold_gain":0,"player_choice":"Leave","damage_taken":0,"max_hp_gain":0,"max_hp_loss":0,"event_name":"conspire:Investor","floor":25,"gold_loss":0},{"damage_healed":0,"gold_gain":0,"player_choice":"Ignored","damage_taken":0,"max_hp_gain":0,"max_hp_loss":0,"event_name":"Tomb of Lord Red Mask","floor":37,"gold_loss":0}],"is_beta":false,"boss_relics":[{"not_picked":["Fusion Hammer","hubris:BlackHole"],"picked":"construct:ClawGrip"},{"not_picked":["halation:SmartPhone","halation:LoveArrow"],"picked":"reliquary:RedPaperclip"}],"items_purged_floors":[10,31,31],"is_endless":false,"potions_floor_spawned":[2,6,13,16,18,24,27,28,30,36,39],"killed_by":"Reptomancer","ascension_level":14}}