{"host":"4nqeo0vu1vuav7gg","time":1611596097,"event":{"mods":["AchievementEnabler","BaseMod","Block Reminder","Colored Map","Colored Powertips","Highlight Path","Minty Spire (QoL Compilation)","Quick Restart","Rare Cards Sparkle","Relic Relevance Reorder","StSLib"],"gold_per_floor":[118,134,153,165,165,165,200,224,224,224,374,405,421,183,183,278,278,303,303,326,219,219,260,260,260,260],"floor_reached":25,"language":"ENG","playtime":1024,"items_purged":["Doubt"],"score":450,"play_id":"4082067b-e49e-46f4-8522-588332018ea6","local_time":"20210125183457","is_ascension_mode":true,"campfire_choices":[{"data":"Self Repair","floor":6.0,"key":"SMITH"},{"floor":10.0,"key":"REST"},{"floor":15.0,"key":"REST"},{"floor":24.0,"key":"REST"}],"circlet_count":0,"master_deck":["AscendersBane","Strike_B","Strike_B","Defend_B","Defend_B","Defend_B","Defend_B","Zap","Dualcast","Sunder","Streamline","Go for the Eyes","Self Repair+1","BootSequence","Conserve Battery","FTL","Biased Cognition","Hyperbeam","Writhe"],"relics":["Cracked Core","Dead Branch","Cables","Happy Flower","NeowsBlessing","Bag of Marbles","Regal Pillow","Juzu Bracelet","Golden Idol","Empty Cage"],"acts_visited":["Exordium","TheCity"],"potions_floor_usage":[],"damage_taken":[{"damage":0.0,"enemies":"2 Louse","floor":1.0,"turns":1.0},{"damage":0.0,"enemies":"Small Slimes","floor":2.0,"turns":1.0},{"damage":0.0,"enemies":"Cultist","floor":3.0,"turns":1.0},{"damage":8.0,"enemies":"Blue Slaver","floor":4.0,"turns":3.0},{"damage":38.0,"enemies":"3 Sentries","floor":7.0,"turns":10.0},{"damage":0.0,"enemies":"Exordium Wildlife","floor":8.0,"turns":2.0},{"damage":36.0,"enemies":"Lagavulin","floor":12.0,"turns":9.0},{"damage":10.0,"enemies":"Large Slime","floor":13.0,"turns":5.0},{"damage":44.0,"enemies":"The Guardian","floor":16.0,"turns":11.0},{"damage":24.0,"enemies":"Chosen","floor":18.0,"turns":4.0},{"damage":18.0,"enemies":"Spheric Guardian","floor":20.0,"turns":4.0},{"damage":33.0,"enemies":"Gremlin Leader","floor":23.0,"turns":6.0},{"damage":75,"enemies":"Slavers","floor":25,"turns":3}],"seed_played":"-4258156564571380736","potions_obtained":[{"floor":4.0,"key":"Block Potion"},{"floor":7.0,"key":"CultistPotion"},{"floor":13.0,"key":"GamblersBrew"}],"is_trial":false,"path_per_floor":["M","M","M","M","?","R","E","M","T","R","?","E","M","$","R","B",null,"M","?","M","$","?","E","R","E"],"character_chosen":"DEFECT","items_purchased":["Happy Flower","FairyPotion"],"campfire_rested":3,"item_purchase_floors":[14,21],"current_hp_per_floor":[64,64,64,56,56,56,28,28,28,64,64,38,38,38,71,37,63,49,49,41,41,41,18,54,0,0],"gold":260,"neow_bonus":"THREE_ENEMY_KILL","is_daily":false,"chose_seed":false,"campfire_upgraded":1,"win_rate":0.0,"timestamp":1611596097,"path_taken":["M","M","M","M","?","R","E","M","T","R","?","E","M","$","R","BOSS","M","?","M","$","?","E","R","E"],"items_purchased_type":["Relic","Potion"],"build_version":"2020-12-22","purchased_purges":1,"victory":false,"max_hp_per_floor":[71,71,71,71,71,71,71,71,71,71,71,71,71,71,71,71,71,71,71,71,71,71,71,71,71,71],"card_choices":[{"not_picked":["Stack","Sweeping Beam"],"picked":"Sunder","floor":1.0},{"not_picked":["Rip and Tear","Hologram"],"picked":"Streamline","floor":2.0},{"not_picked":["Cold Snap","Storm"],"picked":"Go for the Eyes","floor":3.0},{"not_picked":["Streamline","Redo"],"picked":"Self Repair","floor":4.0},{"not_picked":["Capacitor","Sunder"],"picked":"BootSequence","floor":7.0},{"not_picked":["Go for the Eyes","Coolheaded"],"picked":"Conserve Battery","floor":8.0},{"not_picked":["Hologram","Coolheaded"],"picked":"FTL","floor":12.0},{"not_picked":["Rebound","Hello World","Stack"],"picked":"SKIP","floor":13.0},{"not_picked":["Reboot","Machine Learning"],"picked":"Biased Cognition","floor":16.0},{"not_picked":["Go for the Eyes+1","Steam","Turbo"],"picked":"SKIP","floor":18.0},{"not_picked":["Beam Cell","Cold Snap"],"picked":"Hyperbeam","floor":20.0},{"not_picked":["Beam Cell","Rebound","Auto Shields"],"picked":"SKIP","floor":23.0}],"player_experience":1072452,"relics_obtained":[{"floor":7.0,"key":"Regal Pillow"},{"floor":9.0,"key":"Cables"},{"floor":12.0,"key":"Juzu Bracelet"},{"floor":23.0,"key":"Bag of Marbles"}],"event_choices":[{"damage_healed":0.0,"max_hp_gain":0.0,"max_hp_loss":0.0,"gold_gain":0.0,"event_name":"Golden Idol","player_choice":"Take Wound","floor":5.0,"gold_loss":0.0,"damage_taken":0.0,"relics_obtained":["Golden Idol"],"cards_obtained":["Injury"]},{"damage_healed":0.0,"max_hp_gain":0.0,"max_hp_loss":0.0,"gold_gain":150.0,"event_name":"Liars Game","player_choice":"AGREE","floor":11.0,"gold_loss":0.0,"damage_taken":0.0,"cards_obtained":["Doubt"]},{"cards_removed":["Strike_B"],"damage_healed":0.0,"max_hp_gain":0.0,"max_hp_loss":0.0,"gold_gain":0.0,"event_name":"Back to Basics","player_choice":"Elegance","floor":19.0,"gold_loss":0.0,"damage_taken":0.0},{"damage_healed":0.0,"max_hp_gain":0.0,"max_hp_loss":0.0,"gold_gain":0.0,"event_name":"The Mausoleum","player_choice":"Opened","floor":22.0,"gold_loss":0.0,"damage_taken":0.0,"relics_obtained":["Dead Branch"],"cards_obtained":["Writhe"]}],"is_beta":false,"boss_relics":[{"not_picked":["Runic Pyramid","Runic Dome"],"picked":"Empty Cage"}],"items_purged_floors":[14],"is_endless":false,"potions_floor_spawned":[4,7,13],"killed_by":"Slavers","ascension_level":19}}