{"host":"xmrw7jl1ir2912vf","time":1611559071,"event":{"mods":["BaseMod","Minty Spire (QoL Compilation)","Relic Stats"],"gold_per_floor":[119,136,136,147,147,182,182,215,240,259,279,311,311,236,236,313,313,325,341,256,156,173,173,201,201,201,22,38,38,50,64,64,142,142,152,152,152,171,226,226,243,243,243,243,257,288,106,124,124,124,124],"floor_reached":50,"language":"ENG","playtime":2417,"items_purged":["Strike_R","Strike_R","Strike_R"],"score":972,"play_id":"ddd02754-91c8-4a5d-9b1c-deefb080bb30","local_time":"20210125021751","is_ascension_mode":true,"campfire_choices":[{"floor":7,"key":"REST"},{"data":"Fire Breathing","floor":13,"key":"SMITH"},{"data":"Wild Strike","floor":15,"key":"SMITH"},{"data":"Fire Breathing","floor":23,"key":"SMITH"},{"floor":25,"key":"REST"},{"floor":32,"key":"REST"},{"data":"Immolate","floor":40,"key":"SMITH"},{"floor":42,"key":"REST"},{"floor":44,"key":"REST"},{"floor":49,"key":"RECALL"}],"circlet_count":0,"master_deck":["AscendersBane","Strike_R","Defend_R+1","Defend_R+1","Defend_R","Defend_R","Bash","Sword Boomerang","Headbutt","Cleave","Wild Strike+1","Twin Strike","Fire Breathing+1","Offering","Wild Strike+1","Fire Breathing+1","Wild Strike","Shrug It Off","Thunderclap","Immolate+1","Wild Strike","Metallicize","Fiend Fire","Master of Strategy","Thinking Ahead","Iron Wave+1","Reckless Charge","Flame Barrier","Fire Breathing+1","Second Wind","Shrug It Off","Warcry+1"],"relics":["Burning Blood","Thread and Needle","Nunchaku","Dream Catcher","War Paint","Toy Ornithopter","MealTicket","Mark of Pain","Pantograph","Champion Belt","Pocketwatch","Velvet Choker","TungstenRod","Vajra"],"acts_visited":["Exordium","TheCity","TheBeyond"],"potions_floor_usage":[6,8,12,16,24,30,33,39,39,39,41,50],"damage_taken":[{"damage":2,"enemies":"Cultist","floor":1,"turns":3},{"damage":2,"enemies":"2 Louse","floor":2,"turns":3},{"damage":8,"enemies":"Small Slimes","floor":4,"turns":4},{"damage":46,"enemies":"3 Sentries","floor":6,"turns":10},{"damage":8,"enemies":"Gremlin Nob","floor":8,"turns":4},{"damage":0,"enemies":"3 Louse","floor":10,"turns":3},{"damage":0,"enemies":"2 Fungi Beasts","floor":11,"turns":2},{"damage":33,"enemies":"Lagavulin","floor":12,"turns":6},{"damage":32,"enemies":"Hexaghost","floor":16,"turns":10},{"damage":6,"enemies":"Chosen","floor":18,"turns":3},{"damage":9,"enemies":"3 Byrds","floor":19,"turns":3},{"damage":17,"enemies":"Centurion and Healer","floor":22,"turns":4},{"damage":28,"enemies":"Book of Stabbing","floor":24,"turns":4},{"damage":11,"enemies":"Cultist and Chosen","floor":28,"turns":4},{"damage":28,"enemies":"Snake Plant","floor":30,"turns":3},{"damage":6,"enemies":"Sentry and Sphere","floor":31,"turns":3},{"damage":28,"enemies":"Collector","floor":33,"turns":6},{"damage":34,"enemies":"3 Darklings","floor":35,"turns":4},{"damage":10,"enemies":"Orb Walker","floor":38,"turns":2},{"damage":4,"enemies":"2 Orb Walkers","floor":39,"turns":3},{"damage":35,"enemies":"Maw","floor":41,"turns":6},{"damage":9,"enemies":"3 Darklings","floor":45,"turns":2},{"damage":27,"enemies":"Reptomancer","floor":46,"turns":3},{"damage":4,"enemies":"Transient","floor":48,"turns":6},{"damage":77,"enemies":"Awakened One","floor":50,"turns":4}],"seed_played":"1490835014719963964","potions_obtained":[{"floor":2,"key":"Block Potion"},{"floor":6,"key":"Weak Potion"},{"floor":10,"key":"DuplicationPotion"},{"floor":11,"key":"Swift Potion"},{"floor":12,"key":"SneckoOil"},{"floor":16,"key":"DuplicationPotion"},{"floor":30,"key":"DistilledChaos"},{"floor":35,"key":"EntropicBrew"},{"floor":38,"key":"Energy Potion"},{"floor":46,"key":"ColorlessPotion"}],"is_trial":false,"path_per_floor":["M","M","?","M","?","E","R","E","T","M","M","E","R","?","R","B",null,"M","M","?","$","M","R","E","R","T","$","M","?","M","M","R","B",null,"M","$","?","M","?","R","M","R","T","R","M","E","$","M","R","B"],"character_chosen":"IRONCLAD","items_purchased":["Wild Strike","Immolate","Shrug It Off"],"campfire_rested":5,"item_purchase_floors":[21,27,47],"current_hp_per_floor":[68,68,68,66,61,21,41,39,39,45,51,29,29,29,29,8,53,53,50,50,65,54,54,37,57,57,68,63,44,27,27,48,51,68,40,55,50,46,63,63,39,60,60,73,70,49,64,66,66,0,0],"gold":124,"neow_bonus":"ONE_RARE_RELIC","is_daily":false,"chose_seed":false,"campfire_upgraded":4,"win_rate":0.0,"timestamp":1611559071,"path_taken":["M","M","?","M","?","E","R","E","T","M","M","E","R","?","R","BOSS","M","M","?","$","M","R","E","R","T","$","M","?","M","M","R","BOSS","M","$","?","M","?","R","M","R","T","R","M","E","$","M","R","BOSS"],"items_purchased_type":["Card","Card","Card"],"build_version":"2020-12-22","purchased_purges":3,"victory":false,"max_hp_per_floor":[68,68,68,68,68,68,68,68,68,68,68,68,68,68,68,68,68,68,68,68,68,68,68,68,68,68,68,68,73,73,73,73,73,73,73,73,73,73,73,73,73,73,73,73,73,73,73,73,73,73,73],"relic_stats":{"Nunchaku":[20],"Dream Catcher":5,"counters":[25,105],"Pantograph":32,"MealTicket":56,"Champion Belt":[22],"War Paint":["Defend_R","Defend_R"],"obtain_stats":[{"Velvet Choker":34,"Vajra":46,"Thread and Needle":0,"War Paint":8,"Burning Blood":0,"Nunchaku":5,"Dream Catcher":6,"Pantograph":20,"MealTicket":12,"Mark of Pain":17,"Champion Belt":24,"Toy Ornithopter":9,"TungstenRod":39,"Pocketwatch":26},{"Velvet Choker":17,"Vajra":23,"Thread and Needle":0,"War Paint":5,"Burning Blood":0,"Nunchaku":3,"Dream Catcher":4,"Pantograph":11,"MealTicket":8,"Mark of Pain":9,"Champion Belt":13,"Toy Ornithopter":5,"TungstenRod":20,"Pocketwatch":13},{"Velvet Choker":75,"Vajra":95,"Thread and Needle":0,"War Paint":24,"Burning Blood":0,"Nunchaku":10,"Dream Catcher":20,"Pantograph":51,"MealTicket":35,"Mark of Pain":45,"Champion Belt":59,"Toy Ornithopter":24,"TungstenRod":84,"Pocketwatch":59}],"Burning Blood":136,"Toy Ornithopter":40,"TungstenRod":20,"Pocketwatch":[27]},"card_choices":[{"not_picked":["Flex","Havoc","Metallicize"],"picked":"SKIP","floor":1},{"not_picked":["Reckless Charge","Armaments"],"picked":"Sword Boomerang","floor":2},{"not_picked":["Ghostly Armor","Intimidate"],"picked":"Headbutt","floor":4},{"not_picked":["Iron Wave","Barricade"],"picked":"Cleave","floor":6},{"not_picked":["Bloodletting","Entrench"],"picked":"Wild Strike","floor":8},{"not_picked":["Body Slam","Sword Boomerang"],"picked":"Twin Strike","floor":10},{"not_picked":["True Grit","Bloodletting"],"picked":"Fire Breathing","floor":11},{"not_picked":["Heavy Blade","Havoc","Infernal Blade"],"picked":"SKIP","floor":12},{"not_picked":["Double Tap","Demon Form"],"picked":"Offering","floor":16},{"not_picked":["Sentinel","Flame Barrier"],"picked":"Wild Strike+1","floor":18},{"not_picked":["Bloodletting+1","Warcry"],"picked":"Fire Breathing","floor":19},{"not_picked":["Dropkick","Rampage"],"picked":"Shrug It Off","floor":22},{"not_picked":["Clash","Twin Strike"],"picked":"Thunderclap","floor":24},{"not_picked":["Rampage+1","Sword Boomerang"],"picked":"Wild Strike","floor":28},{"not_picked":["Whirlwind","Clothesline","Body Slam"],"picked":"SKIP","floor":30},{"not_picked":["Cleave","Headbutt"],"picked":"Metallicize","floor":31},{"not_picked":["Corruption","Impervious"],"picked":"Fiend Fire","floor":33},{"not_picked":["Armaments","Havoc+1","Perfected Strike"],"picked":"SKIP","floor":35},{"not_picked":["Panacea","HandOfGreed"],"picked":"Master of Strategy","floor":37},{"not_picked":["Bandage Up","Purity"],"picked":"Thinking Ahead","floor":37},{"not_picked":["Clash","Perfected Strike"],"picked":"Iron Wave+1","floor":38},{"not_picked":["Flex","Shrug It Off"],"picked":"Reckless Charge","floor":39},{"not_picked":["Thunderclap","Clothesline"],"picked":"Flame Barrier","floor":41},{"not_picked":["Havoc","Body Slam"],"picked":"Fire Breathing+1","floor":45},{"not_picked":["Perfected Strike","Shockwave"],"picked":"Second Wind","floor":46},{"not_picked":["Wild Strike","Heavy Blade"],"picked":"Warcry+1","floor":48}],"player_experience":417829,"relics_obtained":[{"floor":6,"key":"Dream Catcher"},{"floor":8,"key":"War Paint"},{"floor":9,"key":"Toy Ornithopter"},{"floor":12,"key":"MealTicket"},{"floor":24,"key":"Champion Belt"},{"floor":26,"key":"Pocketwatch"},{"floor":39,"key":"TungstenRod"},{"floor":46,"key":"Vajra"}],"event_choices":[{"damage_healed":0,"gold_gain":0,"player_choice":"Ignored","damage_taken":0,"max_hp_gain":0,"max_hp_loss":0,"event_name":"Liars Game","floor":3,"gold_loss":0},{"damage_healed":0,"gold_gain":0,"player_choice":"Success","damage_taken":5,"relics_obtained":["Nunchaku"],"max_hp_gain":0,"max_hp_loss":0,"event_name":"Scrap Ooze","floor":5,"gold_loss":0},{"cards_removed":["Strike_R"],"damage_healed":0,"gold_gain":0,"player_choice":"Card Removal","damage_taken":0,"max_hp_gain":0,"max_hp_loss":0,"event_name":"The Cleric","floor":14,"gold_loss":75},{"damage_healed":0,"gold_gain":0,"player_choice":"Obtained Relic","damage_taken":0,"relics_obtained":["Pantograph"],"max_hp_gain":0,"max_hp_loss":0,"event_name":"Addict","floor":20,"gold_loss":85},{"damage_healed":0,"gold_gain":0,"player_choice":"Shed Blood","damage_taken":24,"max_hp_gain":5,"max_hp_loss":0,"event_name":"Forgotten Altar","floor":29,"gold_loss":0},{"damage_healed":0,"gold_gain":0,"player_choice":"Memory 2","damage_taken":5,"max_hp_gain":0,"max_hp_loss":0,"event_name":"SensoryStone","floor":37,"gold_loss":0},{"damage_healed":0,"gold_gain":0,"player_choice":"Fight","damage_taken":0,"max_hp_gain":0,"max_hp_loss":0,"event_name":"Mysterious Sphere","floor":39,"gold_loss":0}],"is_beta":false,"boss_relics":[{"not_picked":["Black Blood","SacredBark"],"picked":"Mark of Pain"},{"not_picked":["Empty Cage","SlaversCollar"],"picked":"Velvet Choker"}],"items_purged_floors":[21,27,47],"is_endless":false,"potions_floor_spawned":[2,6,10,11,12,16,22,30,35,38,46],"killed_by":"Awakened One","ascension_level":17}}