{"host":"k026rewr2sddnljc","time":1611550926,"event":{"mods":["BaseMod","Gremlin Mod","Hermit","LagranYue(拉格朗・月)","Marisa（F雨　魔理沙）","Minty Spire (QoL Compilation)","Prisma Mod","Quick Restart","Shade Mod","Slay the StarCraft II Mod","StSLib","The Administrix","The Bladedancer","The IronCluck","The Senshi"],"gold_per_floor":[117,117,127,36,46,75,86,102,128,145,106,118,128,128,128],"floor_reached":14,"language":"ZHS","playtime":844,"items_purged":[],"score":96,"play_id":"6ef7e66c-f883-4f33-be9c-6dddb847452e","local_time":"20210125130206","is_ascension_mode":false,"campfire_choices":[],"circlet_count":0,"master_deck":["hermit:Strike_Hermit","hermit:Strike_Hermit","hermit:Strike_Hermit","hermit:Strike_Hermit","hermit:Defend_Hermit","hermit:Defend_Hermit","hermit:Defend_Hermit","hermit:Defend_Hermit","hermit:Snapshot","hermit:Covet","hermit:Roughhouse","hermit:Deadeye","hermit:BodyArmor","Discovery","hermit:Maintenance","hermit:Malice","hermit:Enervate","hermit:HeroicBravado","hermit:ShadowCloak","hermit:BigShot","hermit:EyeOfTheStorm","hermit:TakeCover"],"relics":["hermit:Momento","LagranYue:RandomDrawCardRelic","Blood Vial","hermit:RyeStalk","Pen Nib"],"acts_visited":["Exordium"],"potions_floor_usage":[],"damage_taken":[{"damage":5.0,"enemies":"2 Louse","floor":1.0,"turns":4.0},{"damage":0.0,"enemies":"Cultist","floor":3.0,"turns":4.0},{"damage":0.0,"enemies":"Small Slimes","floor":5.0,"turns":3.0},{"damage":17.0,"enemies":"Gremlin Nob","floor":6.0,"turns":4.0},{"damage":11.0,"enemies":"Gremlin Gang","floor":7.0,"turns":4.0},{"damage":10.0,"enemies":"Looter","floor":8.0,"turns":2.0},{"damage":5.0,"enemies":"Lots of Slimes","floor":10.0,"turns":2.0},{"damage":1.0,"enemies":"2 Fungi Beasts","floor":12.0,"turns":2.0},{"damage":10.0,"enemies":"3 Louse","floor":13.0,"turns":5.0},{"damage":27,"enemies":"3 Sentries","floor":14,"turns":6}],"seed_played":"7737361032401681926","potions_obtained":[{"floor":1.0,"key":"PowerPotion"},{"floor":3.0,"key":"GamblersBrew"},{"floor":7.0,"key":"CultistPotion"},{"floor":13.0,"key":"hermit:BlackBile"}],"is_trial":false,"path_per_floor":["M","?","M","$","M","E","M","M","T","M","$","M","M","E"],"character_chosen":"HERMIT","items_purchased":["Discovery","hermit:BigShot"],"campfire_rested":0,"item_purchase_floors":[4,11],"current_hp_per_floor":[70,70,72,72,74,58,49,41,41,38,38,39,31,6,6],"gold":128,"neow_bonus":"ONE_RANDOM_RARE_CARD","is_daily":false,"chose_seed":false,"campfire_upgraded":0,"win_rate":0.0,"timestamp":1611550926,"path_taken":["M","?","M","$","M","E","M","?","T","M","?","M","M","E"],"items_purchased_type":["Card","Card"],"build_version":"2020-12-22","purchased_purges":0,"victory":false,"max_hp_per_floor":[75,75,75,75,75,75,75,75,75,75,75,75,75,75,75],"card_choices":[{"not_picked":["hermit:ItchyTrigger","hermit:TrackingShot"],"picked":"hermit:Deadeye","floor":1.0},{"not_picked":["hermit:Determination","hermit:PistolWhip"],"picked":"hermit:BodyArmor","floor":3.0},{"not_picked":["hermit:TrackingShot","hermit:LowProfile"],"picked":"hermit:Maintenance","floor":5.0},{"not_picked":["hermit:DeadMansHand","hermit:LoneWolf"],"picked":"hermit:Malice","floor":6.0},{"not_picked":["hermit:HoleUp","hermit:Coalescence"],"picked":"hermit:Enervate","floor":7.0},{"not_picked":["hermit:BodyArmor","hermit:BigShot"],"picked":"hermit:HeroicBravado","floor":8.0},{"not_picked":["hermit:Quickdraw","hermit:Desperado"],"picked":"hermit:ShadowCloak","floor":10.0},{"not_picked":["hermit:Headshot","hermit:Ricochet"],"picked":"hermit:EyeOfTheStorm","floor":12.0},{"not_picked":["hermit:CursedWeapon","hermit:Maintenance"],"picked":"hermit:TakeCover","floor":13.0}],"player_experience":198375,"relics_obtained":[{"floor":6.0,"key":"hermit:RyeStalk"},{"floor":9.0,"key":"Pen Nib"}],"event_choices":[{"damage_healed":0.0,"max_hp_gain":0.0,"max_hp_loss":0.0,"gold_gain":0.0,"event_name":"WeMeetAgain","player_choice":"Gave Potion","floor":2.0,"gold_loss":0.0,"damage_taken":0.0,"relics_obtained":["Blood Vial"]}],"is_beta":false,"boss_relics":[],"items_purged_floors":[],"is_endless":false,"potions_floor_spawned":[1,3,7,13],"killed_by":"3 Sentries","ascension_level":0}}