{"host":"2q4p6kdcvpgo6z81","time":1611557702,"event":{"mods":["BaseMod","Colored Map","Downfall","Minty Spire (QoL Compilation)","StSLib"],"gold_per_floor":[0,16,16,16,29,42,42,42,55,68,133,145,55,19,35,133,133,133,149,149,159,173,373,373,373,386,414,414,514,534,581,599,695,695,695,706,717,717,762,795,795,895,927,927,927,927],"floor_reached":44,"language":"ENG","playtime":3592,"items_purged":["bronze:Strike"],"score":606,"play_id":"b8bbede0-53c7-4c10-b6d1-3d132b784681","local_time":"20210125015502","is_ascension_mode":true,"campfire_choices":[{"data":"bronze:Replicate","floor":1.0,"key":"SMITH"},{"data":"bronze:CloningBeam","floor":8.0,"key":"SMITH"},{"data":"bronze:Verify","floor":18.0,"key":"SMITH"},{"data":"bronze:Return","floor":25.0,"key":"SMITH"},{"data":"bronze:ClassDefault","floor":28.0,"key":"SMITH"},{"data":"bronze:CleanCode","floor":35,"key":"SMITH"}],"circlet_count":0,"master_deck":["bronze:Defend","bronze:Defend","bronze:Replicate+1","bronze:Goto+1","bronze:HardenedForm","bronze:DigitalCarnage+1","bronze:ForceShield","bronze:CloningBeam+1","bronze:ChosenStrike","bronze:Return+1","bronze:Return","bronze:FineTuning","bronze:FineTuning","bronze:Verify+1","bronze:Shell","Purity","bronze:Fortify","bronze:Fortify","bronze:SpaghettiCode","bronze:CutThrough+1","bronze:Philosophize+1","bronze:Philosophize+1","bronze:BronzeOrb+1","bronze:DelayedGuard","bronze:Repulsor","bronze:ClassDefault+1","bronze:Constructor","bronze:Branch","bronze:Frontload","bronze:CleanCode+1","bronze:Frontload+1","bronze:Terminator+1","bronze:CleanCode","bronze:Iterate+1","bronze:GetLatest+1"],"relics":["bronze:BronzeCore","Matryoshka","Vajra","Potion Belt","Astrolabe","Omamori","InkBottle","Strawberry","White Beast Statue","Blood Vial","PreservedInsect","Snecko Eye","bronze:BottledCode","CaptainsWheel","bronze:ProtectiveGoggles","Ice Cream","Toy Ornithopter"],"acts_visited":["Exordium","TheCity","TheBeyond"],"potions_floor_usage":[30,30,32,33,33,33,36,40,43,44],"damage_taken":[{"damage":7.0,"enemies":"Small Slimes","floor":2.0,"turns":2.0},{"damage":0.0,"enemies":"Cultist","floor":5.0,"turns":2.0},{"damage":8.0,"enemies":"2 Louse","floor":6.0,"turns":2.0},{"damage":1.0,"enemies":"Exordium Wildlife","floor":9.0,"turns":2.0},{"damage":1.0,"enemies":"2 Fungi Beasts","floor":10.0,"turns":2.0},{"damage":0.0,"enemies":"Gremlin Nob","floor":11.0,"turns":2.0},{"damage":8.0,"enemies":"Blue Slaver","floor":12.0,"turns":3.0},{"damage":0.0,"enemies":"downfall:FleeingMerchant","floor":13.0,"turns":4.0},{"damage":0.0,"enemies":"downfall:FleeingMerchant","floor":14.0,"turns":4.0},{"damage":0.0,"enemies":"Large Slime","floor":15.0,"turns":2.0},{"damage":13.0,"enemies":"WA_ARCHETYPE_RETAIN","floor":16.0,"turns":4.0},{"damage":0.0,"enemies":"Shell Parasite","floor":19.0,"turns":1.0},{"damage":2.0,"enemies":"Spheric Guardian","floor":21.0,"turns":3.0},{"damage":5.0,"enemies":"Snake Plant","floor":22.0,"turns":2.0},{"damage":0.0,"enemies":"Snake Plant","floor":23.0,"turns":5.0},{"damage":6.0,"enemies":"Chosen and Byrds","floor":26.0,"turns":5.0},{"damage":10.0,"enemies":"Slavers","floor":27.0,"turns":4.0},{"damage":4.0,"enemies":"downfall:LadyInBlue","floor":29.0,"turns":10.0},{"damage":32,"enemies":"Cultist and Chosen","floor":30,"turns":6},{"damage":10,"enemies":"Shelled Parasite and Fungi","floor":32,"turns":4},{"damage":8,"enemies":"SI_MIRROR_ARCHETYPE","floor":33,"turns":10},{"damage":8,"enemies":"Orb Walker","floor":36,"turns":4},{"damage":0,"enemies":"3 Shapes","floor":37,"turns":5},{"damage":36,"enemies":"2 Orb Walkers","floor":39,"turns":4},{"damage":0,"enemies":"Nemesis","floor":40,"turns":9},{"damage":19,"enemies":"Reptomancer","floor":43,"turns":5},{"damage":126,"enemies":"Transient","floor":44,"turns":5}],"seed_played":"-4826666226634334619","potions_obtained":[{"floor":6.0,"key":"SteroidPotion"},{"floor":9.0,"key":"BlessingOfTheForge"},{"floor":10.0,"key":"Energy Potion"},{"floor":12.0,"key":"AttackPotion"},{"floor":16.0,"key":"Weak Potion"},{"floor":20.0,"key":"CultistPotion"},{"floor":21.0,"key":"ColorlessPotion"},{"floor":22.0,"key":"Slimebound:ThreeZeroPotion"},{"floor":26.0,"key":"PowerPotion"},{"floor":29.0,"key":"bronze:FreeFunctionsPotion"},{"floor":29.0,"key":"PowerPotion"},{"floor":29.0,"key":"CultistPotion"},{"floor":30,"key":"LiquidBronze"},{"floor":32,"key":"LiquidMemories"},{"floor":33,"key":"DistilledChaos"},{"floor":36,"key":"CultistPotion"},{"floor":37,"key":"SkillPotion"},{"floor":39,"key":"SneckoOil"},{"floor":40,"key":"AttackPotion"},{"floor":43,"key":"FairyPotion"}],"is_trial":false,"path_per_floor":["R","M","?","?","M","M","T","R","M","M","?","M","$","$","M","B",null,"R","M","?","M","M","?","T","R","M","E","R","?","M","T","M","B",null,"R","M","M","?","?","E","T","?","E","M"],"character_chosen":"THE_AUTOMATON","items_purchased":["bronze:Shell","Purity","Potion Belt","bronze:Fortify"],"campfire_rested":0,"item_purchase_floors":[14,14,14,14],"current_hp_per_floor":[70,63,63,63,63,55,55,55,54,53,53,45,45,45,45,32,70,70,70,70,68,63,63,63,63,57,54,54,50,18,18,10,4,77,77,69,71,67,31,33,33,33,16,0,0,0],"gold":927,"neow_bonus":"TRANSFORM_TWO_CARDS","is_daily":false,"chose_seed":false,"campfire_upgraded":6,"win_rate":0.0,"timestamp":1611557702,"path_taken":["R","M","?","?","M","?","T","R","M","M","?","M","?","$","M","BOSS","R","M","?","M","M","?","T","R","M","E","R","?","?","?","M","BOSS","R","M","M","?","?","E","T","?","E","M"],"items_purchased_type":["Card","Card","Relic","Card"],"build_version":"2020-12-22","purchased_purges":1,"victory":false,"max_hp_per_floor":[70,70,70,70,70,70,70,70,70,70,70,70,70,70,70,70,70,70,70,70,70,70,70,70,70,70,77,77,77,77,77,77,77,77,77,77,77,67,67,67,67,67,67,67,67,67],"card_choices":[{"not_picked":["bronze:Turbo","bronze:BugBarrage"],"picked":"bronze:DigitalCarnage","floor":2.0},{"not_picked":["bronze:DigitalCarnage","bronze:Separator"],"picked":"bronze:ForceShield","floor":5.0},{"not_picked":["bronze:CutThrough","bronze:ForLoop"],"picked":"bronze:CloningBeam","floor":6.0},{"not_picked":["bronze:Repair","bronze:Frontload"],"picked":"bronze:ChosenStrike","floor":9.0},{"not_picked":["bronze:BronzeArmor","bronze:Turbo"],"picked":"bronze:Return","floor":10.0},{"not_picked":["bronze:BitShift","bronze:Branch"],"picked":"bronze:Return","floor":11.0},{"not_picked":["bronze:ClassDefault","bronze:Shield"],"picked":"bronze:FineTuning","floor":12.0},{"not_picked":["bronze:ChosenStrike","bronze:BronzeOrb"],"picked":"bronze:FineTuning","floor":13.0},{"not_picked":["bronze:BronzeOrb","bronze:Boost"],"picked":"bronze:Verify","floor":14.0},{"not_picked":["bronze:Optimize","bronze:Safeguard"],"picked":"bronze:Fortify","floor":15.0},{"not_picked":["bronze:RecursiveStrike","bronze:FindAndReplace"],"picked":"bronze:SpaghettiCode","floor":16.0},{"not_picked":["bronze:Philosophize","bronze:Branch","bronze:BugBarrage"],"picked":"SKIP","floor":19.0},{"not_picked":["bronze:Safeguard","bronze:CutThrough"],"picked":"bronze:BronzeOrb+1","floor":21.0},{"not_picked":["bronze:OilSpill","bronze:BitShift"],"picked":"bronze:DelayedGuard","floor":22.0},{"not_picked":["bronze:Overheat","bronze:BugBarrage"],"picked":"bronze:Repulsor","floor":26.0},{"not_picked":["bronze:BurnOut","bronze:Separator"],"picked":"bronze:ClassDefault","floor":27.0},{"not_picked":["bronze:Philosophize","bronze:WhirlingStrike+1"],"picked":"bronze:Constructor","floor":29.0},{"not_picked":["bronze:DelayedSlice","bronze:GetLatest"],"picked":"bronze:Branch","floor":30},{"not_picked":["bronze:BurnOut","bronze:Separator"],"picked":"bronze:Frontload","floor":32},{"not_picked":["bronze:SpaghettiCode","bronze:Assembly"],"picked":"bronze:CleanCode","floor":33},{"not_picked":["bronze:Terminator","bronze:Philosophize"],"picked":"bronze:Frontload+1","floor":36},{"not_picked":["bronze:BitShift","bronze:CutThrough+1"],"picked":"bronze:Terminator+1","floor":37},{"not_picked":["bronze:WhirlingStrike+1","bronze:Optimize+1"],"picked":"bronze:CleanCode","floor":39},{"not_picked":["bronze:DelayedGuard","bronze:Flail"],"picked":"bronze:Iterate+1","floor":40},{"not_picked":["bronze:Philosophize+1","bronze:BugBarrage"],"picked":"bronze:GetLatest+1","floor":43}],"player_experience":1558237,"relics_obtained":[{"floor":7.0,"key":"Matryoshka"},{"floor":11.0,"key":"Vajra"},{"floor":24.0,"key":"Omamori"},{"floor":24.0,"key":"InkBottle"},{"floor":27.0,"key":"Strawberry"},{"floor":29.0,"key":"White Beast Statue"},{"floor":31,"key":"Blood Vial"},{"floor":31,"key":"PreservedInsect"},{"floor":39,"key":"CaptainsWheel"},{"floor":40,"key":"bronze:ProtectiveGoggles"},{"floor":41,"key":"Ice Cream"},{"floor":43,"key":"Toy Ornithopter"}],"event_choices":[{"cards_removed":["bronze:Backtrace"],"damage_healed":0.0,"max_hp_gain":0.0,"max_hp_loss":0.0,"gold_gain":0.0,"event_name":"The Cleric","player_choice":"Card Removal","floor":3.0,"gold_loss":0.0,"damage_taken":0.0},{"damage_healed":0,"gold_gain":0,"player_choice":"Fight","damage_taken":0,"max_hp_gain":0,"max_hp_loss":0,"event_name":"Mysterious Sphere","floor":39,"gold_loss":0}],"is_beta":false,"boss_relics":[{"not_picked":["SacredBark","Black Star"],"picked":"Astrolabe"},{"not_picked":["Sozu","Pandora\u0027s Box"],"picked":"Snecko Eye"}],"items_purged_floors":[13],"is_endless":false,"potions_floor_spawned":[6,9,10,12,16,21,22,26,30,32,33,36,37,39,40,43],"killed_by":"Transient","ascension_level":2}}