{"host":"aabv8rsjba1dk38u","time":1611573518,"event":{"mods":["Act Like it!","BaseMod","CapriCore","DeckTracker","Gensokyo","Hermit","HololiveMod","Koishi","Luminous","Marisa????????","Minty Spire (QoL Compilation)","Rare Cards Sparkle","Relic Stats","Remilia??????","StSLib","SuperFastMode","The Alterego","The Immortal","The Senshi","The Servant 0.9.4","Waifu the Spire","WarShipGirlsR/????R mod"],"gold_per_floor":[109,109,59,83,83,117,117,140,140,164,177,213,213,213,213,213,213],"floor_reached":16,"language":"ENG","playtime":352,"items_purged":[],"score":135,"play_id":"069f29dc-93fb-4499-ae98-b7702f110663","local_time":"20210125181838","is_ascension_mode":false,"campfire_choices":[{"data":"Luminous:Light_Sylvan_Lance","floor":7,"key":"SMITH"},{"floor":15,"key":"REST"}],"circlet_count":0,"master_deck":["Luminous:Light_Flash_Shower","Luminous:Light_Flash_Shower","Luminous:Dark_Abyssal_Drop","Luminous:Dark_Abyssal_Drop","Luminous:Dark_Abyssal_Drop","Luminous:Defend_Luminous","Luminous:Defend_Luminous","Luminous:Defend_Luminous","Luminous:Switch_Luminous","Luminous:Concentrate_Luminous","Luminous:Light_Sylvan_Lance+1","Luminous:Light_Sylvan_Lance","Luminous:Light_Wash_Luminous","Luminous:Balance_Aether_Conduit","Luminous:Lania_Blessing_Luminous","Luminous:Lights_Protection_Luminous"],"relics":["Luminous:MirrorRelic","NeowsBlessing","Golden Idol","Matryoshka","Question Card","Singing Bowl","Tiny Chest"],"acts_visited":["Exordium"],"potions_floor_usage":[],"damage_taken":[{"damage":0,"enemies":"Cultist","floor":1,"turns":1},{"damage":0,"enemies":"Jaw Worm","floor":4,"turns":1},{"damage":0,"enemies":"3 Sentries","floor":6,"turns":1},{"damage":3,"enemies":"Small Slimes","floor":8,"turns":2},{"damage":13,"enemies":"3 Louse","floor":10,"turns":5},{"damage":13,"enemies":"Red Slaver","floor":11,"turns":4},{"damage":36,"enemies":"Lagavulin","floor":12,"turns":6},{"damage":37,"enemies":"The Guardian","floor":16,"turns":4}],"seed_played":"-7721291615726986068","potions_obtained":[{"floor":4,"key":"DuplicationPotion"},{"floor":6,"key":"Regen Potion"}],"is_trial":false,"path_per_floor":["M","?","?","M","?","E","R","M","T","M","M","E","?","?","R","B"],"character_chosen":"LuminousClass","items_purchased":[],"campfire_rested":1,"item_purchase_floors":[],"current_hp_per_floor":[75,69,69,69,69,69,69,66,66,53,42,6,6,6,27,0,0],"gold":213,"neow_bonus":"THREE_ENEMY_KILL","is_daily":false,"chose_seed":false,"campfire_upgraded":1,"win_rate":0.0,"timestamp":1611573518,"path_taken":["M","?","?","M","?","E","R","M","T","M","M","E","?","?","R","BOSS"],"items_purchased_type":[],"build_version":"2020-12-22","purchased_purges":0,"victory":false,"max_hp_per_floor":[75,69,69,69,69,69,69,69,69,69,71,71,71,71,71,71,71],"relic_stats":{"Singing Bowl":2,"counters":[8,24],"Golden Idol":32,"Tiny Chest":0,"Question Card":3,"obtain_stats":[{"Matryoshka":6,"NeowsBlessing":0,"Singing Bowl":9,"Golden Idol":2,"Tiny Chest":12,"Luminous:MirrorRelic":0,"Question Card":9},{"Matryoshka":3,"NeowsBlessing":0,"Singing Bowl":4,"Golden Idol":1,"Tiny Chest":7,"Luminous:MirrorRelic":0,"Question Card":4},{"Matryoshka":3,"NeowsBlessing":0,"Singing Bowl":5,"Golden Idol":1,"Tiny Chest":20,"Luminous:MirrorRelic":0,"Question Card":5}]},"card_choices":[{"not_picked":["Luminous:Blinding_Pillar_Luminous","Luminous:Abyss_Heart_Luminous"],"picked":"Luminous:Concentrate_Luminous","floor":1},{"not_picked":["Luminous:Dark_Pressure_Void","Luminous:Blinding_Pillar_Luminous"],"picked":"Luminous:Light_Sylvan_Lance","floor":4},{"not_picked":["Luminous:Light_Glare","Luminous:Light_Wash_Luminous"],"picked":"Luminous:Light_Sylvan_Lance","floor":6},{"not_picked":["Luminous:Blinding_Pillar_Luminous","Luminous:Abyss_Heart_Luminous"],"picked":"Luminous:Light_Wash_Luminous","floor":8},{"not_picked":["Luminous:Blinding_Pillar_Luminous","Luminous:Mana_Well_Luminous","Luminous:Dark_Extract"],"picked":"Luminous:Balance_Aether_Conduit","floor":10},{"not_picked":["Luminous:Light_Glare","Luminous:Dark_Pressure_Void","Luminous:Chase_Spell_Luminous","Luminous:Dark_Raid"],"picked":"Singing Bowl","floor":11},{"not_picked":["Luminous:Light_Track","Luminous:Dark_Dim_Erosion","Luminous:Chase_Spell_Luminous"],"picked":"Luminous:Lania_Blessing_Luminous","floor":12}],"player_experience":240790,"relics_obtained":[{"floor":6,"key":"Matryoshka"},{"floor":9,"key":"Question Card"},{"floor":9,"key":"Singing Bowl"},{"floor":12,"key":"Tiny Chest"}],"event_choices":[{"damage_healed":0,"gold_gain":0,"player_choice":"Lose Max HP","damage_taken":0,"relics_obtained":["Golden Idol"],"max_hp_gain":0,"max_hp_loss":6,"event_name":"Golden Idol","floor":2,"gold_loss":0},{"cards_removed":["Luminous:Defend_Luminous"],"damage_healed":0,"gold_gain":0,"player_choice":"Card Removal","damage_taken":0,"max_hp_gain":0,"max_hp_loss":0,"event_name":"The Cleric","floor":3,"gold_loss":50},{"damage_healed":0,"gold_gain":0,"player_choice":"Ignored","damage_taken":0,"max_hp_gain":0,"max_hp_loss":0,"event_name":"Shining Light","floor":5,"gold_loss":0},{"cards_removed":["Luminous:Light_Flash_Shower"],"damage_healed":0,"gold_gain":0,"player_choice":"Forget","damage_taken":0,"max_hp_gain":0,"max_hp_loss":0,"event_name":"Living Wall","floor":13,"gold_loss":0},{"damage_healed":0,"gold_gain":0,"player_choice":"1 cards matched","damage_taken":0,"max_hp_gain":0,"max_hp_loss":0,"event_name":"Match and Keep!","floor":14,"gold_loss":0,"cards_obtained":["Luminous:Lights_Protection_Luminous"]}],"is_beta":false,"boss_relics":[],"items_purged_floors":[],"is_endless":false,"potions_floor_spawned":[4,6],"killed_by":"The Guardian","ascension_level":0}}