{"host":"hf83sijwe64ts2lm","time":1611538232,"event":{"mods":["2.2 Compatiblity","BaseMod","Better Altar","Better Match","Better Note","Better Sensory Stone","Better Skull","Better Third Choice","Colored Map","Colored Powertips","Highlight Path","Hubris","Infinite Spire","Minty Spire (QoL Compilation)","Quick Restart","Rare Cards Sparkle","Relic Stats","Replay The Spire","Shop Mod","Spicy Shops","StSLib","Thieving Mod"],"gold_per_floor":[118,131,149,149,149,7,27,47,47,47],"floor_reached":9,"language":"ENG","playtime":194,"items_purged":[],"score":72,"play_id":"80ffb695-6db0-4fd1-b649-79ba345124e4","local_time":"20210124203032","is_ascension_mode":true,"campfire_choices":[],"circlet_count":0,"master_deck":["Strike_B","Strike_B","Strike_B","Strike_B","Defend_B","Defend_B","Defend_B","Defend_B","Zap","Dualcast","FTL","Undo","Force Field","Conserve Battery","Swift Strike","Capacitor","Rainbow"],"relics":["Cracked Core"],"acts_visited":["Exordium"],"potions_floor_usage":[7,8,8],"damage_taken":[{"damage":0,"enemies":"Cultist","floor":1,"turns":4},{"damage":12,"enemies":"Small Slimes","floor":2,"turns":2},{"damage":7,"enemies":"2 Louse","floor":3,"turns":3},{"damage":0,"enemies":"2 Fungi Beasts","floor":7,"turns":1},{"damage":12,"enemies":"Lots of Slimes","floor":8,"turns":5},{"damage":37,"enemies":"Lagavulin","floor":9,"turns":6}],"seed_played":"-1029395120230950921","potions_obtained":[{"floor":0,"key":"SkillPotion"},{"floor":0,"key":"AttackPotion"},{"floor":0,"key":"SkillPotion"},{"floor":8,"key":"Venom Potion"}],"is_trial":false,"path_per_floor":["M","M","M","PTL","PTL","$","M","M","E"],"character_chosen":"DEFECT","items_purchased":["Conserve Battery","Swift Strike"],"campfire_rested":0,"item_purchase_floors":[6,6],"current_hp_per_floor":[68,56,49,49,49,49,49,37,0,0],"gold":47,"neow_bonus":"THREE_SMALL_POTIONS","is_daily":false,"chose_seed":false,"campfire_upgraded":0,"win_rate":0.0,"timestamp":1611538232,"path_taken":["M","M","M","PTL","PTL","$","M","M","E"],"items_purchased_type":["Card","Card"],"build_version":"2020-12-22","purchased_purges":0,"victory":false,"max_hp_per_floor":[75,75,75,75,75,75,75,75,75,75],"relic_stats":{"counters":[6,21],"obtain_stats":[{"Cracked Core":0},{"Cracked Core":0},{"Cracked Core":0}]},"card_choices":[{"not_picked":["Barrage","Redo"],"picked":"FTL","floor":1},{"not_picked":["BasicCrystalCard","Skim"],"picked":"Undo","floor":2},{"not_picked":["Rebound","Crystallizer"],"picked":"Force Field","floor":3},{"not_picked":["Barrage","Cold Snap"],"picked":"Capacitor","floor":7},{"not_picked":["Reprogram","Steam"],"picked":"Rainbow","floor":8}],"player_experience":139015,"relics_obtained":[],"event_choices":[],"is_beta":false,"boss_relics":[],"items_purged_floors":[],"is_endless":false,"potions_floor_spawned":[1,3,8],"killed_by":"Lagavulin","ascension_level":6}}