{"host":"zk71suw73lg2r165","time":1611593571,"event":{"mods":["BaseMod","Colored Map","Minty Spire (QoL Compilation)","Permanent Neow","Relic Stats","StSLib"],"gold_per_floor":[110,122,122,138,150,150,175,175,175,191,191,211,246,246,246,323,323,333,46,46,46,63,63,90,90,114,114,125,139,139,152,152,224,224,242,517,534,1,16,45,45,79,79,94,111,111,111],"floor_reached":46,"language":"ENG","playtime":1255,"items_purged":["Strike_R","Regret"],"score":1074,"play_id":"7d856048-458f-4db7-a1a6-3e768c236b6a","local_time":"20210125115251","is_ascension_mode":true,"campfire_choices":[{"data":"Bash","floor":6.0,"key":"SMITH"},{"data":"Wild Strike","floor":8.0,"key":"SMITH"},{"data":"Headbutt","floor":11.0,"key":"SMITH"},{"floor":15.0,"key":"REST"},{"data":"Uppercut","floor":23.0,"key":"SMITH"},{"data":"Spot Weakness","floor":25.0,"key":"SMITH"},{"data":"Exhume","floor":27.0,"key":"SMITH"},{"data":"Offering","floor":30.0,"key":"SMITH"},{"data":"Flame Barrier","floor":32.0,"key":"SMITH"},{"data":"Demon Form","floor":41.0,"key":"SMITH"}],"circlet_count":0,"master_deck":["AscendersBane","Strike_R","Strike_R","Strike_R","Defend_R","Defend_R","Defend_R","Defend_R","Bash+1","Cleave","Flame Barrier+1","Headbutt+1","Wild Strike+1","Exhume+1","Uppercut+1","Twin Strike+1","Offering+1","Carnage+1","Spot Weakness+1","Shame","Sword Boomerang+1","Anger+1","Hemokinesis+1","Demon Form+1","Sword Boomerang+1","Sentinel","Second Wind"],"relics":["Burning Blood","Pocketwatch","Letter Opener","Eternal Feather","Molten Egg 2","Vajra","SlaversCollar","Red Skull","Bag of Marbles","Oddly Smooth Stone","Potion Belt","Busted Crown","Paper Frog","TheAbacus","Blood Vial","Charon\u0027s Ashes"],"acts_visited":["Exordium","TheCity","TheBeyond"],"potions_floor_usage":[44,45,46],"damage_taken":[{"damage":4.0,"enemies":"Jaw Worm","floor":1.0,"turns":5.0},{"damage":15.0,"enemies":"Small Slimes","floor":2.0,"turns":4.0},{"damage":6.0,"enemies":"Cultist","floor":4.0,"turns":4.0},{"damage":7.0,"enemies":"3 Louse","floor":5.0,"turns":3.0},{"damage":20.0,"enemies":"3 Sentries","floor":7.0,"turns":8.0},{"damage":14.0,"enemies":"Lots of Slimes","floor":10.0,"turns":3.0},{"damage":11.0,"enemies":"Looter","floor":12.0,"turns":2.0},{"damage":30.0,"enemies":"Lagavulin","floor":13.0,"turns":5.0},{"damage":33.0,"enemies":"The Guardian","floor":16.0,"turns":11.0},{"damage":22.0,"enemies":"Shell Parasite","floor":18.0,"turns":3.0},{"damage":25.0,"enemies":"2 Thieves","floor":22.0,"turns":3.0},{"damage":25.0,"enemies":"Gremlin Leader","floor":24.0,"turns":3.0},{"damage":0.0,"enemies":"Snecko","floor":28.0,"turns":3.0},{"damage":6.0,"enemies":"Chosen and Byrds","floor":29.0,"turns":3.0},{"damage":11.0,"enemies":"Snake Plant","floor":31.0,"turns":2.0},{"damage":66.0,"enemies":"Collector","floor":33.0,"turns":4.0},{"damage":10.0,"enemies":"Orb Walker","floor":35.0,"turns":2.0},{"damage":32.0,"enemies":"3 Darklings","floor":37.0,"turns":4.0},{"damage":2.0,"enemies":"Spire Growth","floor":39.0,"turns":2.0},{"damage":14.0,"enemies":"Nemesis","floor":40.0,"turns":3.0},{"damage":12.0,"enemies":"Reptomancer","floor":42.0,"turns":2.0},{"damage":6,"enemies":"Jaw Worm Horde","floor":44,"turns":3},{"damage":26,"enemies":"Writhing Mass","floor":45,"turns":4},{"damage":15,"enemies":"Giant Head","floor":46,"turns":4}],"seed_played":"-1131589885064393892","potions_obtained":[{"floor":2.0,"key":"BloodPotion"},{"floor":7.0,"key":"FearPotion"},{"floor":13.0,"key":"Fire Potion"},{"floor":18.0,"key":"Strength Potion"},{"floor":24.0,"key":"Dexterity Potion"},{"floor":33.0,"key":"AttackPotion"},{"floor":37.0,"key":"DuplicationPotion"},{"floor":39.0,"key":"SteroidPotion"},{"floor":42.0,"key":"SkillPotion"},{"floor":44,"key":"PowerPotion"}],"is_trial":false,"path_per_floor":["M","M","?","M","M","R","E","R","T","M","R","M","E","?","R","B",null,"M","$","?","?","M","R","E","R","T","R","M","M","R","M","R","B",null,"M","?","M","$","M","E","R","E","T","M","M","E"],"character_chosen":"IRONCLAD","items_purchased":["Red Skull","Spot Weakness","Paper Frog","TheAbacus"],"campfire_rested":1,"item_purchase_floors":[19,19,38,38],"current_hp_per_floor":[68,59,52,52,51,51,37,37,37,29,38,33,9,11,40,13,54,38,38,38,68,49,61,42,54,54,66,68,68,68,63,68,8,53,49,49,23,23,27,19,31,27,27,29,11,0,0],"gold":111,"neow_bonus":"ONE_RARE_RELIC","is_daily":false,"chose_seed":false,"campfire_upgraded":9,"win_rate":0.0,"timestamp":1611593571,"path_taken":["M","M","?","M","M","R","E","R","T","M","R","M","E","?","R","BOSS","M","$","?","?","?","R","E","R","T","R","M","M","R","M","R","BOSS","M","?","M","$","M","E","R","E","T","M","?","E"],"items_purchased_type":["Relic","Card","Relic","Relic"],"build_version":"2020-12-22","purchased_purges":2,"victory":false,"max_hp_per_floor":[68,68,68,68,68,68,68,68,68,68,68,68,68,68,68,68,68,68,68,68,68,68,68,68,68,68,68,68,68,68,68,68,68,68,68,68,68,68,68,68,68,68,68,68,68,68,68],"relic_stats":{"Blood Vial":8,"Busted Crown":14,"TheAbacus":[6],"counters":[24,90],"Eternal Feather":71,"Charon\u0027s Ashes":[9],"Letter Opener":[20],"obtain_stats":[{"Potion Belt":26,"Vajra":14,"Oddly Smooth Stone":24,"Eternal Feather":9,"Charon\u0027s Ashes":42,"Letter Opener":7,"Burning Blood":0,"Blood Vial":40,"SlaversCollar":17,"Busted Crown":34,"TheAbacus":38,"Molten Egg 2":13,"Bag of Marbles":20,"Red Skull":19,"Pocketwatch":0,"Paper Frog":38},{"Potion Belt":12,"Vajra":8,"Oddly Smooth Stone":12,"Eternal Feather":5,"Charon\u0027s Ashes":21,"Letter Opener":5,"Burning Blood":0,"Blood Vial":20,"SlaversCollar":9,"Busted Crown":16,"TheAbacus":18,"Molten Egg 2":8,"Bag of Marbles":10,"Red Skull":10,"Pocketwatch":0,"Paper Frog":18},{"Potion Belt":54,"Vajra":34,"Oddly Smooth Stone":54,"Eternal Feather":24,"Charon\u0027s Ashes":79,"Letter Opener":24,"Burning Blood":0,"Blood Vial":77,"SlaversCollar":45,"Busted Crown":66,"TheAbacus":72,"Molten Egg 2":34,"Bag of Marbles":48,"Red Skull":48,"Pocketwatch":0,"Paper Frog":72}],"Burning Blood":132,"Pocketwatch":[156]},"card_choices":[{"not_picked":["Disarm","Infernal Blade"],"picked":"Cleave","floor":1.0},{"not_picked":["Power Through","Heavy Blade"],"picked":"Flame Barrier","floor":2.0},{"not_picked":["Bloodletting","Evolve"],"picked":"Headbutt","floor":4.0},{"not_picked":["Clothesline","Headbutt"],"picked":"Wild Strike","floor":5.0},{"not_picked":["Inflame","Second Wind","Rupture"],"picked":"SKIP","floor":7.0},{"not_picked":["Seeing Red","Cleave"],"picked":"Exhume","floor":10.0},{"not_picked":["Sword Boomerang","Sentinel"],"picked":"Uppercut","floor":12.0},{"not_picked":["True Grit","Thunderclap+1"],"picked":"Twin Strike+1","floor":13.0},{"not_picked":["Juggernaut","Impervious"],"picked":"Offering","floor":16.0},{"not_picked":["Iron Wave+1","Combust"],"picked":"Carnage+1","floor":18.0},{"not_picked":["Searing Blow+1","Flex","Clothesline+1"],"picked":"SKIP","floor":22.0},{"not_picked":["Heavy Blade+1","Uppercut+1"],"picked":"Sword Boomerang+1","floor":24.0},{"not_picked":["Clash+1","Rampage+1"],"picked":"Anger+1","floor":28.0},{"not_picked":["Clash+1","Wild Strike+1","Rupture"],"picked":"SKIP","floor":29.0},{"not_picked":["Flex","Body Slam+1"],"picked":"Hemokinesis+1","floor":31.0},{"not_picked":["Impervious","Fiend Fire+1"],"picked":"Demon Form","floor":33.0},{"not_picked":["Cleave+1"],"picked":"SKIP","floor":35.0},{"not_picked":["Havoc"],"picked":"SKIP","floor":37.0},{"not_picked":["Bloodletting"],"picked":"SKIP","floor":39.0},{"not_picked":["Havoc"],"picked":"SKIP","floor":40.0},{"not_picked":[],"picked":"Sword Boomerang+1","floor":42.0},{"not_picked":[],"picked":"Sentinel","floor":44},{"not_picked":[],"picked":"Second Wind","floor":45}],"player_experience":1367404,"relics_obtained":[{"floor":7.0,"key":"Letter Opener"},{"floor":9.0,"key":"Eternal Feather"},{"floor":13.0,"key":"Molten Egg 2"},{"floor":24.0,"key":"Oddly Smooth Stone"},{"floor":26.0,"key":"Potion Belt"},{"floor":40.0,"key":"Blood Vial"},{"floor":42.0,"key":"Charon\u0027s Ashes"}],"event_choices":[{"cards_removed":["Strike_R"],"damage_healed":0.0,"max_hp_gain":0.0,"max_hp_loss":0.0,"gold_gain":0.0,"event_name":"Golden Wing","player_choice":"Card Removal","floor":3.0,"gold_loss":0.0,"damage_taken":7.0},{"damage_healed":0.0,"max_hp_gain":0.0,"max_hp_loss":0.0,"gold_gain":0.0,"event_name":"Scrap Ooze","player_choice":"Success","floor":14.0,"gold_loss":0.0,"damage_taken":11.0,"relics_obtained":["Vajra"]},{"damage_healed":0.0,"max_hp_gain":0.0,"max_hp_loss":0.0,"gold_gain":0.0,"event_name":"Addict","player_choice":"Stole Relic","floor":20.0,"gold_loss":0.0,"damage_taken":0.0,"relics_obtained":["Bag of Marbles"],"cards_obtained":["Shame"]},{"damage_healed":30.0,"max_hp_gain":0.0,"max_hp_loss":0.0,"gold_gain":0.0,"event_name":"Wheel of Change","player_choice":"Full Heal","floor":21.0,"gold_loss":0.0,"damage_taken":0.0},{"damage_healed":0.0,"max_hp_gain":0.0,"max_hp_loss":0.0,"gold_gain":275.0,"event_name":"Golden Shrine","player_choice":"Desecrate","floor":36.0,"gold_loss":0.0,"damage_taken":0.0,"cards_obtained":["Regret"]}],"is_beta":false,"boss_relics":[{"not_picked":["Ectoplasm","Tiny House"],"picked":"SlaversCollar"},{"not_picked":["Cursed Key","Philosopher\u0027s Stone"],"picked":"Busted Crown"}],"items_purged_floors":[19,38],"is_endless":false,"potions_floor_spawned":[2,7,13,18,24,33,37,39,42,44],"killed_by":"Giant Head","ascension_level":20}}