{"host":"8tgyo6jwzgmjsiz5","time":1611546182,"event":{"mods":["AchievementEnabler","BaseMod","Best Route Mod","Colored Map","Highlight Path","Minty Spire (QoL Compilation)","Permanent Neow","Quick Restart","StSLib","SuperFastMode","everything is the same but u backflip on backflip"],"gold_per_floor":[109,127,137,164,175,200,223,223,223,223,266,292,214,248,248,331,331,347,365,280,325,325,359,370,370,395,395,423,450,484,174,174,262,262,287,312,312,324,342,342,372,372,372,398,398,336,374,95,95,95,95,95,20,60,60],"floor_reached":56,"language":"ENG","playtime":31130,"items_purged":["Bite"],"score":2129,"play_id":"9115e04b-673e-4245-8ce8-df4bf88483de","local_time":"20210125004302","is_ascension_mode":true,"campfire_choices":[{"data":"Eruption","floor":10.0,"key":"SMITH"},{"data":"Conclude","floor":15.0,"key":"SMITH"},{"data":"CrushJoints","floor":25.0,"key":"SMITH"},{"data":"Bite","floor":27.0,"key":"PURGE"},{"data":"WaveOfTheHand","floor":32.0,"key":"SMITH"},{"data":"Bite","floor":40.0,"key":"PURGE"},{"data":"ForeignInfluence","floor":42.0,"key":"PURGE"},{"data":"Madness","floor":45.0,"key":"PURGE"},{"floor":49.0,"key":"RECALL"},{"data":"Fasting2","floor":52,"key":"SMITH"}],"circlet_count":0,"master_deck":["AscendersBane","Defend_P","Defend_P+1","Defend_P+1","Defend_P+1","Eruption+1","Vigilance","BowlingBash","CrushJoints+1","DevaForm","ClearTheMind","Wireheading","EmptyFist","Conclude+1","DeceiveReality+1","Adaptation","PathToVictory+1","EmptyMind","Scrawl+1","Tantrum+1","Bite+1","Bite","PathToVictory+1","LessonLearned","WaveOfTheHand+1","Ragnarok","Swivel","Madness+1","LikeWater","MentalFortress+1","Fasting2+1","TalkToTheHand","FearNoEvil"],"relics":["Runic Dome","War Paint","Turnip","Odd Mushroom","HornCleat","CeramicFish","Singing Bowl","Snecko Eye","Bronze Scales","Yang","Peace Pipe","Boot","Gambling Chip","InkBottle","TeardropLocket","Sozu","Du-Vu Doll","Pantograph","Ornamental Fan","Mercury Hourglass","Medical Kit","Blue Candle"],"acts_visited":["Exordium","TheCity","TheBeyond","TheEnding"],"potions_floor_usage":[],"damage_taken":[{"damage":0.0,"enemies":"Cultist","floor":1.0,"turns":3.0},{"damage":0.0,"enemies":"Small Slimes","floor":2.0,"turns":4.0},{"damage":0.0,"enemies":"Jaw Worm","floor":3.0,"turns":4.0},{"damage":0.0,"enemies":"2 Fungi Beasts","floor":5.0,"turns":3.0},{"damage":14.0,"enemies":"3 Sentries","floor":6.0,"turns":7.0},{"damage":40.0,"enemies":"The Mushroom Lair","floor":7.0,"turns":5.0},{"damage":12.0,"enemies":"Gremlin Nob","floor":11.0,"turns":4.0},{"damage":6.0,"enemies":"Looter","floor":12.0,"turns":2.0},{"damage":8.0,"enemies":"Lagavulin","floor":14.0,"turns":7.0},{"damage":0.0,"enemies":"Slime Boss","floor":16.0,"turns":7.0},{"damage":0.0,"enemies":"Spheric Guardian","floor":18.0,"turns":4.0},{"damage":25.0,"enemies":"Gremlin Leader","floor":23.0,"turns":5.0},{"damage":4.0,"enemies":"Shell Parasite","floor":24.0,"turns":4.0},{"damage":20.0,"enemies":"Slavers","floor":28.0,"turns":3.0},{"damage":0.0,"enemies":"Centurion and Healer","floor":29.0,"turns":6.0},{"damage":0.0,"enemies":"Gremlin Leader","floor":30.0,"turns":3.0},{"damage":14.0,"enemies":"Champ","floor":33.0,"turns":7.0},{"damage":0.0,"enemies":"3 Shapes","floor":35.0,"turns":2.0},{"damage":0.0,"enemies":"Mind Bloom Boss Battle","floor":36.0,"turns":4.0},{"damage":0.0,"enemies":"Orb Walker","floor":38.0,"turns":3.0},{"damage":0.0,"enemies":"Giant Head","floor":41.0,"turns":5.0},{"damage":3.0,"enemies":"Nemesis","floor":44.0,"turns":5.0},{"damage":0.0,"enemies":"Giant Head","floor":47.0,"turns":5.0},{"damage":19,"enemies":"Donu and Deca","floor":50,"turns":8},{"damage":14,"enemies":"Shield and Spear","floor":54,"turns":6},{"damage":53,"enemies":"The Heart","floor":55,"turns":9}],"seed_played":"-2742297622148697047","potions_obtained":[{"floor":2.0,"key":"Regen Potion"},{"floor":3.0,"key":"EntropicBrew"},{"floor":14.0,"key":"PowerPotion"},{"floor":24.0,"key":"Swift Potion"},{"floor":28.0,"key":"Fire Potion"}],"is_trial":false,"path_per_floor":["M","M","M","T","M","E","?","?","T","R","E","M","$","E","R","B",null,"M","?","?","?","T","E","M","R","T","R","E","M","E","$","R","B",null,"M","?","?","M","?","R","E","R","T","E","R","$","E","$","R","B",null,"R","$","E","B",null],"character_chosen":"WATCHER","items_purchased":["Adaptation","PathToVictory","WaveOfTheHand","TeardropLocket","LikeWater","Fasting2","TalkToTheHand","Medical Kit"],"campfire_rested":0,"item_purchase_floors":[13,13,31,31,46,48,48,48],"current_hp_per_floor":[61,61,61,61,61,47,7,68,68,68,56,50,50,57,57,57,65,67,67,67,49,49,36,38,38,38,38,22,44,52,52,52,54,55,55,57,57,59,52,52,58,58,58,59,59,59,63,63,63,49,60,60,60,54,22],"gold":60,"neow_bonus":"BOSS_RELIC","is_daily":false,"chose_seed":false,"campfire_upgraded":5,"win_rate":0.0,"timestamp":1611546182,"path_taken":["M","M","M","?","M","E","?","?","T","R","E","?","$","E","R","BOSS","M","?","?","?","?","E","M","R","T","R","E","M","E","$","R","BOSS","M","?","?","M","?","R","E","R","T","E","R","?","E","$","R","BOSS","R","$","E","BOSS"],"items_purchased_type":["Card","Card","Card","Relic","Card","Card","Card","Relic"],"build_version":"2020-12-22","purchased_purges":1,"victory":true,"max_hp_per_floor":[68,68,68,68,68,68,68,68,68,68,68,68,68,68,68,68,68,70,70,70,49,49,49,51,51,51,51,53,53,55,55,55,55,55,55,57,57,59,59,59,61,61,61,63,63,63,63,63,63,63,63,63,63,63,63],"card_choices":[{"not_picked":["Evaluate","DeceiveReality"],"picked":"BowlingBash","floor":1.0},{"not_picked":["FollowUp","CutThroughFate"],"picked":"CrushJoints","floor":2.0},{"not_picked":["Adaptation","ClearTheMind"],"picked":"DevaForm","floor":3.0},{"not_picked":["FlurryOfBlows","Evaluate"],"picked":"ClearTheMind","floor":5.0},{"not_picked":["EmptyMind","Evaluate"],"picked":"Wireheading","floor":6.0},{"not_picked":["JustLucky","Crescendo"],"picked":"EmptyFist","floor":7.0},{"not_picked":["MasterReality","InnerPeace"],"picked":"Conclude","floor":11.0},{"not_picked":["ThirdEye","Crescendo"],"picked":"DeceiveReality","floor":12.0},{"not_picked":["Protect","Pray"],"picked":"EmptyMind","floor":14.0},{"not_picked":["Wish","Devotion"],"picked":"Scrawl","floor":16.0},{"not_picked":["CrushJoints","FlyingSleeves","Collect+1"],"picked":"Singing Bowl","floor":18.0},{"not_picked":["Study","ReachHeaven"],"picked":"PathToVictory","floor":23.0},{"not_picked":["Wireheading","MentalFortress","Evaluate"],"picked":"Singing Bowl","floor":24.0},{"not_picked":["Halt","Weave","ClearTheMind"],"picked":"Singing Bowl","floor":28.0},{"not_picked":["SandsOfTime","EmptyFist+1"],"picked":"LessonLearned","floor":29.0},{"not_picked":["CrushJoints","ReachHeaven+1","EmptyBody"],"picked":"Singing Bowl","floor":30.0},{"not_picked":["Blasphemy","MasterReality"],"picked":"Ragnarok","floor":33.0},{"not_picked":["Halt","Collect"],"picked":"Swivel","floor":35.0},{"not_picked":["Consecrate","FollowUp","CrushJoints"],"picked":"Singing Bowl","floor":36.0},{"not_picked":["FlurryOfBlows+1","CrushJoints","Swivel"],"picked":"Singing Bowl","floor":38.0},{"not_picked":["Halt","EmptyFist","ReachHeaven"],"picked":"Singing Bowl","floor":41.0},{"not_picked":["JustLucky","EmptyBody","FearNoEvil"],"picked":"Singing Bowl","floor":44.0},{"not_picked":["FlyingSleeves","Study"],"picked":"MentalFortress+1","floor":47.0},{"not_picked":["EmptyFist+1","Vengeance"],"picked":"FearNoEvil","floor":54}],"player_experience":1933025,"relics_obtained":[{"floor":4.0,"key":"War Paint"},{"floor":6.0,"key":"Turnip"},{"floor":7.0,"key":"Odd Mushroom"},{"floor":9.0,"key":"HornCleat"},{"floor":11.0,"key":"CeramicFish"},{"floor":14.0,"key":"Singing Bowl"},{"floor":22.0,"key":"Yang"},{"floor":23.0,"key":"Peace Pipe"},{"floor":26.0,"key":"Boot"},{"floor":28.0,"key":"Gambling Chip"},{"floor":30.0,"key":"InkBottle"},{"floor":36.0,"key":"Du-Vu Doll"},{"floor":41.0,"key":"Pantograph"},{"floor":44.0,"key":"Ornamental Fan"},{"floor":47.0,"key":"Mercury Hourglass"},{"floor":54,"key":"Blue Candle"}],"event_choices":[{"damage_healed":0.0,"max_hp_gain":0.0,"max_hp_loss":0.0,"gold_gain":0.0,"event_name":"Mushrooms","player_choice":"Fought Mushrooms","floor":7.0,"gold_loss":0.0,"damage_taken":0.0},{"damage_healed":61.0,"max_hp_gain":0.0,"max_hp_loss":0.0,"gold_gain":0.0,"event_name":"Wheel of Change","player_choice":"Full Heal","floor":8.0,"gold_loss":0.0,"damage_taken":0.0},{"damage_healed":0.0,"max_hp_gain":0.0,"max_hp_loss":0.0,"gold_gain":0.0,"cards_transformed":["Strike_P","Strike_P"],"event_name":"Drug Dealer","player_choice":"Became Test Subject","floor":19.0,"gold_loss":0.0,"damage_taken":0.0,"cards_obtained":["Tantrum","ForeignInfluence"]},{"damage_healed":0.0,"max_hp_gain":0.0,"max_hp_loss":0.0,"gold_gain":0.0,"event_name":"Addict","player_choice":"Obtained Relic","floor":20.0,"gold_loss":85.0,"damage_taken":0.0,"relics_obtained":["Bronze Scales"]},{"damage_healed":0.0,"max_hp_gain":0.0,"max_hp_loss":21.0,"gold_gain":0.0,"event_name":"Vampires","player_choice":"Became a vampire","floor":21.0,"gold_loss":0.0,"damage_taken":0.0,"cards_obtained":["Bite","Bite","Bite","Bite","Bite"]},{"damage_healed":0.0,"max_hp_gain":0.0,"max_hp_loss":0.0,"gold_gain":0.0,"event_name":"MindBloom","player_choice":"Fight","floor":36.0,"gold_loss":0.0,"damage_taken":0.0},{"damage_healed":0.0,"max_hp_gain":0.0,"max_hp_loss":0.0,"gold_gain":0.0,"event_name":"Tomb of Lord Red Mask","player_choice":"Ignored","floor":37.0,"gold_loss":0.0,"damage_taken":0.0},{"damage_healed":0.0,"max_hp_gain":0.0,"max_hp_loss":0.0,"gold_gain":0.0,"event_name":"Winding Halls","player_choice":"Embrace Madness","floor":39.0,"gold_loss":0.0,"damage_taken":7.0,"cards_obtained":["Madness","Madness"]}],"is_beta":false,"boss_relics":[{"not_picked":["Velvet Choker","Tiny House"],"picked":"Snecko Eye"},{"not_picked":["VioletLotus","SacredBark"],"picked":"Sozu"}],"items_purged_floors":[53],"is_endless":false,"potions_floor_spawned":[2,3,11,14,24,28,29,35,36,44],"ascension_level":14}}