{"host":"28p8ce41sjwa6lzf","time":1611589297,"event":{"mods":["BaseMod","Bestiary","Colored Map","Colored Powertips","Dark Map","Highlight Path","Minty Spire (QoL Compilation)","Permanent Neow","Quick Restart","Random Character Button","Rare Cards Sparkle","Relic Stats","StSLib","Unceasing Turn Reminder"],"gold_per_floor":[10,23,43,60,14,14,44,59,59,90,90,109,109,109,109,183,183,193,118,118,118,118,118,118],"floor_reached":23,"language":"ENG","playtime":1078,"items_purged":[],"score":427,"play_id":"ee88cf07-a8fc-412d-8f46-41e8927764d8","local_time":"20210125094137","is_ascension_mode":true,"campfire_choices":[{"floor":6.0,"key":"REST"},{"floor":11.0,"key":"REST"},{"data":"TalkToTheHand","floor":13.0,"key":"SMITH"},{"data":"Conclude","floor":15.0,"key":"SMITH"}],"circlet_count":0,"master_deck":["AscendersBane","Defend_P","Defend_P","Defend_P","Defend_P","Eruption","Vigilance","CutThroughFate","Pray","Protect","MentalFortress","Perseverance","BowlingBash","Conclude+1","TalkToTheHand+1","Wireheading","ThirdEye","DevaForm","CurseOfTheBell","Fasting2+1","Bite","Bite","Bite","Bite","Bite"],"relics":["PureWater","Ice Cream","Ancient Tea Set","Calling Bell","Smiling Mask","Shuriken","FossilizedHelix"],"acts_visited":["Exordium","TheCity"],"potions_floor_usage":[],"damage_taken":[{"damage":0.0,"enemies":"Cultist","floor":1.0,"turns":2.0},{"damage":0.0,"enemies":"2 Louse","floor":2.0,"turns":3.0},{"damage":5.0,"enemies":"Small Slimes","floor":3.0,"turns":5.0},{"damage":8.0,"enemies":"3 Louse","floor":4.0,"turns":4.0},{"damage":24.0,"enemies":"Exordium Thugs","floor":5.0,"turns":5.0},{"damage":25.0,"enemies":"Lagavulin","floor":7.0,"turns":8.0},{"damage":6.0,"enemies":"Exordium Wildlife","floor":8.0,"turns":4.0},{"damage":5.0,"enemies":"3 Sentries","floor":10.0,"turns":5.0},{"damage":1.0,"enemies":"Looter","floor":12.0,"turns":4.0},{"damage":6.0,"enemies":"Hexaghost","floor":16.0,"turns":8.0},{"damage":3.0,"enemies":"Shell Parasite","floor":18.0,"turns":3.0},{"damage":77,"enemies":"Book of Stabbing","floor":23,"turns":3}],"seed_played":"-2732177534862365984","potions_obtained":[{"floor":5.0,"key":"Energy Potion"},{"floor":12.0,"key":"SkillPotion"},{"floor":16.0,"key":"AttackPotion"}],"is_trial":false,"path_per_floor":["M","M","M","M","M","R","E","M","T","E","R","M","R","?","R","B",null,"M","?","?","?","?","E"],"character_chosen":"WATCHER","items_purchased":[],"campfire_rested":2,"item_purchase_floors":[],"current_hp_per_floor":[61,61,56,48,24,44,19,13,13,8,28,29,29,29,29,25,57,56,56,56,56,56,0,0],"gold":118,"neow_bonus":"ONE_RARE_RELIC","is_daily":false,"chose_seed":false,"campfire_upgraded":2,"win_rate":0.0,"timestamp":1611589297,"path_taken":["M","?","M","M","M","R","E","M","T","E","R","M","R","?","R","BOSS","M","?","?","?","?","E"],"items_purchased_type":[],"build_version":"2020-12-22","purchased_purges":0,"victory":false,"max_hp_per_floor":[68,68,68,68,68,68,68,68,68,68,68,68,68,68,68,68,68,68,68,68,68,68,68,68],"relic_stats":{"counters":[12,54],"Shuriken":[4],"Smiling Mask":0,"obtain_stats":[{"Ice Cream":0,"Blood Vial":10,"Calling Bell":17,"Shuriken":17,"PureWater":0,"Ancient Tea Set":7,"Smiling Mask":17,"FossilizedHelix":17},{"Ice Cream":0,"Blood Vial":8,"Calling Bell":10,"Shuriken":10,"PureWater":0,"Ancient Tea Set":6,"Smiling Mask":10,"FossilizedHelix":10},{"Ice Cream":0,"Blood Vial":36,"Calling Bell":48,"Shuriken":48,"PureWater":0,"Ancient Tea Set":27,"Smiling Mask":48,"FossilizedHelix":48}]},"card_choices":[{"not_picked":["FlyingSleeves","FlurryOfBlows"],"picked":"CutThroughFate","floor":1.0},{"not_picked":["ClearTheMind","Prostrate"],"picked":"Pray","floor":2.0},{"not_picked":["WreathOfFlame","Indignation"],"picked":"Protect","floor":3.0},{"not_picked":["Collect","BowlingBash"],"picked":"MentalFortress","floor":4.0},{"not_picked":["WreathOfFlame","Fasting2"],"picked":"Perseverance","floor":5.0},{"not_picked":["Sanctity","PathToVictory"],"picked":"BowlingBash","floor":7.0},{"not_picked":["EmptyFist","ClearTheMind"],"picked":"Conclude","floor":8.0},{"not_picked":["Protect","Evaluate"],"picked":"TalkToTheHand","floor":10.0},{"not_picked":["ReachHeaven","PathToVictory"],"picked":"Wireheading","floor":12.0},{"not_picked":["Wish","Alpha"],"picked":"DevaForm","floor":16.0},{"not_picked":["Prostrate","Nirvana"],"picked":"Fasting2","floor":18.0}],"player_experience":1173016,"relics_obtained":[{"floor":7.0,"key":"Ancient Tea Set"},{"floor":10.0,"key":"Blood Vial"},{"floor":17.0,"key":"Smiling Mask"},{"floor":17.0,"key":"Shuriken"},{"floor":17.0,"key":"FossilizedHelix"}],"event_choices":[{"damage_healed":0.0,"max_hp_gain":0.0,"max_hp_loss":0.0,"gold_gain":0.0,"cards_transformed":["Strike_P"],"event_name":"Transmorgrifier","player_choice":"Transformed","floor":14.0,"gold_loss":0.0,"damage_taken":0.0,"cards_obtained":["ThirdEye"]},{"cards_removed":["Strike_P"],"damage_healed":0.0,"max_hp_gain":0.0,"max_hp_loss":0.0,"gold_gain":0.0,"event_name":"Beggar","player_choice":"Gave Gold","floor":19.0,"gold_loss":75.0,"damage_taken":0.0},{"damage_healed":0.0,"max_hp_gain":0.0,"max_hp_loss":0.0,"gold_gain":0.0,"event_name":"Ghosts","player_choice":"Ignored","floor":20.0,"gold_loss":0.0,"damage_taken":0.0},{"damage_healed":0.0,"max_hp_gain":0.0,"max_hp_loss":0.0,"gold_gain":0.0,"event_name":"Vampires","player_choice":"Became a vampire (Vial)","floor":21.0,"relics_lost":["Blood Vial"],"gold_loss":0.0,"damage_taken":0.0,"cards_obtained":["Bite","Bite","Bite","Bite","Bite"]},{"damage_healed":0.0,"max_hp_gain":0.0,"max_hp_loss":0.0,"gold_gain":0.0,"event_name":"Accursed Blacksmith","player_choice":"Forge","floor":22.0,"gold_loss":0.0,"damage_taken":0.0,"cards_upgraded":["Fasting2"]}],"is_beta":false,"boss_relics":[{"not_picked":["Philosopher\u0027s Stone","Tiny House"],"picked":"Calling Bell"}],"items_purged_floors":[],"is_endless":false,"potions_floor_spawned":[5,12,16],"killed_by":"Book of Stabbing","ascension_level":20}}