{"host":"95ip98gf8c4vrv08","time":1611557266,"event":{"mods":["Arknights The Spire","BaseMod","Hunter ??","Minty Spire (QoL Compilation)","Quick Restart","Relic Stats","StSLib","The Bug Knight","The Gatherer","The Hierophant","The Runesmith","The Senshi","Wide Potions","????"],"gold_per_floor":[114,124,124,142,142,174,174,187,187,207,234,244,270,282,282,378,378,396,396,321,167,21,39,39,57,57,57,57,74,84,104,104,104,104],"floor_reached":33,"language":"ZHS","playtime":2017,"items_purged":[],"score":271,"play_id":"aedea463-00f3-4ed6-80ea-2c8cfa38e737","local_time":"20210125144746","is_ascension_mode":false,"campfire_choices":[{"floor":7,"key":"REST"},{"floor":15,"key":"REST"},{"data":"theSenshi:SailorStarMakerAssists","floor":24,"key":"SMITH"},{"floor":28,"key":"REST"},{"data":"theSenshi:MoonCrisisMakeUp","floor":32,"key":"SMITH"}],"circlet_count":0,"master_deck":["theSenshi:SailorKick+1","theSenshi:SailorKick+1","theSenshi:SailorKick+1","theSenshi:SailorKick+1","theSenshi:SailorBlock+1","theSenshi:SailorBlock+1","theSenshi:SailorBlock+1","theSenshi:RoseThrow","theSenshi:MoonPrismPowerMakeUp","theSenshi:MoonPunch","theSenshi:InTheNickOfTime","theSenshi:MercurysCunning","theSenshi:SaturnsMystery","theSenshi:SailorV","theSenshi:SailorVenusAssists","theSenshi:PlutosSolemnity","theSenshi:SailorStarMakerAssists+1","theSenshi:MoonCrystalPowerMakeUp","theSenshi:MoonPrincessHalation","theSenshi:StudyParty","theSenshi:MoonsReflection","theSenshi:YouCanTalk","theSenshi:PlutosSolemnity+1","theSenshi:SailorPlanetPower","theSenshi:MoonCrisisMakeUp+1","theSenshi:SailorStarHealerAssists"],"relics":["theSenshi:TransformationBroochRelic","Nunchaku","Shuriken","Turnip","Bird Faced Urn","theSenshi:FeatherClipsRelic","Black Star","Vajra","Membership Card","Bottled Lightning"],"acts_visited":["Exordium","TheCity"],"potions_floor_usage":[11,11,13,16,16,33],"damage_taken":[{"damage":5,"enemies":"2 Louse","floor":1,"turns":3},{"damage":0,"enemies":"Jaw Worm","floor":2,"turns":4},{"damage":9,"enemies":"Cultist","floor":4,"turns":4},{"damage":20,"enemies":"Lagavulin","floor":6,"turns":8},{"damage":0,"enemies":"3 Louse","floor":8,"turns":2},{"damage":0,"enemies":"Blue Slaver","floor":10,"turns":3},{"damage":20,"enemies":"3 Sentries","floor":11,"turns":8},{"damage":3,"enemies":"Exordium Wildlife","floor":12,"turns":4},{"damage":28,"enemies":"Gremlin Nob","floor":13,"turns":5},{"damage":25,"enemies":"Gremlin Gang","floor":14,"turns":5},{"damage":28,"enemies":"Hexaghost","floor":16,"turns":11},{"damage":37,"enemies":"Spheric Guardian","floor":18,"turns":6},{"damage":2,"enemies":"Chosen","floor":23,"turns":5},{"damage":66,"enemies":"Sentry and Sphere","floor":25,"turns":9},{"damage":42,"enemies":"3 Cultists","floor":29,"turns":8},{"damage":15,"enemies":"Snecko","floor":30,"turns":4},{"damage":26,"enemies":"Snake Plant","floor":31,"turns":4},{"damage":110,"enemies":"Automaton","floor":33,"turns":12}],"seed_played":"540818323316686329","potions_obtained":[{"floor":2,"key":"Explosive Potion"},{"floor":10,"key":"ColorlessPotion"},{"floor":11,"key":"Explosive Potion"},{"floor":13,"key":"Fire Potion"},{"floor":14,"key":"Swift Potion"},{"floor":23,"key":"FairyPotion"},{"floor":31,"key":"Explosive Potion"}],"is_trial":false,"path_per_floor":["M","M","?","M","?","E","R","M","T","M","E","M","E","M","R","B",null,"M","?","?","$","$","M","R","M","T","?","R","M","M","M","R","B"],"character_chosen":"THE_SENSHI","items_purchased":["Vajra","Membership Card"],"campfire_rested":3,"item_purchase_floors":[21,22],"current_hp_per_floor":[70,70,70,61,61,51,73,73,73,75,55,65,50,43,65,67,75,46,46,46,46,46,67,67,15,15,15,37,16,18,71,71,0,0],"gold":104,"neow_bonus":"RANDOM_COMMON_RELIC","is_daily":false,"chose_seed":false,"campfire_upgraded":2,"win_rate":0.0,"timestamp":1611557266,"path_taken":["M","M","?","M","?","E","R","M","T","M","E","?","E","M","R","BOSS","M","?","?","?","$","M","R","?","T","?","R","?","M","M","R","BOSS"],"items_purchased_type":["Relic","Relic"],"build_version":"2020-12-22","purchased_purges":0,"victory":false,"max_hp_per_floor":[75,75,75,75,75,75,75,75,75,75,75,75,75,75,75,75,75,75,75,75,75,75,75,75,75,75,75,75,75,75,75,75,75,75],"relic_stats":{"Nunchaku":[15],"counters":[18,105],"Shuriken":[11],"Bird Faced Urn":[36],"Turnip":[12],"Black Star":0,"obtain_stats":[{"Nunchaku":0,"theSenshi:TransformationBroochRelic":0,"Shuriken":6,"Bird Faced Urn":11,"Vajra":21,"Turnip":9,"theSenshi:FeatherClipsRelic":13,"Black Star":17,"Membership Card":22,"Bottled Lightning":26},{"Nunchaku":0,"theSenshi:TransformationBroochRelic":0,"Shuriken":4,"Bird Faced Urn":7,"Vajra":12,"Turnip":5,"theSenshi:FeatherClipsRelic":9,"Black Star":11,"Membership Card":12,"Bottled Lightning":14},{"Nunchaku":0,"theSenshi:TransformationBroochRelic":0,"Shuriken":19,"Bird Faced Urn":32,"Vajra":63,"Turnip":21,"theSenshi:FeatherClipsRelic":41,"Black Star":57,"Membership Card":63,"Bottled Lightning":77}]},"card_choices":[{"not_picked":["theSenshi:HesSoDreamy","theSenshi:DramaticEntrance"],"picked":"theSenshi:MoonPunch","floor":1},{"not_picked":["theSenshi:TuxedoMaskAssists","theSenshi:GatheringStrength"],"picked":"theSenshi:InTheNickOfTime","floor":2},{"not_picked":["theSenshi:MoonTwilightFlash","theSenshi:SupersonicWaves"],"picked":"theSenshi:MercurysCunning","floor":4},{"not_picked":["theSenshi:Overload","theSenshi:Sidestep"],"picked":"theSenshi:TuxedoSmokingBomber","floor":6},{"not_picked":["theSenshi:SailorMercuryAssists","theSenshi:TuxedoSmokingBomber"],"picked":"theSenshi:SailorV","floor":8},{"not_picked":["theSenshi:SailorMercuryAssists","theSenshi:SailorChibiMoonAssists"],"picked":"theSenshi:SailorVenusAssists","floor":10},{"not_picked":["theSenshi:OdangoHead","theSenshi:EncouragingSpeech"],"picked":"theSenshi:PlutosSolemnity","floor":11},{"not_picked":["theSenshi:Sidestep","theSenshi:LunaWiseMentor"],"picked":"theSenshi:SailorStarMakerAssists","floor":12},{"not_picked":["theSenshi:SailorNeptuneAssists","theSenshi:SailorVenusAssists"],"picked":"theSenshi:MoonCrystalPowerMakeUp","floor":13},{"not_picked":["theSenshi:SteeledNerves","theSenshi:SupersonicWaves"],"picked":"theSenshi:MoonPrincessHalation","floor":14},{"not_picked":["theSenshi:SailorPlutoAssists","theSenshi:SilverMoonCrystalPowerKiss"],"picked":"theSenshi:StudyParty","floor":16},{"not_picked":["theSenshi:OdangoHead","theSenshi:SailorStarMakerAssists+1"],"picked":"theSenshi:MoonsReflection","floor":18},{"not_picked":["theSenshi:KlutzyLuck","theSenshi:SailorVenusAssists"],"picked":"theSenshi:YouCanTalk","floor":23},{"not_picked":["theSenshi:TuxedoSmokingBomber+1","theSenshi:SchoolBag"],"picked":"theSenshi:PlutosSolemnity+1","floor":25},{"not_picked":["theSenshi:MoonCosmicPowerMakeUp","theSenshi:MoonPrincessHalation"],"picked":"theSenshi:SailorPlanetPower","floor":29},{"not_picked":["theSenshi:SailorVenusAssists+1","theSenshi:SailorChibiMoonAssists"],"picked":"theSenshi:MoonCrisisMakeUp","floor":30},{"not_picked":["theSenshi:SailorChibiMoonAssists+1","theSenshi:SailorV"],"picked":"theSenshi:SailorStarHealerAssists","floor":31}],"player_experience":192365,"relics_obtained":[{"floor":6,"key":"Shuriken"},{"floor":9,"key":"Turnip"},{"floor":11,"key":"Bird Faced Urn"},{"floor":13,"key":"theSenshi:FeatherClipsRelic"},{"floor":26,"key":"Bottled Lightning"}],"event_choices":[{"damage_healed":0,"gold_gain":0,"player_choice":"Leave","damage_taken":0,"max_hp_gain":0,"max_hp_loss":0,"event_name":"The Cleric","floor":3,"gold_loss":0},{"damage_healed":0,"gold_gain":0,"cards_transformed":["theSenshi:SailorBlock"],"player_choice":"Transformed","damage_taken":0,"max_hp_gain":0,"max_hp_loss":0,"event_name":"Transmorgrifier","floor":5,"gold_loss":0,"cards_obtained":["theSenshi:SaturnsMystery"]},{"damage_healed":0,"gold_gain":0,"player_choice":"Simplicity","damage_taken":0,"max_hp_gain":0,"max_hp_loss":0,"event_name":"Back to Basics","floor":19,"gold_loss":0,"cards_upgraded":["theSenshi:SailorKick","theSenshi:SailorKick","theSenshi:SailorKick","theSenshi:SailorKick","theSenshi:SailorBlock","theSenshi:SailorBlock","theSenshi:SailorBlock"]},{"cards_removed":["theSenshi:TuxedoSmokingBomber"],"damage_healed":0,"gold_gain":0,"player_choice":"Gave Gold","damage_taken":0,"max_hp_gain":0,"max_hp_loss":0,"event_name":"Beggar","floor":20,"gold_loss":75},{"damage_healed":0,"gold_gain":0,"player_choice":"Ignored","damage_taken":0,"max_hp_gain":0,"max_hp_loss":0,"event_name":"NoteForYourself","floor":27,"gold_loss":0}],"is_beta":false,"boss_relics":[{"not_picked":["Runic Dome","Ectoplasm"],"picked":"Black Star"}],"items_purged_floors":[],"is_endless":false,"potions_floor_spawned":[2,10,11,13,14,23,31],"killed_by":"Automaton","ascension_level":0}}