{"host":"v4pe0ixo3k7iwzp0","time":1611565531,"event":{"mods":["Ascension Reborn","BaseMod","Bestiary","Highlight Path","Minty Spire (QoL Compilation)","StSLib","The Marked"],"gold_per_floor":[117,140,88,88,32,80,80,110,140,192,214,214,60,109,109,253,253,272,300,300,324,136,136,178,178,178,200,106,106,125,142,156,326,340,354,397,433,37,437,306,348,360,360,420,420,420],"floor_reached":47,"language":"ENG","playtime":4067,"items_purged":["Injury","Strike_G+1","Strike_G+1","Strike_G+1","Strike_G+1"],"score":100,"play_id":"209915a5-0a72-4074-8273-7c338efac60b","local_time":"20210125010531","is_ascension_mode":true,"campfire_choices":[{"data":"Infinite Blades","floor":7.0,"key":"SMITH"},{"floor":15,"key":"REST"},{"data":"Bullet Time","floor":23,"key":"SMITH"},{"floor":25,"key":"REST"},{"data":"A Thousand Cuts","floor":29,"key":"SMITH"},{"data":"Finisher","floor":32,"key":"SMITH"}],"circlet_count":0,"master_deck":["Strike_G+1","Defend_G+1","Defend_G+1","Defend_G+1","Defend_G+1","Defend_G+1","Survivor+1","Neutralize+1","Cloak And Dagger","Infinite Blades+1","Slice+1","Deflect","Blade Dance","Bullet Time+1","A Thousand Cuts+1","Infinite Blades+1","Endless Agony","Footwork+1","Finisher+1","Endless Agony","Blade Dance+1"],"relics":["Ring of the Snake","Omamori","White Beast Statue","Akabeko","Whetstone","Calipers","Boot","Vajra","TungstenRod","Sozu","InkBottle","Medical Kit","Mercury Hourglass","Bag of Marbles","Darkstone Periapt","Ice Cream","MawBank","Thread and Needle","Calling Bell","Pen Nib","Mummified Hand","StoneCalendar","Ninja Scroll","Oddly Smooth Stone","Paper Crane","Incense Burner","Lizard Tail","Prayer Wheel"],"acts_visited":["Exordium","TheCity","TheBeyond"],"potions_floor_usage":[16,16,24,35],"damage_taken":[{"damage":0.0,"enemies":"Cultist","floor":1.0,"turns":2.0},{"damage":0.0,"enemies":"Small Slimes","floor":2.0,"turns":3.0},{"damage":0.0,"enemies":"Lagavulin","floor":6.0,"turns":5.0},{"damage":0.0,"enemies":"2 Louse","floor":8.0,"turns":2.0},{"damage":1,"enemies":"Gremlin Nob","floor":10,"turns":3},{"damage":0,"enemies":"Large Slime","floor":11,"turns":3},{"damage":3,"enemies":"3 Sentries","floor":14,"turns":4},{"damage":5,"enemies":"Hexaghost","floor":16,"turns":5},{"damage":0,"enemies":"Spheric Guardian","floor":18,"turns":3},{"damage":0,"enemies":"3 Byrds","floor":19,"turns":4},{"damage":0,"enemies":"Snake Plant","floor":21,"turns":3},{"damage":15,"enemies":"Gremlin Leader","floor":24,"turns":3},{"damage":0,"enemies":"Centurion and Healer","floor":27,"turns":3},{"damage":0,"enemies":"Snecko","floor":30,"turns":2},{"damage":0,"enemies":"Sentry and Sphere","floor":31,"turns":2},{"damage":0,"enemies":"Collector","floor":33,"turns":4},{"damage":0,"enemies":"3 Darklings","floor":35,"turns":1},{"damage":0,"enemies":"3 Shapes","floor":36,"turns":2},{"damage":0,"enemies":"Jaw Worm Horde","floor":37,"turns":2},{"damage":0,"enemies":"Nemesis","floor":41,"turns":3},{"damage":0,"enemies":"3 Darklings","floor":42,"turns":2},{"damage":8,"enemies":"Mind Bloom Boss Battle","floor":44,"turns":3},{"damage":0,"enemies":"Awakened One","floor":46,"turns":7}],"seed_played":"4016917622133647796","potions_obtained":[{"floor":1.0,"key":"BlessingOfTheForge"},{"floor":2.0,"key":"Strength Potion"},{"floor":2.0,"key":"FairyPotion"},{"floor":6.0,"key":"Fire Potion"},{"floor":16,"key":"Fire Potion"},{"floor":16,"key":"SmokeBomb"}],"is_trial":false,"path_per_floor":["M","M","$","?","$","E","R","M","T","E","M","?","$","E","R","B",null,"M","M","?","M","$","R","E","R","T","M","$","R","M","M","R","B",null,"M","M","M","$","?","$","E","M","T","?","?","B",null],"character_chosen":"THE_SILENT","items_purchased":["Infinite Blades","Boot","Blade Dance","Medical Kit","Ninja Scroll","Oddly Smooth Stone"],"campfire_rested":2,"item_purchase_floors":[3,13,13,22,38,38],"current_hp_per_floor":[81,81,81,81,81,81,81,81,81,80,80,80,80,77,81,82,85,85,85,85,85,85,85,70,85,85,85,85,85,85,85,85,89,89,89,89,89,89,89,89,89,89,89,81,81,87],"gold":420,"neow_bonus":"TEN_PERCENT_HP_BONUS","is_daily":false,"chose_seed":false,"campfire_upgraded":4,"win_rate":0.0,"timestamp":1611565531,"path_taken":["M","M","?","?","$","E","R","M","T","E","M","?","$","E","R","BOSS","M","M","?","M","$","R","E","R","T","M","$","R","?","M","R","BOSS","M","M","M","$","?","$","E","M","T","?","?","BOSS"],"items_purchased_type":["Card","Relic","Card","Relic","Relic","Relic"],"build_version":"2020-12-22","purchased_purges":5,"victory":true,"max_hp_per_floor":[81,81,81,81,81,81,81,81,81,81,81,81,81,81,81,85,85,85,85,85,85,85,85,85,85,85,85,85,85,85,85,85,89,89,89,89,89,89,89,89,89,89,89,89,89,93],"card_choices":[{"not_picked":["Flying Knee","Crippling Poison+1"],"picked":"Cloak And Dagger","floor":1.0},{"not_picked":["Dash","Acrobatics","Dagger Spray"],"picked":"SKIP","floor":2.0},{"not_picked":["Tactician","Deadly Poison+1","Poisoned Stab+1"],"picked":"SKIP","floor":6.0},{"not_picked":["Poisoned Stab","Bane+1","Venomology"],"picked":"SKIP","floor":6.0},{"not_picked":["Acrobatics","Backflip"],"picked":"Slice","floor":8.0},{"not_picked":["Poisoned Stab","Crippling Poison"],"picked":"Deflect","floor":10},{"not_picked":["Reflex","Outmaneuver","Dodge and Roll"],"picked":"SKIP","floor":10},{"not_picked":["Outmaneuver","Catalyst","Backflip"],"picked":"SKIP","floor":11},{"not_picked":["Corpse Explosion","Dodge and Roll","Dash"],"picked":"SKIP","floor":14},{"not_picked":["Bane+1","Heel Hook+1","Unload"],"picked":"SKIP","floor":14},{"not_picked":["After Image","Unload"],"picked":"Bullet Time","floor":16},{"not_picked":["Outmaneuver","Riddle With Holes","Blur"],"picked":"SKIP","floor":18},{"not_picked":["Backflip","Dodge and Roll+1"],"picked":"Slice","floor":19},{"not_picked":["All Out Attack+1","Flying Knee+1"],"picked":"Infinite Blades+1","floor":21},{"not_picked":["Sucker Punch+1","Deadly Poison"],"picked":"Endless Agony","floor":24},{"not_picked":["Caltrops","Slice","Deflect+1"],"picked":"SKIP","floor":27},{"not_picked":["Choke+1","Flying Knee"],"picked":"Footwork+1","floor":30},{"not_picked":["Footwork+1","Distraction+1"],"picked":"Finisher","floor":31},{"not_picked":["Underhanded Strike","Expertise+1","Flying Knee+1"],"picked":"SKIP","floor":36},{"not_picked":["Acrobatics+1","Quick Slash+1"],"picked":"Endless Agony","floor":37},{"not_picked":["Heel Hook+1","Infinite Blades+1","Slice+1"],"picked":"SKIP","floor":41},{"not_picked":["Flying Knee","Choke+1"],"picked":"Blade Dance+1","floor":42}],"player_experience":154285,"relics_obtained":[{"floor":6.0,"key":"Omamori"},{"floor":9.0,"key":"White Beast Statue"},{"floor":9.0,"key":"Akabeko"},{"floor":10,"key":"Whetstone"},{"floor":14,"key":"Vajra"},{"floor":16,"key":"TungstenRod"},{"floor":21,"key":"InkBottle"},{"floor":24,"key":"Mercury Hourglass"},{"floor":26,"key":"Bag of Marbles"},{"floor":26,"key":"Darkstone Periapt"},{"floor":27,"key":"Ice Cream"},{"floor":31,"key":"MawBank"},{"floor":33,"key":"Thread and Needle"},{"floor":34,"key":"Pen Nib"},{"floor":34,"key":"Mummified Hand"},{"floor":34,"key":"StoneCalendar"},{"floor":41,"key":"Paper Crane"},{"floor":43,"key":"Incense Burner"},{"floor":43,"key":"Lizard Tail"},{"floor":44,"key":"Prayer Wheel"}],"event_choices":[{"damage_healed":0.0,"max_hp_gain":0.0,"max_hp_loss":0.0,"gold_gain":0.0,"event_name":"Golden Idol","player_choice":"Take Wound","floor":4.0,"gold_loss":0.0,"damage_taken":0.0,"relics_obtained":["Golden Idol"],"cards_obtained":["Injury"]},{"damage_healed":0,"gold_gain":0,"player_choice":"Box","damage_taken":0,"relics_obtained":["Calipers"],"max_hp_gain":0,"max_hp_loss":0,"event_name":"Big Fish","floor":12,"gold_loss":0,"cards_obtained":["Regret"]},{"damage_healed":0,"gold_gain":0,"cards_transformed":["Slice"],"player_choice":"Transformed","damage_taken":0,"max_hp_gain":0,"max_hp_loss":0,"event_name":"Transmorgrifier","floor":20,"gold_loss":0,"cards_obtained":["A Thousand Cuts"]},{"damage_healed":0,"gold_gain":333,"player_choice":"Gave Idol","damage_taken":0,"max_hp_gain":0,"max_hp_loss":0,"event_name":"The Moai Head","floor":39,"relics_lost":["Golden Idol"],"gold_loss":0},{"damage_healed":0,"gold_gain":0,"player_choice":"Fight","damage_taken":0,"max_hp_gain":0,"max_hp_loss":0,"event_name":"MindBloom","floor":44,"gold_loss":0},{"damage_healed":0,"gold_gain":0,"player_choice":"Took Portal","damage_taken":0,"max_hp_gain":0,"max_hp_loss":0,"event_name":"SecretPortal","floor":45,"gold_loss":0}],"is_beta":false,"boss_relics":[{"not_picked":["SacredBark","Velvet Choker"],"picked":"Sozu"},{"not_picked":["Ring of the Serpent","Empty Cage"],"picked":"Calling Bell"}],"items_purged_floors":[5,22,28,38,40],"is_endless":false,"potions_floor_spawned":[2,6,10,11,14,16,18,19,21,24,27,30,31,33,35,36,37,41,42,44],"ascension_level":-20}}