{"host":"mp3zbolja7t2zuvr","time":1611573697,"event":{"mods":["AchievementEnabler","BaseMod","Curses Come First","Minty Spire (QoL Compilation)","Permanent Neow","Relic Stats","StSLib","Synergy Search","The Problem Sleuth","Uncapped"],"gold_per_floor":[115,134,153,84,84,113,113,113,113,113,113,129,157,174,174,276,276,293,383,30,30,30,64,64,64,134,162,177,117,132,146,146,247,247,264,122,132,132,232,232,249,249,273,8,8,8,43,66,78,90],"floor_reached":51,"language":"ENG","playtime":4208,"items_purged":["theSleuth:Joust","theSleuth:CharismaBlast"],"score":745,"play_id":"463e927c-3bf5-4e47-98c0-fe85431797b6","local_time":"20210125062137","is_ascension_mode":false,"campfire_choices":[{"floor":8,"key":"REST"},{"data":"theSleuth:FudgeDeck","floor":10,"key":"SMITH"},{"data":"theSleuth:Ogle","floor":15,"key":"SMITH"},{"data":"theSleuth:FudgeDeck","floor":24,"key":"SMITH"},{"data":"theSleuth:TootsieRollFrankenstein","floor":32,"key":"SMITH"},{"data":"theSleuth:ThinkAhead","floor":40,"key":"SMITH"},{"data":"Sadistic Nature","floor":45,"key":"SMITH"},{"data":"theSleuth:Parry","floor":49,"key":"SMITH"}],"circlet_count":0,"master_deck":["theSleuth:KeyHandgun","theSleuth:TakeInventory","theSleuth:Diplomacy","theSleuth:CandyLeather","theSleuth:Parry+1","theSleuth:Ogle+1","theSleuth:Conjure+1","theSleuth:FudgeDeck+1","theSleuth:Embarrass","theSleuth:TootsieRollFrankenstein+1","theSleuth:Distill","theSleuth:WizardSudoku","theSleuth:ThinkAhead","theSleuth:TruffleTrouble","theSleuth:FudgeDeck+1","theSleuth:ThinkAhead+1","theSleuth:Conjure+1","theSleuth:PezUzi+1","theSleuth:Tootshotgun","theSleuth:WeighIn","theSleuth:TruffleTrouble+1","theSleuth:CandyCane","theSleuth:ThinkAhead+1","Sadistic Nature+1"],"relics":["theSleuth:Typewriter","CaptainsWheel","WarpedTongs","FossilizedHelix","Spirit Poop","Pear","Pandora\u0027s Box","Lizard Tail","TungstenRod","Ornamental Fan","Tiny Chest","theSleuth:AffinityCrow","Gremlin Horn","MawBank"],"acts_visited":["Exordium","TheCity","TheBeyond"],"potions_floor_usage":[6,14,23,33,37],"damage_taken":[{"damage":0,"enemies":"Cultist","floor":1,"turns":5},{"damage":5,"enemies":"2 Louse","floor":2,"turns":3},{"damage":2,"enemies":"Jaw Worm","floor":3,"turns":4},{"damage":43,"enemies":"Lagavulin","floor":6,"turns":11},{"damage":0,"enemies":"Red Slaver","floor":12,"turns":5},{"damage":0,"enemies":"Gremlin Nob","floor":13,"turns":6},{"damage":0,"enemies":"Large Slime","floor":14,"turns":7},{"damage":11,"enemies":"Slime Boss","floor":16,"turns":13},{"damage":0,"enemies":"Shell Parasite","floor":18,"turns":5},{"damage":27,"enemies":"Slavers","floor":23,"turns":8},{"damage":2,"enemies":"Book of Stabbing","floor":27,"turns":4},{"damage":2,"enemies":"Chosen","floor":28,"turns":3},{"damage":0,"enemies":"Snecko","floor":30,"turns":4},{"damage":3,"enemies":"Cultist and Chosen","floor":31,"turns":5},{"damage":19,"enemies":"Collector","floor":33,"turns":6},{"damage":2,"enemies":"Orb Walker","floor":35,"turns":3},{"damage":10,"enemies":"3 Darklings","floor":37,"turns":7},{"damage":0,"enemies":"Maw","floor":41,"turns":6},{"damage":0,"enemies":"Giant Head","floor":47,"turns":3},{"damage":0,"enemies":"Spire Growth","floor":48,"turns":4},{"damage":24,"enemies":"Time Eater","floor":50,"turns":9}],"seed_played":"8883660300588080366","potions_obtained":[{"floor":1,"key":"Dexterity Potion"},{"floor":6,"key":"LiquidMemories"},{"floor":14,"key":"FairyPotion"},{"floor":23,"key":"LiquidBronze"},{"floor":35,"key":"Energy Potion"},{"floor":41,"key":"LiquidMemories"}],"is_trial":false,"path_per_floor":["M","M","M","$","?","E","?","R","T","R","?","M","E","M","R","B",null,"M","?","$","?","?","E","R","?","T","E","M","?","M","M","R","B",null,"M","$","M","?","?","R","M","?","T","$","R","?","E","M","R","B",null],"character_chosen":"THE_sleuth","items_purchased":["theSleuth:FudgeDeck","Lizard Tail","theSleuth:Leer","theSleuth:WeighIn","Sadistic Nature"],"campfire_rested":1,"item_purchase_floors":[4,20,20,36,44],"current_hp_per_floor":[73,68,66,66,66,23,23,44,44,44,44,44,54,54,54,43,83,83,71,71,71,71,44,44,44,44,42,40,40,40,37,37,18,83,81,81,71,71,71,71,71,83,83,83,83,83,83,83,83,59],"gold":102,"neow_bonus":"THREE_CARDS","is_daily":false,"chose_seed":false,"campfire_upgraded":7,"win_rate":0.0,"timestamp":1611573697,"path_taken":["M","M","M","$","?","E","?","R","T","R","?","M","E","M","R","BOSS","M","?","$","?","?","E","R","?","T","E","M","?","M","M","R","BOSS","M","$","M","?","?","R","M","?","T","$","R","?","E","M","R","BOSS"],"items_purchased_type":["Card","Relic","Card","Card","Card"],"build_version":"2020-12-22","purchased_purges":2,"victory":true,"max_hp_per_floor":[73,73,73,73,73,73,73,73,73,73,73,73,83,83,83,83,83,83,83,83,83,83,83,83,83,83,83,83,83,83,83,83,83,83,83,83,83,83,83,83,83,83,83,83,83,83,83,83,83,83],"relic_stats":{"Lizard Tail":0,"Gremlin Horn":[0,0],"counters":[21,121],"Ornamental Fan":[120],"Pandora\u0027s Box":["theSleuth:Distill","theSleuth:WizardSudoku","theSleuth:ThinkAhead","theSleuth:TruffleTrouble","theSleuth:FudgeDeck","theSleuth:Joust"],"Tiny Chest":0,"MawBank":48,"obtain_stats":[{"Pear":13,"Gremlin Horn":46,"Spirit Poop":11,"theSleuth:Typewriter":0,"MawBank":47,"WarpedTongs":7,"CaptainsWheel":6,"Lizard Tail":20,"Ornamental Fan":26,"theSleuth:AffinityCrow":34,"Pandora\u0027s Box":17,"Tiny Chest":27,"FossilizedHelix":9,"TungstenRod":23},{"Pear":6,"Gremlin Horn":18,"Spirit Poop":4,"theSleuth:Typewriter":0,"MawBank":19,"WarpedTongs":4,"CaptainsWheel":4,"Lizard Tail":9,"Ornamental Fan":10,"theSleuth:AffinityCrow":15,"Pandora\u0027s Box":8,"Tiny Chest":11,"FossilizedHelix":4,"TungstenRod":10},{"Pear":34,"Gremlin Horn":105,"Spirit Poop":23,"theSleuth:Typewriter":0,"MawBank":108,"WarpedTongs":23,"CaptainsWheel":23,"Lizard Tail":59,"Ornamental Fan":67,"theSleuth:AffinityCrow":89,"Pandora\u0027s Box":54,"Tiny Chest":71,"FossilizedHelix":23,"TungstenRod":67}],"TungstenRod":13,"WarpedTongs":[95]},"card_choices":[{"not_picked":["theSleuth:FlaskOfWhiskey","theSleuth:VictoryPose"],"picked":"theSleuth:CandyLeather","floor":0},{"not_picked":["theSleuth:Unscale","theSleuth:Taze"],"picked":"theSleuth:Parry","floor":1},{"not_picked":["theSleuth:VictoryPose","theSleuth:BenStillerBust"],"picked":"theSleuth:Ogle","floor":2},{"not_picked":["theSleuth:ThinkAhead","theSleuth:Ignore"],"picked":"theSleuth:Conjure","floor":3},{"not_picked":["theSleuth:WeighIn","theSleuth:ForceDeck","theSleuth:BellyOTheWhale"],"picked":"SKIP","floor":6},{"not_picked":["theSleuth:ThinkAhead","theSleuth:SnoopDoggBust","theSleuth:VictoryPose"],"picked":"SKIP","floor":12},{"not_picked":["theSleuth:VictoryPose","theSleuth:TruffleShuffle"],"picked":"theSleuth:CharismaBlast","floor":13},{"not_picked":["theSleuth:Frijolaegis","theSleuth:WeighIn"],"picked":"theSleuth:CandyMech","floor":14},{"not_picked":["theSleuth:HairpinMachinegun","theSleuth:TheZillyhammer"],"picked":"theSleuth:TootsieRollFrankenstein","floor":16},{"not_picked":["theSleuth:FlaskOfWhiskey","theSleuth:HeartStab"],"picked":"theSleuth:ThinkAhead","floor":18},{"not_picked":["theSleuth:WilsonBust","theSleuth:Unscale","theSleuth:ThinkAhead"],"picked":"SKIP","floor":23},{"not_picked":["theSleuth:BenStillerBust","theSleuth:Treaty","theSleuth:BellyOTheWhale"],"picked":"SKIP","floor":27},{"not_picked":["theSleuth:Tootshotgun","theSleuth:LeverageHeight"],"picked":"theSleuth:PezUzi+1","floor":28},{"not_picked":["theSleuth:Tootshotgun","theSleuth:Taze","theSleuth:Distill"],"picked":"SKIP","floor":30},{"not_picked":["theSleuth:Frijolaegis","theSleuth:Embarrass","theSleuth:Ignore+1"],"picked":"SKIP","floor":31},{"not_picked":["theSleuth:Taze","theSleuth:Unscale"],"picked":"theSleuth:Tootshotgun","floor":35},{"not_picked":["theSleuth:ThinkAhead+1","theSleuth:Pepperminthryl"],"picked":"theSleuth:TruffleTrouble+1","floor":37},{"not_picked":["theSleuth:Ogle","theSleuth:WizardSudoku"],"picked":"theSleuth:ThinkAhead+1","floor":41},{"not_picked":["theSleuth:Tootshotgun+1","theSleuth:Conjure","theSleuth:Pepperminthryl+1"],"picked":"SKIP","floor":47},{"not_picked":["theSleuth:ThinkAhead","theSleuth:Leer+1","theSleuth:Unscale+1"],"picked":"SKIP","floor":48}],"player_experience":123551,"relics_obtained":[{"floor":6,"key":"CaptainsWheel"},{"floor":9,"key":"FossilizedHelix"},{"floor":13,"key":"Pear"},{"floor":23,"key":"TungstenRod"},{"floor":26,"key":"Ornamental Fan"},{"floor":27,"key":"Tiny Chest"},{"floor":47,"key":"MawBank"}],"event_choices":[{"damage_healed":0,"gold_gain":0,"cards_transformed":["theSleuth:Strike"],"player_choice":"Transformed","damage_taken":0,"max_hp_gain":0,"max_hp_loss":0,"event_name":"Transmorgrifier","floor":5,"gold_loss":0,"cards_obtained":["theSleuth:Embarrass"]},{"damage_healed":0,"gold_gain":0,"player_choice":"Rummage","damage_taken":0,"relics_obtained":["WarpedTongs"],"max_hp_gain":0,"max_hp_loss":0,"event_name":"Accursed Blacksmith","floor":7,"gold_loss":0,"cards_obtained":["Pain"]},{"cards_removed":["Pain"],"damage_healed":0,"gold_gain":0,"player_choice":"Offered Curse","damage_taken":0,"relics_obtained":["Spirit Poop"],"max_hp_gain":0,"max_hp_loss":0,"event_name":"Bonfire Elementals","floor":11,"gold_loss":0},{"damage_healed":0,"gold_gain":90,"player_choice":"GOLD ","damage_taken":12,"max_hp_gain":0,"max_hp_loss":0,"event_name":"Knowing Skull","floor":19,"potions_obtained":[],"gold_loss":0,"cards_obtained":[]},{"damage_healed":0,"gold_gain":0,"player_choice":"Upgraded","damage_taken":0,"max_hp_gain":0,"max_hp_loss":0,"event_name":"Upgrade Shrine","floor":21,"gold_loss":0,"cards_upgraded":["theSleuth:Conjure"]},{"damage_healed":0,"gold_gain":0,"player_choice":"Ignored","damage_taken":0,"max_hp_gain":0,"max_hp_loss":0,"event_name":"NoteForYourself","floor":22,"gold_loss":0},{"damage_healed":0,"gold_gain":0,"player_choice":"Copied","damage_taken":0,"max_hp_gain":0,"max_hp_loss":0,"event_name":"Duplicator","floor":25,"gold_loss":0,"cards_obtained":["theSleuth:Conjure"]},{"cards_removed":["theSleuth:CandyMech"],"damage_healed":0,"gold_gain":0,"player_choice":"Single Remove","damage_taken":0,"max_hp_gain":0,"max_hp_loss":0,"event_name":"Designer","floor":29,"gold_loss":60},{"damage_healed":0,"gold_gain":0,"cards_transformed":["theSleuth:Leer"],"player_choice":"Transformed","damage_taken":0,"max_hp_gain":0,"max_hp_loss":0,"event_name":"Transmorgrifier","floor":38,"gold_loss":0,"cards_obtained":["theSleuth:CandyCane"]},{"damage_healed":0,"gold_gain":100,"player_choice":"Pray","damage_taken":0,"max_hp_gain":0,"max_hp_loss":0,"event_name":"Golden Shrine","floor":39,"gold_loss":0},{"damage_healed":12,"gold_gain":0,"player_choice":"Full Heal","damage_taken":0,"max_hp_gain":0,"max_hp_loss":0,"event_name":"Wheel of Change","floor":42,"gold_loss":0},{"damage_healed":0,"gold_gain":0,"player_choice":"Gave Potion","damage_taken":0,"relics_obtained":["Gremlin Horn"],"max_hp_gain":0,"max_hp_loss":0,"event_name":"WeMeetAgain","floor":46,"gold_loss":0}],"is_beta":false,"boss_relics":[{"not_picked":["Runic Dome","Busted Crown"],"picked":"Pandora\u0027s Box"},{"not_picked":["Astrolabe","Cursed Key"],"picked":"theSleuth:AffinityCrow"}],"items_purged_floors":[36,44],"is_endless":false,"potions_floor_spawned":[1,6,14,23,28,31,35,41],"ascension_level":0}}