{"host":"1qhzi8r9ejho5yph","time":1611566790,"event":{"mods":["AchievementEnabler","BaseMod","Colored Map","Colored Powertips","Highlight Path","Minty Spire (QoL Compilation)","Permanent Neow","Quick Restart","Random Character Button","StSLib","SuperFastMode"],"gold_per_floor":[110,122,13,26,41,41,69,69,69,80,97,172,72,72,72,170,170,189,208,224,236,111,139,155,155,182,182,192,192,207,224,224,224,224],"floor_reached":33,"language":"ENG","playtime":1036,"items_purged":["Strike_R","Strike_R","Strike_R"],"score":410,"play_id":"ea23ea23-bce1-497b-b8ef-11f5382f2289","local_time":"20210125172630","is_ascension_mode":true,"campfire_choices":[{"data":"Rampage","floor":6.0,"key":"SMITH"},{"floor":8.0,"key":"REST"},{"data":"Pommel Strike","floor":15.0,"key":"SMITH"},{"floor":25.0,"key":"REST"},{"floor":29.0,"key":"REST"},{"floor":32,"key":"REST"}],"circlet_count":0,"master_deck":["AscendersBane","Strike_R","Defend_R","Defend_R","Defend_R","Defend_R","Bash+1","Pommel Strike+1","Rampage+1","Headbutt+1","Offering","Shrug It Off","Headbutt+1","Battle Trance","Shrug It Off"],"relics":["Burning Blood","Pear","Sundial","Incense Burner","Fusion Hammer","Dream Catcher","Whetstone"],"acts_visited":["Exordium","TheCity"],"potions_floor_usage":[33,33],"damage_taken":[{"damage":6.0,"enemies":"Cultist","floor":1.0,"turns":3.0},{"damage":7.0,"enemies":"Small Slimes","floor":2.0,"turns":4.0},{"damage":9.0,"enemies":"2 Louse","floor":4.0,"turns":2.0},{"damage":16.0,"enemies":"Large Slime","floor":5.0,"turns":5.0},{"damage":30.0,"enemies":"Lagavulin","floor":7.0,"turns":6.0},{"damage":29.0,"enemies":"Exordium Thugs","floor":10.0,"turns":4.0},{"damage":9.0,"enemies":"3 Louse","floor":11.0,"turns":3.0},{"damage":24.0,"enemies":"Hexaghost","floor":16.0,"turns":6.0},{"damage":1.0,"enemies":"Spheric Guardian","floor":18.0,"turns":3.0},{"damage":3.0,"enemies":"Chosen","floor":19.0,"turns":4.0},{"damage":18.0,"enemies":"Snake Plant","floor":20.0,"turns":4.0},{"damage":11.0,"enemies":"Centurion and Healer","floor":21.0,"turns":6.0},{"damage":4.0,"enemies":"Slavers","floor":23.0,"turns":3.0},{"damage":8.0,"enemies":"Sentry and Sphere","floor":24.0,"turns":4.0},{"damage":36.0,"enemies":"Shelled Parasite and Fungi","floor":28.0,"turns":3.0},{"damage":6.0,"enemies":"Cultist and Chosen","floor":30.0,"turns":4.0},{"damage":28,"enemies":"3 Cultists","floor":31,"turns":4},{"damage":94,"enemies":"Automaton","floor":33,"turns":8}],"seed_played":"-60310208017640196","potions_obtained":[{"floor":1.0,"key":"Block Potion"},{"floor":2.0,"key":"AttackPotion"},{"floor":5.0,"key":"ColorlessPotion"},{"floor":16.0,"key":"EssenceOfSteel"},{"floor":19.0,"key":"Swift Potion"},{"floor":20.0,"key":"Energy Potion"},{"floor":28.0,"key":"Weak Potion"},{"floor":30.0,"key":"BlessingOfTheForge"}],"is_trial":false,"path_per_floor":["M","M","$","M","M","R","E","R","T","M","M","?","$","?","R","B",null,"M","M","M","M","$","E","M","R","T","?","M","R","M","M","R","B"],"character_chosen":"IRONCLAD","items_purchased":["Rampage"],"campfire_rested":4,"item_purchase_floors":[3],"current_hp_per_floor":[72,71,71,68,58,58,44,71,71,48,45,34,34,34,34,16,72,77,80,68,63,63,65,63,90,90,90,60,87,87,65,90,0,0],"gold":224,"neow_bonus":"REMOVE_CARD","is_daily":false,"chose_seed":false,"campfire_upgraded":2,"win_rate":0.0,"timestamp":1611566790,"path_taken":["M","M","?","M","M","R","E","R","T","M","M","?","$","?","R","BOSS","M","M","M","M","$","E","M","R","T","?","M","R","M","?","R","BOSS"],"items_purchased_type":["Card"],"build_version":"2020-12-22","purchased_purges":3,"victory":false,"max_hp_per_floor":[80,80,80,80,80,80,90,90,90,90,90,90,90,90,90,90,90,90,90,90,90,90,90,90,90,90,90,90,90,90,90,90,90,90],"card_choices":[{"not_picked":["Power Through","Ghostly Armor"],"picked":"Pommel Strike","floor":1.0},{"not_picked":["Clothesline","Dropkick","Flex"],"picked":"SKIP","floor":2.0},{"not_picked":["Shockwave","Second Wind"],"picked":"Cleave","floor":4.0},{"not_picked":["Anger","Second Wind"],"picked":"Headbutt","floor":5.0},{"not_picked":["Limit Break","Feel No Pain","Bloodletting"],"picked":"SKIP","floor":7.0},{"not_picked":["Warcry","Cleave","Clothesline"],"picked":"SKIP","floor":10.0},{"not_picked":["Sever Soul","Havoc","Headbutt"],"picked":"SKIP","floor":11.0},{"not_picked":["Limit Break","Exhume"],"picked":"Offering","floor":16.0},{"not_picked":["Iron Wave","Sword Boomerang+1","Bloodletting"],"picked":"SKIP","floor":18.0},{"not_picked":["Sword Boomerang","Evolve+1"],"picked":"Shrug It Off","floor":19.0},{"not_picked":["Entrench","Wild Strike"],"picked":"Headbutt","floor":20.0},{"not_picked":["Clash+1","Headbutt","Thunderclap+1"],"picked":"SKIP","floor":21.0},{"not_picked":["Sword Boomerang","Body Slam+1","Rage"],"picked":"SKIP","floor":23.0},{"not_picked":["Infernal Blade","Berserk"],"picked":"Battle Trance","floor":24.0},{"not_picked":["Cleave+1","Twin Strike+1"],"picked":"Shrug It Off","floor":28.0},{"not_picked":["Havoc","Dark Embrace+1","Thunderclap"],"picked":"SKIP","floor":30.0},{"not_picked":["Power Through","Body Slam","Dropkick"],"picked":"SKIP","floor":31}],"player_experience":325920,"relics_obtained":[{"floor":7.0,"key":"Pear"},{"floor":9.0,"key":"Sundial"},{"floor":23.0,"key":"Dream Catcher"},{"floor":26.0,"key":"Whetstone"}],"event_choices":[{"damage_healed":0.0,"max_hp_gain":0.0,"max_hp_loss":0.0,"gold_gain":75.0,"event_name":"World of Goop","player_choice":"Gather Gold","floor":12.0,"gold_loss":0.0,"damage_taken":11.0},{"cards_removed":["Cleave"],"damage_healed":0.0,"max_hp_gain":0.0,"max_hp_loss":0.0,"gold_gain":0.0,"event_name":"WeMeetAgain","player_choice":"Gave Card","floor":14.0,"gold_loss":0.0,"damage_taken":0.0,"relics_obtained":["Incense Burner"]},{"damage_healed":0.0,"max_hp_gain":0.0,"max_hp_loss":0.0,"gold_gain":0.0,"event_name":"Upgrade Shrine","player_choice":"Upgraded","floor":27.0,"gold_loss":0.0,"damage_taken":0.0,"cards_upgraded":["Bash"]}],"is_beta":false,"boss_relics":[{"not_picked":["Black Blood","Sozu"],"picked":"Fusion Hammer"}],"items_purged_floors":[3,13,22],"is_endless":false,"potions_floor_spawned":[1,2,5,16,19,20,28,30,31],"killed_by":"Automaton","ascension_level":10}}