{"host":"u19jhb6amotr3ucl","time":1611533296,"event":{"mods":["Act Like it!","Astrologer","BaseMod","Better Match","BetterRewards","Conspire","Duelist Mod","Hubris","Infinite Spire","Jorbs\u0027s Wanderer Trilogy","Marisa????????","Minty Spire (QoL Compilation)","Quick Restart","Replay The Spire","Spicy Shops","StSLib","The Animator"],"gold_per_floor":[124,195,195,245,258,299,318,353,403,413,413],"floor_reached":10,"language":"ENG","playtime":566,"items_purged":[],"score":78,"play_id":"76f71376-d5cb-4e6d-a18d-fee62d44b2e9","local_time":"20210124190816","is_ascension_mode":true,"campfire_choices":[],"circlet_count":0,"master_deck":["Strike_MRS","Strike_MRS","Strike_MRS","Strike_MRS","Defend_MRS","Defend_MRS","Defend_MRS","Defend_MRS","MasterSpark","UpSweep","MeteoricShower","MysteriousBeam","PowerUp","WitchOfGreed","DragonMeteor","DoubleSpark","ReplayTheSpireMod:Splinters","Singularity","ShootingEcho","AbsoluteMagnitude+1","StarBarrage+1","AsteroidBelt"],"relics":["MiniHakkero","hubris:HerbalPaste","Molten Egg 2","Replay:Bandana"],"acts_visited":["Exordium"],"potions_floor_usage":[6,6,10,10],"damage_taken":[{"damage":7,"enemies":"Jaw Worm","floor":1,"turns":3},{"damage":9,"enemies":"conspire:RoseBush","floor":5,"turns":2},{"damage":18,"enemies":"Lagavulin","floor":6,"turns":5},{"damage":10,"enemies":"Small Slimes","floor":7,"turns":2},{"damage":34,"enemies":"conspire:2 RoseBushes","floor":8,"turns":4},{"damage":21,"enemies":"3 Sentries","floor":10,"turns":6}],"seed_played":"-4186940905740969335","potions_obtained":[{"floor":1,"key":"Reflective Coating"},{"floor":4,"key":"SmokeBomb"},{"floor":4,"key":"Ancient Potion"},{"floor":4,"key":"EssenceOfSteel"},{"floor":6,"key":"SteroidPotion"},{"floor":8,"key":"SkillPotion"},{"floor":8,"key":"Venom Potion"}],"is_trial":false,"path_per_floor":["M","?","?","?","M","E","M","M","T","E"],"character_chosen":"MARISA","items_purchased":["hubris:HerbalPaste","MeteoricShower","MysteriousBeam","PowerUp","WitchOfGreed"],"campfire_rested":0,"item_purchase_floors":[0,0,0,0,0],"current_hp_per_floor":[60,60,60,60,54,42,35,7,7,0,0],"gold":413,"neow_bonus":"","is_daily":false,"chose_seed":false,"campfire_upgraded":0,"win_rate":0.0,"timestamp":1611533296,"path_taken":["M","?","?","?","M","E","M","M","T","E"],"items_purchased_type":["Relic","Card","Card","Card","Card"],"build_version":"2020-12-22","purchased_purges":0,"victory":false,"max_hp_per_floor":[75,75,75,75,75,75,75,75,75,75,75],"card_choices":[{"not_picked":["WitchOfGreed","UnstableBomb"],"picked":"DoubleSpark","floor":1},{"not_picked":["AsteroidBelt","GravityBeat"],"picked":"Singularity","floor":4},{"not_picked":["Acceleration","AsteroidBelt"],"picked":"ShootingEcho","floor":5},{"not_picked":["DC+1","CollectingQuirk+1"],"picked":"AbsoluteMagnitude+1","floor":6},{"not_picked":["SprinkleStarSeal","MagicAbsorber"],"picked":"StarBarrage+1","floor":7},{"not_picked":["StarlightTyphoon","MilkyWay"],"picked":"AsteroidBelt","floor":8}],"player_experience":346746,"relics_obtained":[{"floor":6,"key":"Molten Egg 2"},{"floor":9,"key":"Replay:Bandana"}],"event_choices":[{"damage_healed":0,"gold_gain":71,"player_choice":"Gained Gold","damage_taken":0,"max_hp_gain":0,"max_hp_loss":0,"event_name":"Golden Wing","floor":2,"gold_loss":0},{"damage_healed":0,"gold_gain":0,"player_choice":"Leave","damage_taken":0,"max_hp_gain":0,"max_hp_loss":0,"event_name":"conspire:Investor","floor":3,"gold_loss":0}],"is_beta":false,"boss_relics":[],"items_purged_floors":[],"is_endless":false,"potions_floor_spawned":[8],"killed_by":"3 Sentries","ascension_level":3}}