{"host":"dhlnk6yox2l1s6up","time":1611548389,"event":{"mods":["BaseMod","Colored Map","Highlight Path","Minty Spire (QoL Compilation)","Relic Stats","StSLib"],"gold_per_floor":[119,89,108,127,15,42,42,2,2,13,13,13,42,52,52,151,151,166,196,196,3,3,3,38,58,81,95,95,95,95,195,195,316,316,360,407,407,629,629,629,684,684,684,720,750,750,762,842,842,872,872,872,27,62,62],"floor_reached":56,"language":"ENG","playtime":5384,"items_purged":["Strike_P","Pain"],"score":1616,"play_id":"533a11a6-7282-4d95-bd0c-fc4f7051f4c5","local_time":"20210124221949","is_ascension_mode":true,"campfire_choices":[{"data":"Eruption","floor":7.0,"key":"SMITH"},{"data":"TalkToTheHand","floor":11.0,"key":"SMITH"},{"data":"CrushJoints","floor":15.0,"key":"SMITH"},{"floor":23.0,"key":"REST"},{"floor":29.0,"key":"REST"},{"data":"Wallop","floor":32.0,"key":"SMITH"},{"floor":40.0,"key":"RECALL"},{"floor":42.0,"key":"REST"},{"floor":49.0,"key":"REST"},{"floor":52.0,"key":"REST"}],"circlet_count":0,"master_deck":["Defend_P+1","Defend_P","Defend_P+1","Eruption+1","Vigilance","Consecrate","Wireheading","FlyingSleeves","TalkToTheHand+1","Wallop+1","Nirvana","ThirdEye+1","CrushJoints+1","LessonLearned","ThirdEye+1","Scrawl","Wish+1","FollowUp","Study","Tantrum+1","Fasting2+1","CarveReality","Bite+1","Bite","Bite+1","Bite+1","Bite","Omniscience+1","CrushJoints","Purity","JustLucky","Consecrate+1","FearNoEvil","ClearTheMind","Panache","Finesse"],"relics":["VioletLotus","Letter Opener","Kunai","Sozu","Red Mask","WarpedTongs","Bronze Scales","Nunchaku","Gremlin Horn","Fusion Hammer","Regal Pillow","Centennial Puzzle","Yang","Torii","HandDrill","Bottled Lightning","Lizard Tail"],"acts_visited":["Exordium","TheCity","TheBeyond","TheEnding"],"potions_floor_usage":[],"damage_taken":[{"damage":5.0,"enemies":"2 Louse","floor":1.0,"turns":4.0},{"damage":0.0,"enemies":"Cultist","floor":3.0,"turns":2.0},{"damage":8.0,"enemies":"Small Slimes","floor":4.0,"turns":7.0},{"damage":5.0,"enemies":"Lagavulin","floor":6.0,"turns":7.0},{"damage":5.0,"enemies":"Looter","floor":10.0,"turns":3.0},{"damage":23.0,"enemies":"3 Sentries","floor":13.0,"turns":10.0},{"damage":0.0,"enemies":"Large Slime","floor":14.0,"turns":4.0},{"damage":7.0,"enemies":"Hexaghost","floor":16.0,"turns":7.0},{"damage":2.0,"enemies":"3 Byrds","floor":18.0,"turns":7.0},{"damage":48.0,"enemies":"Masked Bandits","floor":19.0,"turns":8.0},{"damage":34.0,"enemies":"Book of Stabbing","floor":24.0,"turns":7.0},{"damage":2.0,"enemies":"2 Thieves","floor":25.0,"turns":4.0},{"damage":1.0,"enemies":"Shelled Parasite and Fungi","floor":27.0,"turns":9.0},{"damage":18.0,"enemies":"Champ","floor":33.0,"turns":16.0},{"damage":6.0,"enemies":"3 Shapes","floor":35.0,"turns":8.0},{"damage":13.0,"enemies":"Orb Walker","floor":36.0,"turns":5.0},{"damage":15.0,"enemies":"Nemesis","floor":41.0,"turns":9.0},{"damage":8.0,"enemies":"4 Shapes","floor":44.0,"turns":5.0},{"damage":17.0,"enemies":"Giant Head","floor":45.0,"turns":6.0},{"damage":30.0,"enemies":"Sphere and 2 Shapes","floor":47.0,"turns":4.0},{"damage":1.0,"enemies":"Mind Bloom Boss Battle","floor":48.0,"turns":7.0},{"damage":68.0,"enemies":"Donu and Deca","floor":50.0,"turns":12.0},{"damage":27.0,"enemies":"Shield and Spear","floor":54.0,"turns":10.0},{"damage":53,"enemies":"The Heart","floor":55,"turns":9}],"seed_played":"-5016931482046311404","potions_obtained":[{"floor":1.0,"key":"Dexterity Potion"},{"floor":2.0,"key":"GamblersBrew"},{"floor":2.0,"key":"SteroidPotion"},{"floor":4.0,"key":"Swift Potion"},{"floor":13.0,"key":"EssenceOfSteel"}],"is_trial":false,"path_per_floor":["M","?","M","M","$","E","R","$","T","M","R","?","E","M","R","B",null,"M","?","?","$","?","R","E","M","T","M","?","R","T","?","R","B",null,"M","M","?","?","?","R","E","R","T","M","E","T","M","?","R","B",null,"R","$","E","B",null],"character_chosen":"WATCHER","items_purchased":["TalkToTheHand","Wallop","Nirvana","FollowUp","Study","FearNoEvil","ClearTheMind","Panache","Finesse","HandDrill","Bottled Lightning"],"campfire_rested":5,"item_purchase_floors":[5,5,8,21,21,53,53,53,53,53,53],"current_hp_per_floor":[60,60,60,52,52,47,47,47,47,42,42,42,19,21,21,16,58,58,12,12,12,12,33,1,1,1,2,2,23,23,23,23,48,66,66,61,61,61,61,61,59,72,72,72,70,70,50,58,72,27,61,72,72,68,35],"gold":62,"neow_bonus":"BOSS_RELIC","is_daily":false,"chose_seed":false,"campfire_upgraded":4,"win_rate":0.0,"timestamp":1611548389,"path_taken":["M","?","?","M","$","E","R","?","T","M","R","?","E","M","R","BOSS","M","?","?","$","?","R","E","M","T","?","?","R","?","?","R","BOSS","M","M","?","?","?","R","E","R","T","?","E","?","M","?","R","BOSS","R","$","E","BOSS"],"items_purchased_type":["Card","Card","Card","Card","Card","Card","Card","Card","Card","Relic","Relic"],"build_version":"2020-12-22","purchased_purges":2,"victory":true,"max_hp_per_floor":[72,72,72,72,72,72,72,72,72,72,72,72,72,72,72,72,72,72,72,72,72,72,72,72,72,72,72,72,72,72,72,72,72,72,72,72,72,72,72,72,72,72,72,72,72,72,72,72,72,72,72,72,72,72,72],"relic_stats":{"Regal Pillow":0,"Gremlin Horn":[8,9],"Torii":20,"counters":[24,170],"Yang":[126],"Letter Opener":[158],"WarpedTongs":[110],"Sozu":6,"Nunchaku":[25],"Centennial Puzzle":[15],"Lizard Tail":0,"Bronze Scales":[319],"VioletLotus":[14],"HandDrill":[10],"Kunai":[68],"obtain_stats":[{"Regal Pillow":41,"Gremlin Horn":30,"Torii":48,"Yang":46,"Letter Opener":6,"WarpedTongs":22,"Blood Vial":13,"Sozu":17,"Nunchaku":26,"Centennial Puzzle":45,"Lizard Tail":54,"Bronze Scales":24,"VioletLotus":0,"Fusion Hammer":34,"Red Mask":19,"HandDrill":53,"Kunai":9,"Bottled Lightning":53,"PureWater":0},{"Regal Pillow":17,"Gremlin Horn":13,"Torii":21,"Yang":19,"Letter Opener":4,"WarpedTongs":10,"Blood Vial":6,"Sozu":8,"Nunchaku":12,"Centennial Puzzle":19,"Lizard Tail":23,"Bronze Scales":11,"VioletLotus":0,"Fusion Hammer":14,"Red Mask":10,"HandDrill":22,"Kunai":4,"Bottled Lightning":22,"PureWater":0},{"Regal Pillow":117,"Gremlin Horn":79,"Torii":139,"Yang":128,"Letter Opener":20,"WarpedTongs":59,"Blood Vial":33,"Sozu":44,"Nunchaku":70,"Centennial Puzzle":128,"Lizard Tail":161,"Bronze Scales":66,"VioletLotus":0,"Fusion Hammer":95,"Red Mask":59,"HandDrill":151,"Kunai":20,"Bottled Lightning":151,"PureWater":0}]},"card_choices":[{"not_picked":["SignatureMove","Halt"],"picked":"Consecrate","floor":1.0},{"not_picked":["LikeWater","WreathOfFlame"],"picked":"Wireheading","floor":3.0},{"not_picked":["PathToVictory","ThirdEye"],"picked":"FlyingSleeves","floor":4.0},{"not_picked":["Collect","PathToVictory","Conclude"],"picked":"SKIP","floor":6.0},{"not_picked":["Prostrate","Wallop"],"picked":"ThirdEye","floor":10.0},{"not_picked":["Conclude","Crescendo"],"picked":"CrushJoints","floor":13.0},{"not_picked":["PathToVictory","Conclude","CrushJoints"],"picked":"SKIP","floor":14.0},{"not_picked":["Brilliance","ConjureBlade"],"picked":"LessonLearned","floor":16.0},{"not_picked":["WheelKick+1","ClearTheMind"],"picked":"ThirdEye","floor":18.0},{"not_picked":["EmptyBody","FlyingSleeves"],"picked":"Tantrum","floor":24.0},{"not_picked":["BattleHymn","BowlingBash"],"picked":"Fasting2","floor":25.0},{"not_picked":["Protect","Swivel"],"picked":"CarveReality","floor":27.0},{"not_picked":["LessonLearned","Alpha"],"picked":"Omniscience","floor":33.0},{"not_picked":["Evaluate","Study","Prostrate+1"],"picked":"SKIP","floor":35.0},{"not_picked":["FlyingSleeves+1","ThirdEye"],"picked":"CrushJoints","floor":36.0},{"not_picked":["Madness","Secret Weapon"],"picked":"Purity","floor":37.0},{"not_picked":["InnerPeace+1","WindmillStrike+1"],"picked":"JustLucky","floor":41.0},{"not_picked":["FlurryOfBlows","FlyingSleeves"],"picked":"Consecrate+1","floor":44.0},{"not_picked":["BattleHymn+1","Conclude+1","Fasting2+1"],"picked":"SKIP","floor":45.0},{"not_picked":["Crescendo+1","FlurryOfBlows","PathToVictory"],"picked":"SKIP","floor":47.0},{"not_picked":["Indignation+1","BowlingBash","PathToVictory+1"],"picked":"SKIP","floor":54.0}],"player_experience":5969497,"relics_obtained":[{"floor":6.0,"key":"Letter Opener"},{"floor":9.0,"key":"Kunai"},{"floor":13.0,"key":"Blood Vial"},{"floor":19.0,"key":"Red Mask"},{"floor":24.0,"key":"Bronze Scales"},{"floor":26.0,"key":"Nunchaku"},{"floor":30.0,"key":"Gremlin Horn"},{"floor":41.0,"key":"Regal Pillow"},{"floor":45.0,"key":"Centennial Puzzle"},{"floor":46.0,"key":"Yang"},{"floor":48.0,"key":"Torii"},{"floor":54.0,"key":"Lizard Tail"}],"event_choices":[{"damage_healed":0.0,"max_hp_gain":0.0,"max_hp_loss":0.0,"gold_gain":0.0,"event_name":"The Woman in Blue","player_choice":"Bought 2 Potions","floor":2.0,"gold_loss":0.0,"damage_taken":0.0},{"damage_healed":0.0,"max_hp_gain":0.0,"max_hp_loss":0.0,"gold_gain":0.0,"event_name":"Liars Game","player_choice":"Ignored","floor":12.0,"gold_loss":0.0,"damage_taken":0.0},{"damage_healed":0.0,"max_hp_gain":0.0,"max_hp_loss":0.0,"gold_gain":0.0,"event_name":"Masked Bandits","player_choice":"Fought Bandits","floor":19.0,"gold_loss":0.0,"damage_taken":0.0},{"damage_healed":0.0,"max_hp_gain":0.0,"max_hp_loss":0.0,"gold_gain":0.0,"cards_transformed":["Strike_P","Defend_P"],"event_name":"Drug Dealer","player_choice":"Became Test Subject","floor":20.0,"gold_loss":0.0,"damage_taken":0.0,"cards_obtained":["Scrawl","Wish"]},{"damage_healed":0.0,"max_hp_gain":0.0,"max_hp_loss":0.0,"gold_gain":0.0,"event_name":"Accursed Blacksmith","player_choice":"Rummage","floor":22.0,"gold_loss":0.0,"damage_taken":0.0,"relics_obtained":["WarpedTongs"],"cards_obtained":["Pain"]},{"damage_healed":0.0,"max_hp_gain":0.0,"max_hp_loss":0.0,"gold_gain":0.0,"event_name":"Vampires","player_choice":"Became a vampire (Vial)","floor":28.0,"relics_lost":["Blood Vial"],"gold_loss":0.0,"damage_taken":0.0,"cards_obtained":["Bite","Bite","Bite","Bite","Bite"]},{"damage_healed":0.0,"max_hp_gain":0.0,"max_hp_loss":0.0,"gold_gain":100.0,"event_name":"Golden Shrine","player_choice":"Pray","floor":31.0,"gold_loss":0.0,"damage_taken":0.0},{"damage_healed":0.0,"max_hp_gain":0.0,"max_hp_loss":0.0,"gold_gain":0.0,"event_name":"SensoryStone","player_choice":"Memory 1","floor":37.0,"gold_loss":0.0,"damage_taken":0.0},{"damage_healed":0.0,"max_hp_gain":0.0,"max_hp_loss":0.0,"gold_gain":222.0,"event_name":"Tomb of Lord Red Mask","player_choice":"Wore Mask","floor":38.0,"gold_loss":0.0,"damage_taken":0.0},{"damage_healed":0.0,"max_hp_gain":0.0,"max_hp_loss":0.0,"gold_gain":0.0,"event_name":"SecretPortal","player_choice":"Ignored","floor":39.0,"gold_loss":0.0,"damage_taken":0.0},{"damage_healed":0.0,"max_hp_gain":0.0,"max_hp_loss":0.0,"gold_gain":0.0,"event_name":"MindBloom","player_choice":"Fight","floor":48.0,"gold_loss":0.0,"damage_taken":0.0}],"is_beta":false,"boss_relics":[{"not_picked":["Busted Crown","Ectoplasm"],"picked":"Sozu"},{"not_picked":["Astrolabe","Empty Cage"],"picked":"Fusion Hammer"}],"items_purged_floors":[21,53],"is_endless":false,"potions_floor_spawned":[1,4,13,14,16,24,27,44,47,48,54],"ascension_level":8}}