{"host":"yfdtuf6ojcxn06xg","time":1611559495,"event":{"mods":["2.2 Compatiblity","AchievementEnabler","BaseMod","Colored Map","Colored Powertips","Curses Come First","Hermit","JesterMod","Jorbs\u0027s Wanderer Trilogy","Minty Spire (QoL Compilation)","Quick Restart","Rare Cards Sparkle","Relic Stats","Replay The Spire","StSLib","The Cursed","The Disciple","The Hierophant","The Jungle","The Marked","The Necromancer","The Servant 0.9.4"],"gold_per_floor":[113,113,113,113,129,129,163,163,163,203,203,216,216,254,254,374,437,503,547,21,42,65,65,65,105,128,128,182,216,216,254,254,383,383,408,426,449,117,117,117,117],"floor_reached":40,"language":"ENG","playtime":1886,"items_purged":["Strike_R","Strike_R"],"score":529,"play_id":"a437e655-e73e-4783-9506-48be0761197e","local_time":"20210125022455","is_ascension_mode":true,"campfire_choices":[{"data":"Panacea","floor":6,"key":"SMITH"},{"floor":8,"key":"REST"},{"data":"Fire Breathing","floor":13,"key":"SMITH"},{"floor":15,"key":"REST"},{"floor":23,"key":"REST"},{"floor":27,"key":"REST"},{"floor":30,"key":"REST"},{"floor":32,"key":"REST"}],"circlet_count":0,"master_deck":["Strike_R","Strike_R+1","Strike_R+1","Defend_R","Defend_R+1","Defend_R+1","Defend_R","Panacea+1","Twin Strike","Survivor+1","Neutralize+1","Intimidate","Inflame+1","Fire Breathing+1","Bloodletting","Bludgeon+1","Dual Wield","Flame Barrier+1","Sword Boomerang+1","Flex","Berserk","Enlightenment","Shockwave+1","Replay:Undeath\u0027s Touch","Spot Weakness","Replay:Undeath\u0027s Touch+1","Shrug It Off+1","Barricade","Carnage+1","Evolve","ReplayTheSpireMod:Muscle Training"],"relics":["Burning Blood","Golden Idol","Tiny Chest","Omamori","Divine Protection","Simple Rune","Tiny House","Red Mask","Whetstone","Replay:Bottled Steam","Centennial Puzzle","Bag of Marbles","ReplayTheSpireMod:Shallot","Pear","Electric Blood","Strawberry"],"acts_visited":["Exordium","TheCity","TheBeyond"],"potions_floor_usage":[7,16,18,18,25,29,33,37],"damage_taken":[{"damage":11,"enemies":"Jaw Worm","floor":1,"turns":4},{"damage":0,"enemies":"2 Louse","floor":5,"turns":2},{"damage":23,"enemies":"3 Sentries","floor":7,"turns":9},{"damage":18,"enemies":"Lagavulin","floor":10,"turns":8},{"damage":0,"enemies":"Small Slimes","floor":12,"turns":3},{"damage":7,"enemies":"3 Sentries","floor":14,"turns":5},{"damage":27,"enemies":"The Guardian","floor":16,"turns":13},{"damage":18,"enemies":"Shell Parasite","floor":18,"turns":5},{"damage":37,"enemies":"Masked Bandits","floor":19,"turns":6},{"damage":10,"enemies":"Chosen","floor":21,"turns":5},{"damage":21,"enemies":"Snake Plant","floor":22,"turns":4},{"damage":22,"enemies":"Book of Stabbing","floor":25,"turns":5},{"damage":37,"enemies":"Slavers","floor":29,"turns":5},{"damage":20,"enemies":"Book of Stabbing","floor":31,"turns":5},{"damage":48,"enemies":"Champ","floor":33,"turns":11},{"damage":0,"enemies":"Orb Walker","floor":35,"turns":4},{"damage":29,"enemies":"3 Shapes","floor":36,"turns":4},{"damage":11,"enemies":"Sphere and 2 Shapes","floor":37,"turns":3},{"damage":78,"enemies":"Reptomancer","floor":40,"turns":4}],"seed_played":"1208607078172424722","potions_obtained":[{"floor":1,"key":"Reflective Coating"},{"floor":10,"key":"Toxic Potion"},{"floor":16,"key":"Adrenaline Potion"},{"floor":17,"key":"TwistedElixir"},{"floor":18,"key":"DuplicationPotion"},{"floor":21,"key":"Weak Potion"},{"floor":22,"key":"Strength Potion"},{"floor":36,"key":"LiquidMemories"}],"is_trial":false,"path_per_floor":["M","?","?","?","M","R","E","R","T","E","?","M","R","E","R","B",null,"M","?","$","M","M","R","?","E","T","R","T","E","R","E","R","B",null,"M","M","M","$","?","E"],"character_chosen":"IRONCLAD","items_purchased":["Flex","Berserk","Enlightenment","Whetstone","ReplayTheSpireMod:Muscle Training","Strawberry"],"campfire_rested":6,"item_purchase_floors":[20,20,20,20,38,38],"current_hp_per_floor":[75,75,74,74,74,74,57,74,74,62,62,68,68,67,74,53,79,67,36,36,32,17,40,40,24,24,47,47,16,39,35,61,19,89,89,66,61,68,68,0,0],"gold":117,"neow_bonus":"RANDOM_COLORLESS","is_daily":false,"chose_seed":false,"campfire_upgraded":2,"win_rate":0.0,"timestamp":1611559495,"path_taken":["M","?","?","?","?","R","E","R","T","E","?","M","R","E","R","BOSS","M","?","$","M","M","R","?","E","T","R","?","E","R","E","R","BOSS","M","M","M","$","?","E"],"items_purchased_type":["Card","Card","Card","Relic","Card","Relic"],"build_version":"2020-12-22","purchased_purges":2,"victory":false,"max_hp_per_floor":[80,80,74,74,74,74,74,74,74,74,74,74,74,74,74,74,79,79,79,79,79,79,79,79,79,79,79,79,79,79,89,89,89,89,89,89,89,96,96,96,96],"relic_stats":{"Centennial Puzzle":[18],"counters":[19,105],"Golden Idol":169,"Tiny Chest":1,"Whetstone":["Bludgeon","Strike_R"],"obtain_stats":[{"Divine Protection":10,"Tiny House":17,"Pear":31,"Golden Idol":3,"Omamori":9,"Whetstone":20,"Burning Blood":0,"Centennial Puzzle":26,"ReplayTheSpireMod:Shallot":29,"Strawberry":38,"Tiny Chest":7,"Simple Rune":14,"Red Mask":19,"Bag of Marbles":28,"Electric Blood":34,"Replay:Bottled Steam":25},{"Divine Protection":4,"Tiny House":7,"Pear":14,"Golden Idol":1,"Omamori":3,"Whetstone":9,"Burning Blood":0,"Centennial Puzzle":12,"ReplayTheSpireMod:Shallot":13,"Strawberry":18,"Tiny Chest":3,"Simple Rune":6,"Red Mask":9,"Bag of Marbles":12,"Electric Blood":15,"Replay:Bottled Steam":12},{"Divine Protection":23,"Tiny House":44,"Pear":79,"Golden Idol":4,"Omamori":15,"Whetstone":55,"Burning Blood":0,"Centennial Puzzle":69,"ReplayTheSpireMod:Shallot":74,"Strawberry":101,"Tiny Chest":15,"Simple Rune":31,"Red Mask":55,"Bag of Marbles":69,"Electric Blood":90,"Replay:Bottled Steam":69}],"Burning Blood":96},"card_choices":[{"not_picked":["ReplayTheSpireMod:Private Reserves","Mind Blast"],"picked":"Panacea","floor":0},{"not_picked":["ReplayTheSpireMod:Strike From Hell","Iron Wave"],"picked":"Twin Strike","floor":1},{"not_picked":["Uppercut","Wild Strike","Defy Death"],"picked":"SKIP","floor":5},{"not_picked":["Twin Strike","Clothesline"],"picked":"Intimidate","floor":7},{"not_picked":["Havoc","Replay:Many Hands"],"picked":"Inflame","floor":10},{"not_picked":["Pommel Strike","Replay:Undeath\u0027s Touch"],"picked":"Fire Breathing","floor":12},{"not_picked":["Armaments","Clash"],"picked":"Bloodletting","floor":14},{"not_picked":["Fiend Fire","Brutality"],"picked":"Bludgeon","floor":16},{"not_picked":["Havoc","Perfected Strike"],"picked":"Dual Wield","floor":17},{"not_picked":["Havoc","Defy Death+1"],"picked":"Flame Barrier+1","floor":18},{"not_picked":["Anger","True Grit+1"],"picked":"Sword Boomerang+1","floor":19},{"not_picked":["Perfected Strike+1","ReplayTheSpireMod:LeadingStrike"],"picked":"Shockwave+1","floor":21},{"not_picked":["Anger","True Grit"],"picked":"Replay:Undeath\u0027s Touch","floor":22},{"not_picked":["Headbutt","Body Slam"],"picked":"Spot Weakness","floor":25},{"not_picked":["Perfected Strike+1","Sword Boomerang"],"picked":"Replay:Undeath\u0027s Touch+1","floor":29},{"not_picked":["Abandon","Twin Strike"],"picked":"Shrug It Off+1","floor":31},{"not_picked":["Brutality","Impervious"],"picked":"Barricade","floor":33},{"not_picked":["Infernal Blade","Armaments"],"picked":"Carnage+1","floor":35},{"not_picked":["Clash+1","Twin Strike+1"],"picked":"Evolve","floor":36},{"not_picked":["Clothesline+1","Rampage+1","Twin Strike"],"picked":"SKIP","floor":37}],"player_experience":226505,"relics_obtained":[{"floor":7,"key":"Tiny Chest"},{"floor":9,"key":"Omamori"},{"floor":10,"key":"Divine Protection"},{"floor":14,"key":"Simple Rune"},{"floor":19,"key":"Red Mask"},{"floor":25,"key":"Replay:Bottled Steam"},{"floor":26,"key":"Centennial Puzzle"},{"floor":28,"key":"Bag of Marbles"},{"floor":29,"key":"ReplayTheSpireMod:Shallot"},{"floor":31,"key":"Pear"}],"event_choices":[{"damage_healed":0,"gold_gain":0,"player_choice":"Lose Max HP","damage_taken":0,"relics_obtained":["Golden Idol"],"max_hp_gain":0,"max_hp_loss":6,"event_name":"Golden Idol","floor":3,"gold_loss":0},{"damage_healed":0,"gold_gain":0,"player_choice":"Grow","damage_taken":0,"max_hp_gain":0,"max_hp_loss":0,"event_name":"Living Wall","floor":11,"gold_loss":0,"cards_upgraded":["Inflame"]},{"damage_healed":0,"gold_gain":0,"player_choice":"Fought Bandits","damage_taken":0,"max_hp_gain":0,"max_hp_loss":0,"event_name":"Masked Bandits","floor":19,"gold_loss":0},{"damage_healed":0,"gold_gain":0,"player_choice":"Ignored","damage_taken":0,"max_hp_gain":0,"max_hp_loss":0,"event_name":"SecretPortal","floor":39,"gold_loss":0}],"is_beta":false,"boss_relics":[{"not_picked":["Pandora\u0027s Box","Busted Crown"],"picked":"Tiny House"},{"not_picked":["Coffee Dripper","Abe\u0027s Treasure"],"picked":"Electric Blood"}],"items_purged_floors":[20,38],"is_endless":false,"potions_floor_spawned":[1,10,16,21,22,36],"killed_by":"Reptomancer","ascension_level":2}}