{"host":"9v3x998ddbx8o276","time":1611611274,"event":{"mods":["AchievementEnabler","BaseMod","Colored Map","Colored Powertips","Highlight Path","Minty Spire (QoL Compilation)","Quick Restart","Rare Cards Sparkle"],"gold_per_floor":[114,126,139,139,6,6,41,41,41,41,66,66,79,98,98,175,225,241,241,27,47,8,8,28,56,79,90,90,118,118,0,0,0,0],"floor_reached":33,"language":"ENG","playtime":2563,"items_purged":["Regret"],"score":586,"play_id":"1ea56263-75a7-4f47-8927-77d1dc8b0303","local_time":"20210126081754","is_ascension_mode":true,"campfire_choices":[{"floor":6.0,"key":"REST"},{"floor":10.0,"key":"REST"},{"data":"Crippling Poison","floor":12.0,"key":"SMITH"},{"floor":15.0,"key":"REST"},{"floor":23.0,"key":"REST"},{"floor":28.0,"key":"REST"},{"floor":32,"key":"REST"}],"circlet_count":0,"master_deck":["AscendersBane","Strike_G","Strike_G","Strike_G","Strike_G","Strike_G","Defend_G","Defend_G","Defend_G","Defend_G","Defend_G+1","Survivor","Neutralize","Adrenaline+1","Crippling Poison+1","Blade Dance","Crippling Poison","Dagger Throw","Noxious Fumes+1","Finisher","Wraith Form v2+1","Riddle With Holes","Dagger Spray","Deep Breath","Backflip","Noxious Fumes+1","Backflip","Masterful Stab","Calculated Gamble","Decay"],"relics":["Ring of the Snake","Frozen Egg 2","Regal Pillow","Centennial Puzzle","Tiny House","Lee\u0027s Waffle","Smiling Mask","Bag of Preparation","Shuriken"],"acts_visited":["Exordium","TheCity"],"potions_floor_usage":[],"damage_taken":[{"damage":16.0,"enemies":"Jaw Worm","floor":1.0,"turns":7.0},{"damage":3.0,"enemies":"Small Slimes","floor":2.0,"turns":4.0},{"damage":4.0,"enemies":"Cultist","floor":3.0,"turns":4.0},{"damage":24.0,"enemies":"Gremlin Nob","floor":7.0,"turns":4.0},{"damage":12.0,"enemies":"Lagavulin","floor":11.0,"turns":7.0},{"damage":4.0,"enemies":"Blue Slaver","floor":13.0,"turns":3.0},{"damage":11.0,"enemies":"Large Slime","floor":14.0,"turns":6.0},{"damage":49.0,"enemies":"Slime Boss","floor":16.0,"turns":9.0},{"damage":15.0,"enemies":"Shell Parasite","floor":18.0,"turns":5.0},{"damage":31.0,"enemies":"Chosen","floor":21.0,"turns":6.0},{"damage":18.0,"enemies":"Sentry and Sphere","floor":24.0,"turns":6.0},{"damage":19.0,"enemies":"Gremlin Leader","floor":25.0,"turns":5.0},{"damage":32.0,"enemies":"Snake Plant","floor":27.0,"turns":7.0},{"damage":24.0,"enemies":"Slavers","floor":29.0,"turns":4.0},{"damage":70,"enemies":"Collector","floor":33,"turns":7}],"seed_played":"5891003047458320981","potions_obtained":[{"floor":1.0,"key":"DistilledChaos"},{"floor":3.0,"key":"SteroidPotion"},{"floor":11.0,"key":"SkillPotion"},{"floor":13.0,"key":"Weak Potion"},{"floor":17.0,"key":"BlessingOfTheForge"},{"floor":25.0,"key":"LiquidMemories"}],"is_trial":false,"path_per_floor":["M","M","M","?","$","R","E","?","T","R","E","R","M","M","R","B",null,"M","?","$","M","$","R","M","E","T","M","R","E","?","?","R","B"],"character_chosen":"THE_SILENT","items_purchased":["Dagger Throw","Lee\u0027s Waffle","Fire Potion","Noxious Fumes+1"],"campfire_rested":6,"item_purchase_floors":[5,20,20,22],"current_hp_per_floor":[43,40,36,36,36,55,31,31,31,65,53,53,49,38,66,17,59,44,32,78,47,47,78,60,41,41,9,47,23,23,23,61,0,0],"gold":0,"neow_bonus":"THREE_RARE_CARDS","is_daily":false,"chose_seed":false,"campfire_upgraded":1,"win_rate":0.0,"timestamp":1611611274,"path_taken":["M","M","M","?","$","R","E","?","T","R","E","R","M","M","R","BOSS","M","?","$","?","$","R","M","E","T","M","R","E","?","?","R","BOSS"],"items_purchased_type":["Card","Relic","Potion","Card"],"build_version":"2020-12-22","purchased_purges":1,"victory":false,"max_hp_per_floor":[66,66,66,66,66,66,66,66,66,66,66,66,66,66,66,66,71,71,71,78,78,78,78,78,78,78,78,78,78,78,78,78,78,78],"card_choices":[{"not_picked":["Venomology","Grand Finale"],"picked":"Adrenaline","floor":0.0},{"not_picked":["Underhanded Strike","Flying Knee"],"picked":"Crippling Poison","floor":1.0},{"not_picked":["Eviscerate","Calculated Gamble"],"picked":"Blade Dance","floor":2.0},{"not_picked":["Slice","Escape Plan"],"picked":"Crippling Poison","floor":3.0},{"not_picked":["Flechettes","Leg Sweep"],"picked":"Noxious Fumes+1","floor":7.0},{"not_picked":["Flying Knee","Expertise","Eviscerate"],"picked":"SKIP","floor":11.0},{"not_picked":["Terror","Flying Knee","Sucker Punch"],"picked":"SKIP","floor":13.0},{"not_picked":["Slice","Deflect"],"picked":"Finisher","floor":14.0},{"not_picked":["Malaise","Grand Finale"],"picked":"Wraith Form v2+1","floor":16.0},{"not_picked":["Outmaneuver","Dodge and Roll"],"picked":"Riddle With Holes","floor":17.0},{"not_picked":["Infinite Blades+1","Escape Plan"],"picked":"Dagger Spray","floor":18.0},{"not_picked":["Poisoned Stab","Skewer"],"picked":"Backflip","floor":21.0},{"not_picked":["Caltrops+1","All Out Attack","Terror"],"picked":"SKIP","floor":24.0},{"not_picked":["Grand Finale","Flechettes"],"picked":"Backflip","floor":25.0},{"not_picked":["Deadly Poison","Poisoned Stab"],"picked":"Masterful Stab","floor":27.0},{"not_picked":["Outmaneuver","Dagger Spray+1"],"picked":"Calculated Gamble","floor":29.0}],"player_experience":1706872,"relics_obtained":[{"floor":7.0,"key":"Frozen Egg 2"},{"floor":9.0,"key":"Regal Pillow"},{"floor":11.0,"key":"Centennial Puzzle"},{"floor":25.0,"key":"Smiling Mask"},{"floor":26.0,"key":"Bag of Preparation"},{"floor":29.0,"key":"Shuriken"}],"event_choices":[{"damage_healed":0.0,"max_hp_gain":0.0,"max_hp_loss":0.0,"gold_gain":0.0,"event_name":"Golden Wing","player_choice":"Ignored","floor":4.0,"gold_loss":0.0,"damage_taken":0.0},{"damage_healed":0.0,"max_hp_gain":0.0,"max_hp_loss":0.0,"gold_gain":0.0,"event_name":"Living Wall","player_choice":"Grow","floor":8.0,"gold_loss":0.0,"damage_taken":0.0,"cards_upgraded":["Adrenaline"]},{"damage_healed":0.0,"max_hp_gain":0.0,"max_hp_loss":0.0,"gold_gain":0.0,"event_name":"Knowing Skull","player_choice":"CARD ","floor":19.0,"potions_obtained":[],"gold_loss":0.0,"damage_taken":12.0,"cards_obtained":["Deep Breath"]},{"damage_healed":0.0,"max_hp_gain":0.0,"max_hp_loss":0.0,"gold_gain":0.0,"event_name":"Forgotten Altar","player_choice":"Smashed Altar","floor":30.0,"gold_loss":0.0,"damage_taken":0.0,"cards_obtained":["Decay"]},{"damage_healed":0,"gold_gain":0,"player_choice":"Paid Fearfully","damage_taken":0,"max_hp_gain":0,"max_hp_loss":0,"event_name":"Masked Bandits","floor":31,"gold_loss":118}],"is_beta":false,"boss_relics":[{"not_picked":["Ring of the Serpent","Runic Dome"],"picked":"Tiny House"}],"items_purged_floors":[5],"is_endless":false,"potions_floor_spawned":[1,3,11,13,21,25,27],"killed_by":"Collector","ascension_level":20}}