{"host":"78zdngn0u28jm0pp","time":1611547258,"event":{"mods":["BaseMod","Jorbs\u0027s Wanderer Trilogy","Minty Spire (QoL Compilation)","Permanent Neow","Quick Restart","Relic Stats","StSLib","Unceasing Turn Reminder"],"gold_per_floor":[317,317,19,19,94,124,124,124,124,135,190,190,204,204,204,293,293,318,337,612,635,65,65,101,101,101,101,135,155,174,3,3,3,3],"floor_reached":33,"language":"ENG","playtime":1302,"items_purged":["Regret","Regret"],"score":641,"play_id":"ac7d69a3-16e3-4502-b30a-e7d5a8cde296","local_time":"20210124210058","is_ascension_mode":true,"campfire_choices":[{"floor":8.0,"key":"REST"},{"data":"Choke","floor":15.0,"key":"SMITH"},{"floor":23.0,"key":"REST"},{"floor":25.0,"key":"REST"},{"data":"Glass Knife","floor":27.0,"key":"SMITH"},{"floor":32,"key":"REST"}],"circlet_count":0,"master_deck":["AscendersBane","Strike_G","Strike_G","Strike_G","Defend_G","Defend_G","Defend_G","Defend_G","Defend_G","Survivor","Neutralize","Terror+1","Flying Knee+1","Glass Knife+1","Dash","Choke+1","Leg Sweep","Endless Agony","Slice","Corpse Explosion","Cloak And Dagger","Calculated Gamble","Flechettes","Acrobatics+1","Well Laid Plans","Prepared+1","Backflip+1","Calculated Gamble+1","Adrenaline+1","PiercingWail+1","Cloak And Dagger+1"],"relics":["Ring of the Snake","Old Coin","StoneCalendar","Toolbox","Prayer Wheel","Golden Idol","HoveringKite","Toxic Egg 2","Oddly Smooth Stone","Bag of Marbles","Bottled Tornado","Membership Card"],"acts_visited":["Exordium","TheCity"],"potions_floor_usage":[29,33],"damage_taken":[{"damage":0.0,"enemies":"Small Slimes","floor":1.0,"turns":5.0},{"damage":19.0,"enemies":"Lagavulin","floor":6.0,"turns":7.0},{"damage":1.0,"enemies":"Jaw Worm","floor":10.0,"turns":2.0},{"damage":0.0,"enemies":"2 Louse","floor":11.0,"turns":5.0},{"damage":2.0,"enemies":"2 Fungi Beasts","floor":13.0,"turns":3.0},{"damage":4.0,"enemies":"The Guardian","floor":16.0,"turns":8.0},{"damage":16.0,"enemies":"Shell Parasite","floor":18.0,"turns":4.0},{"damage":1.0,"enemies":"Chosen","floor":19.0,"turns":4.0},{"damage":7.0,"enemies":"Centurion and Healer","floor":21.0,"turns":5.0},{"damage":14.0,"enemies":"Slavers","floor":24.0,"turns":3.0},{"damage":24.0,"enemies":"Book of Stabbing","floor":28.0,"turns":5.0},{"damage":12,"enemies":"Shelled Parasite and Fungi","floor":29,"turns":3},{"damage":0,"enemies":"Chosen and Byrds","floor":30,"turns":2},{"damage":49,"enemies":"Collector","floor":33,"turns":6}],"seed_played":"3098496504041948382","potions_obtained":[{"floor":11.0,"key":"SkillPotion"},{"floor":13.0,"key":"FearPotion"},{"floor":16.0,"key":"Swift Potion"},{"floor":18.0,"key":"SkillPotion"},{"floor":24.0,"key":"BlessingOfTheForge"},{"floor":28.0,"key":"AttackPotion"},{"floor":29,"key":"LiquidBronze"}],"is_trial":false,"path_per_floor":["M","?","$","?","?","E","?","R","T","M","M","?","M","?","R","B",null,"M","M","?","M","$","R","E","R","T","R","E","M","M","$","R","B"],"character_chosen":"THE_SILENT","items_purchased":["Toolbox","Flying Knee","Toxic Egg 2","Acrobatics+1","Well Laid Plans","ColorlessPotion","Membership Card"],"campfire_rested":4,"item_purchase_floors":[3,3,22,22,22,22,31],"current_hp_per_floor":[59,59,59,39,28,9,9,28,28,27,27,20,18,18,18,14,49,33,32,32,25,25,43,29,47,47,47,23,11,11,11,29,0,0],"gold":3,"neow_bonus":"ONE_RARE_RELIC","is_daily":false,"chose_seed":false,"campfire_upgraded":2,"win_rate":0.0,"timestamp":1611547258,"path_taken":["M","?","$","?","?","E","?","R","T","?","M","?","M","?","R","BOSS","M","M","?","M","$","R","E","R","T","R","E","M","M","?","R","BOSS"],"items_purchased_type":["Relic","Card","Relic","Card","Card","Potion","Relic"],"build_version":"2020-12-22","purchased_purges":2,"victory":false,"max_hp_per_floor":[66,66,66,66,66,66,66,66,66,66,66,66,66,60,60,60,60,60,60,60,60,60,60,60,60,60,60,60,60,60,60,60,60,60],"relic_stats":{"counters":[14,62],"Golden Idol":54,"HoveringKite":[15],"StoneCalendar":[55],"Prayer Wheel":8,"obtain_stats":[{"Golden Idol":14,"Toolbox":3,"HoveringKite":17,"Oddly Smooth Stone":24,"StoneCalendar":2,"Prayer Wheel":6,"Bag of Marbles":26,"Membership Card":31,"Toxic Egg 2":22,"Bottled Tornado":28,"Ring of the Snake":0,"Old Coin":0},{"Golden Idol":5,"Toolbox":1,"HoveringKite":6,"Oddly Smooth Stone":10,"StoneCalendar":1,"Prayer Wheel":2,"Bag of Marbles":10,"Membership Card":13,"Toxic Egg 2":9,"Bottled Tornado":11,"Ring of the Snake":0,"Old Coin":0},{"Golden Idol":22,"Toolbox":5,"HoveringKite":30,"Oddly Smooth Stone":46,"StoneCalendar":5,"Prayer Wheel":12,"Bag of Marbles":46,"Membership Card":56,"Toxic Egg 2":43,"Bottled Tornado":51,"Ring of the Snake":0,"Old Coin":0}],"Ring of the Snake":[29]},"card_choices":[{"not_picked":["Sucker Punch","Cloak And Dagger"],"picked":"Terror","floor":1.0},{"not_picked":["Dagger Throw","Acrobatics"],"picked":"Glass Knife","floor":6.0},{"not_picked":["Cloak And Dagger","Catalyst"],"picked":"Dash","floor":10.0},{"not_picked":["Expertise","Deflect"],"picked":"Choke","floor":10.0},{"not_picked":["Quick Slash","Cloak And Dagger"],"picked":"Leg Sweep","floor":11.0},{"not_picked":["Underhanded Strike","Dash","Dodge and Roll"],"picked":"SKIP","floor":11.0},{"not_picked":["Outmaneuver","Blur"],"picked":"Endless Agony","floor":13.0},{"not_picked":["Dodge and Roll","Tactician"],"picked":"Slice","floor":13.0},{"not_picked":["Adrenaline","Storm of Steel"],"picked":"Corpse Explosion","floor":16.0},{"not_picked":["Underhanded Strike","Backflip"],"picked":"Cloak And Dagger","floor":18.0},{"not_picked":["Sucker Punch+1","Outmaneuver","Dodge and Roll"],"picked":"SKIP","floor":18.0},{"not_picked":["Quick Slash","Acrobatics"],"picked":"Calculated Gamble","floor":19.0},{"not_picked":["Deadly Poison","Dodge and Roll","Flying Knee"],"picked":"SKIP","floor":19.0},{"not_picked":["Bane","Masterful Stab"],"picked":"Flechettes","floor":21.0},{"not_picked":["Bane","Sucker Punch","Crippling Poison"],"picked":"SKIP","floor":21.0},{"not_picked":["PiercingWail+1","Dash"],"picked":"Prepared+1","floor":24.0},{"not_picked":["Outmaneuver+1","Infinite Blades+1"],"picked":"Backflip+1","floor":28.0},{"not_picked":["Dodge and Roll+1","Choke"],"picked":"Calculated Gamble+1","floor":29},{"not_picked":["Accuracy","Dagger Throw"],"picked":"Adrenaline+1","floor":29},{"not_picked":["Outmaneuver+1","Dagger Spray"],"picked":"PiercingWail+1","floor":30},{"not_picked":["Setup+1","Quick Slash"],"picked":"Cloak And Dagger+1","floor":30}],"player_experience":237471,"relics_obtained":[{"floor":6.0,"key":"Prayer Wheel"},{"floor":24.0,"key":"Oddly Smooth Stone"},{"floor":26.0,"key":"Bag of Marbles"},{"floor":28.0,"key":"Bottled Tornado"}],"event_choices":[{"damage_healed":0.0,"max_hp_gain":0.0,"max_hp_loss":0.0,"gold_gain":0.0,"event_name":"Big Fish","player_choice":"Box","floor":2.0,"gold_loss":0.0,"damage_taken":0.0,"relics_obtained":["StoneCalendar"],"cards_obtained":["Regret"]},{"damage_healed":0.0,"max_hp_gain":0.0,"max_hp_loss":0.0,"gold_gain":0.0,"event_name":"Shining Light","player_choice":"Entered Light","floor":4.0,"gold_loss":0.0,"damage_taken":20.0,"cards_upgraded":["Terror","Flying Knee"]},{"damage_healed":0.0,"max_hp_gain":0.0,"max_hp_loss":0.0,"gold_gain":75.0,"event_name":"World of Goop","player_choice":"Gather Gold","floor":5.0,"gold_loss":0.0,"damage_taken":11.0},{"cards_removed":["Strike_G"],"damage_healed":0.0,"max_hp_gain":0.0,"max_hp_loss":0.0,"gold_gain":0.0,"event_name":"Purifier","player_choice":"Purged","floor":7.0,"gold_loss":0.0,"damage_taken":0.0},{"cards_removed":["Strike_G"],"damage_healed":0.0,"max_hp_gain":0.0,"max_hp_loss":0.0,"gold_gain":0.0,"event_name":"Golden Wing","player_choice":"Card Removal","floor":12.0,"gold_loss":0.0,"damage_taken":7.0},{"damage_healed":0.0,"max_hp_gain":0.0,"max_hp_loss":6.0,"gold_gain":0.0,"event_name":"Golden Idol","player_choice":"Lose Max HP","floor":14.0,"gold_loss":0.0,"damage_taken":0.0,"relics_obtained":["Golden Idol"]},{"damage_healed":0.0,"max_hp_gain":0.0,"max_hp_loss":0.0,"gold_gain":275.0,"event_name":"Golden Shrine","player_choice":"Desecrate","floor":20.0,"gold_loss":0.0,"damage_taken":0.0,"cards_obtained":["Regret"]}],"is_beta":false,"boss_relics":[{"not_picked":["Busted Crown","Ectoplasm"],"picked":"HoveringKite"}],"items_purged_floors":[3,22],"is_endless":false,"potions_floor_spawned":[11,13,16,18,24,28,29],"killed_by":"Collector","ascension_level":20}}