{"host":"r5cycnjhcbwgkpkf","time":1611604417,"event":{"mods":["2.2 Compatiblity","AchievementEnabler","BaseMod","Bestiary","Better Match","Better Note","Better Skull","Better Third Choice","BetterRewards","Colored Map","Colored Powertips","Downfall","Infinite Spire","Minty Spire (QoL Compilation)","Spicy Shops","StSLib"],"gold_per_floor":[110,123,123,134,144,144,179,179,179,205,218,52,52,63,63,136,136,149,149,64,82,82,82,98,98,122,134,144,156,187,187,187,260,260,278,278,15,15,15,15,44,64,88,88,88,107,107,122,122,122,122],"floor_reached":52,"language":"ENG","playtime":1596,"items_purged":["Defend_R"],"score":1774,"play_id":"578a4d05-e5b2-413a-8b1f-d732a6e8a3c6","local_time":"20210125115337","is_ascension_mode":true,"campfire_choices":[{"data":"Pummel","floor":6.0,"key":"SMITH"},{"data":"Pummel","floor":8.0,"key":"SMITH"},{"data":"Whirlwind","floor":13.0,"key":"SMITH"},{"data":"Bash","floor":15.0,"key":"SMITH"},{"data":"Inflame","floor":23.0,"key":"SMITH"},{"data":"Bloodletting","floor":25.0,"key":"SMITH"},{"floor":32.0,"key":"REST"},{"data":"infinitespire:Gouge","floor":40.0,"key":"SMITH"},{"data":"Evolve","floor":45.0,"key":"SMITH"},{"data":"Strike_R","floor":49.0,"key":"SMITH"}],"circlet_count":0,"master_deck":["AscendersBane","Strike_R","Strike_R","Strike_R","Strike_R+1","Defend_R","Defend_R","Bash+1","Pummel+1","Pummel+1","Bloodletting+1","Whirlwind+1","Limit Break+1","Evolve+1","Inflame+1","Necronomicurse","infinitespire:Gouge+1"],"relics":["Burning Blood","HandDrill","Orichalcum","Magic Flower","infinitespire:EmpoweringShard","Eternal Feather","HornCleat","Bottled Flame","Darkstone Periapt","Strange Spoon","Busted Crown","Orrery","Black Blood","The Courier","Nunchaku","infinitespire:FocusingShard","Necronomicon","Bag of Marbles","Brimstone","Centennial Puzzle","Lantern","Blood Vial"],"acts_visited":["Exordium","TheCity","TheBeyond"],"potions_floor_usage":[51],"damage_taken":[{"damage":7.0,"enemies":"2 Louse","floor":1.0,"turns":3.0},{"damage":0.0,"enemies":"Cultist","floor":2.0,"turns":2.0},{"damage":2.0,"enemies":"Jaw Worm","floor":4.0,"turns":4.0},{"damage":10.0,"enemies":"Lots of Slimes","floor":5.0,"turns":5.0},{"damage":20.0,"enemies":"Gremlin Nob","floor":7.0,"turns":4.0},{"damage":20.0,"enemies":"Lagavulin","floor":10.0,"turns":5.0},{"damage":6.0,"enemies":"Large Slime","floor":11.0,"turns":3.0},{"damage":1.0,"enemies":"3 Louse","floor":14.0,"turns":2.0},{"damage":34.0,"enemies":"Hexaghost","floor":16.0,"turns":9.0},{"damage":15.0,"enemies":"Shell Parasite","floor":18.0,"turns":3.0},{"damage":0.0,"enemies":"Spheric Guardian","floor":21.0,"turns":3.0},{"damage":0.0,"enemies":"3 Cultists","floor":24.0,"turns":2.0},{"damage":7.0,"enemies":"Sentry and Sphere","floor":27.0,"turns":3.0},{"damage":18.0,"enemies":"Snake Plant","floor":28.0,"turns":3.0},{"damage":0.0,"enemies":"3 Cultists","floor":29.0,"turns":3.0},{"damage":15.0,"enemies":"Book of Stabbing","floor":30.0,"turns":3.0},{"damage":12.0,"enemies":"Champ","floor":33.0,"turns":5.0},{"damage":3.0,"enemies":"3 Darklings","floor":35.0,"turns":2.0},{"damage":1.0,"enemies":"Giant Head","floor":41.0,"turns":3.0},{"damage":11.0,"enemies":"3 Shapes","floor":42.0,"turns":2.0},{"damage":16.0,"enemies":"Writhing Mass","floor":46.0,"turns":2.0},{"damage":3.0,"enemies":"Transient","floor":48.0,"turns":5.0},{"damage":19,"enemies":"Awakened One","floor":50,"turns":3},{"damage":58,"enemies":"infinitespire:MassOfShapes","floor":51,"turns":4}],"seed_played":"3532773314052789708","potions_obtained":[{"floor":4.0,"key":"Ancient Potion"},{"floor":7.0,"key":"Fire Potion"},{"floor":11.0,"key":"Explosive Potion"},{"floor":14.0,"key":"Fire Potion"}],"is_trial":false,"path_per_floor":["M","M","?","M","M","R","E","R","T","E","M","$","R","M","R","B",null,"M","AVR","?","M","?","R","M","R","T","M","M","M","E","?","R","B",null,"M","?","$","?","?","R","E","M","T","?","R","M","AVR","M","R","B","B",null],"character_chosen":"IRONCLAD","items_purchased":["HandDrill","Orichalcum","Pummel","Magic Flower","infinitespire:EmpoweringShard","Eternal Feather","Strange Spoon","Bag of Marbles","Brimstone"],"campfire_rested":1,"item_purchase_floors":[0,0,0,0,0,0,12,37,37],"current_hp_per_floor":[23,32,32,39,38,44,33,39,39,28,31,31,37,45,51,26,63,57,57,57,75,62,71,75,75,75,75,75,75,75,60,81,81,81,81,61,61,61,61,70,81,81,81,77,77,77,77,77,77,77,46],"gold":122,"neow_bonus":"","is_daily":false,"chose_seed":false,"campfire_upgraded":9,"win_rate":0.0,"timestamp":1611604417,"path_taken":["M","M","?","M","?","R","E","R","T","E","M","$","R","M","R","BOSS","M","AVR","?","M","?","R","M","R","T","M","?","M","E","?","R","BOSS","M","?","$","?","?","R","E","?","T","?","R","M","AVR","M","R","BOSS","BOSS"],"items_purchased_type":["Relic","Relic","Card","Relic","Relic","Relic","Relic","Relic","Relic"],"build_version":"2020-12-22","purchased_purges":1,"victory":true,"max_hp_per_floor":[75,75,75,75,75,75,75,75,75,75,75,75,75,75,75,75,75,75,75,75,75,75,75,75,75,75,75,75,75,75,81,81,81,81,81,81,81,81,81,81,81,81,81,77,77,77,77,77,77,77,77],"card_choices":[{"not_picked":["Feel No Pain","Anger"],"picked":"Pummel","floor":1.0},{"not_picked":["True Grit","Carnage","Warcry"],"picked":"SKIP","floor":2.0},{"not_picked":["Shrug It Off","Iron Wave","Power Through"],"picked":"SKIP","floor":4.0},{"not_picked":["Twin Strike","Anger","Blood for Blood"],"picked":"SKIP","floor":5.0},{"not_picked":["Clothesline","Wild Strike","True Grit"],"picked":"SKIP","floor":7.0},{"not_picked":["Clash","Fiend Fire"],"picked":"Whirlwind","floor":10.0},{"not_picked":["Reckless Charge","Body Slam","Pommel Strike"],"picked":"SKIP","floor":11.0},{"not_picked":["True Grit","Heavy Blade","Shrug It Off"],"picked":"SKIP","floor":14.0},{"not_picked":["Impervious","Fiend Fire"],"picked":"Limit Break","floor":16.0},{"not_picked":[],"picked":"Evolve","floor":18.0},{"not_picked":[],"picked":"Inflame","floor":19.0},{"not_picked":["Pommel Strike"],"picked":"SKIP","floor":21.0},{"not_picked":["Clash"],"picked":"SKIP","floor":24.0},{"not_picked":["Whirlwind"],"picked":"SKIP","floor":27.0},{"not_picked":["Shrug It Off"],"picked":"SKIP","floor":28.0},{"not_picked":["Armaments"],"picked":"SKIP","floor":29.0},{"not_picked":["Exhume"],"picked":"SKIP","floor":30.0},{"not_picked":["Warcry+1"],"picked":"SKIP","floor":35.0},{"not_picked":["infinitespire:FutureSight","infinitespire:SevenWalls"],"picked":"infinitespire:Gouge","floor":36.0},{"not_picked":["Headbutt"],"picked":"SKIP","floor":41.0},{"not_picked":["Rage"],"picked":"SKIP","floor":42.0},{"not_picked":["Rage"],"picked":"SKIP","floor":46.0},{"not_picked":["Entrench"],"picked":"SKIP","floor":48.0}],"player_experience":452491,"relics_obtained":[{"floor":7.0,"key":"HornCleat"},{"floor":9.0,"key":"Bottled Flame"},{"floor":10.0,"key":"Darkstone Periapt"},{"floor":26.0,"key":"Nunchaku"},{"floor":30.0,"key":"infinitespire:FocusingShard"},{"floor":31.0,"key":"Necronomicon"},{"floor":41.0,"key":"Centennial Puzzle"},{"floor":43.0,"key":"Lantern"}],"event_choices":[{"damage_healed":0.0,"max_hp_gain":0.0,"max_hp_loss":0.0,"gold_gain":0.0,"cards_transformed":["Strike_R"],"event_name":"Transmorgrifier","player_choice":"Transformed","floor":3.0,"gold_loss":0.0,"damage_taken":0.0,"cards_obtained":["Bloodletting"]},{"damage_healed":0.0,"max_hp_gain":0.0,"max_hp_loss":0.0,"gold_gain":0.0,"event_name":"Addict","player_choice":"Obtained Relic","floor":20.0,"gold_loss":85.0,"damage_taken":0.0,"relics_obtained":["The Courier"]},{"damage_healed":0.0,"max_hp_gain":0.0,"max_hp_loss":0.0,"gold_gain":0.0,"event_name":"betterSkull:BetterSkull","player_choice":"UP ","floor":22.0,"gold_loss":0.0,"damage_taken":15.0,"cards_upgraded":["Limit Break"],"relics_obtained":[]},{"damage_healed":0.0,"max_hp_gain":0.0,"max_hp_loss":0.0,"gold_gain":0.0,"event_name":"Cursed Tome","player_choice":"Obtained Book","floor":31.0,"gold_loss":0.0,"damage_taken":21.0},{"cards_removed":["Defend_R"],"damage_healed":0.0,"max_hp_gain":0.0,"max_hp_loss":0.0,"gold_gain":0.0,"event_name":"Falling","player_choice":"Removed Skill","floor":38.0,"gold_loss":0.0,"damage_taken":0.0},{"damage_healed":0.0,"max_hp_gain":0.0,"max_hp_loss":0.0,"gold_gain":0.0,"event_name":"SensoryStone","player_choice":"Memory 1","floor":39.0,"gold_loss":0.0,"damage_taken":0.0},{"damage_healed":0.0,"max_hp_gain":0.0,"max_hp_loss":4.0,"gold_gain":0.0,"event_name":"Winding Halls","player_choice":"Max HP","floor":44.0,"gold_loss":0.0,"damage_taken":0.0}],"is_beta":false,"boss_relics":[{"not_picked":["Ectoplasm","Runic Dome"],"picked":"Busted Crown"},{"not_picked":["infinitespire:Cupcake","Runic Pyramid","Snecko Eye"]}],"items_purged_floors":[19],"is_endless":false,"potions_floor_spawned":[4,7,10,11,14,18,21,28,33,46],"ascension_level":20}}