{"host":"cgwysqtmt736mr58","time":1611544165,"event":{"mods":["2.2 Compatiblity","Aspiration","BaseMod","Beaked The Cultist","Colored Map","Colored Powertips","Downfall","Googly Eyes","Halation","Hermit","Hubris","Infinite Spire","Lobotomy","LobotomyExtend","Marisa????????","Minty Spire (QoL Compilation)","Relic Stats","Replay The Spire","Shade Mod","StSLib","The Bug Knight","The Construct","The Cursed","The Disciple","The Exalted","The Jungle","The Necromancer","The Runesmith","The Servant 0.9.4","The Wild Card","Waifu the Spire","Yuri Mod","[IsaacMod]????"],"gold_per_floor":[99,113,128,141,154,154,154,154,191,191,27,52,52,95,124,236,236,136,136,136,136,145,139,166,195,211,211,211,230,230,250,270,383,392,526,552,569,580,464,485,508,508,534,534,534,534,534,434,454,454,454],"floor_reached":52,"language":"ENG","playtime":6270,"items_purged":["Shame"],"score":695,"play_id":"a420cc9b-98f2-451d-812d-c1a0e6cb9c89","local_time":"20210125140925","is_ascension_mode":true,"campfire_choices":[{"floor":1,"key":"DIG"},{"floor":10,"key":"REST"},{"floor":13,"key":"RECALL"},{"floor":18,"key":"DIG"},{"floor":42,"key":"REST"},{"data":"ReplayTheSpireMod:Splinters","floor":47,"key":"SMITH"}],"circlet_count":0,"master_deck":["bronze:Strike","bronze:Strike","bronze:Strike","bronze:Strike","bronze:Defend","bronze:Defend","bronze:Defend","bronze:Defend+1","bronze:Replicate","bronze:Goto","bronze:Separator","bronze:Iterate","bronze:ChosenStrike","bronze:HardenedForm","bronze:WhirlingStrike+1","bronze:CloningBeam+1","expansioncontent:QuickStudy","bronze:WhirlingStrike+1","bronze:DigitalCarnage+1","bronze:FineTuning","bronze:InfiniteLoop+1","bronze:DelayedSlice+1","bronze:Separator+1","bronze:FineTuning","bronze:Optimize+1","bronze:Verify","bronze:Library","bronze:DelayedSlice+1","bronze:WildBeam+1","bronze:Repulsor+1","bronze:Flail+1","bronze:MaxOutput"],"relics":["bronze:BronzeCore","HushsDoor","KeepersGift","infinitespire:EmpoweringShard","LetterFromLob","hubris:OldNail","CeramicFish","Molten Egg 2","aspiration:ArtOfWarUpgrade","Bromod:ArcaneEnergize","downfall:HeartBlessingRed","Vajra","theJungle:PaperFaux","halation:PrussianBluePaint","beaked:SacredDeck","Orichalcum","HandDrill","ReplayTheSpireMod:Lightbulb"],"acts_visited":["Exordium","theJungle:Jungle","TheBeyond"],"potions_floor_usage":[3,15,16,16,33,33,33,37,40,40,49,50],"damage_taken":[{"damage":7,"enemies":"Small Slimes","floor":2,"turns":3},{"damage":0,"enemies":"Cultist","floor":3,"turns":2},{"damage":2,"enemies":"2 Louse","floor":4,"turns":2},{"damage":8,"enemies":"Red Slaver","floor":5,"turns":2},{"damage":14,"enemies":"Gremlin Nob","floor":9,"turns":3},{"damage":0,"enemies":"downfall:FleeingMerchant","floor":11,"turns":4},{"damage":0,"enemies":"Large Slime","floor":12,"turns":2},{"damage":5,"enemies":"3 Sentries","floor":14,"turns":3},{"damage":0,"enemies":"Exordium Thugs","floor":15,"turns":1},{"damage":58,"enemies":"WA_ARCHETYPE_RETAIN","floor":16,"turns":6},{"damage":9,"enemies":"downfall:FleeingMerchant","floor":23,"turns":4},{"damage":4,"enemies":"theJungle:MUSHROOMGANG","floor":25,"turns":2},{"damage":12,"enemies":"Shell Parasite","floor":26,"turns":2},{"damage":10,"enemies":"theJungle:JungleHuntersEncounter","floor":29,"turns":3},{"damage":0,"enemies":"Snake Plant","floor":31,"turns":2},{"damage":16,"enemies":"theJungle:Snecko_Cultist_And_Trap","floor":32,"turns":2},{"damage":37,"enemies":"SI_MIRROR_ARCHETYPE","floor":33,"turns":6},{"damage":10,"enemies":"3 Shapes","floor":36,"turns":3},{"damage":11,"enemies":"Orb Walker","floor":37,"turns":2},{"damage":27,"enemies":"Writhing Mass","floor":38,"turns":4},{"damage":0,"enemies":"downfall:FleeingMerchant","floor":39,"turns":2},{"damage":5,"enemies":"Transient","floor":40,"turns":5},{"damage":8,"enemies":"Maw","floor":43,"turns":5},{"damage":6,"enemies":"Sphere and 2 Shapes","floor":49,"turns":2},{"damage":71,"enemies":"IC_BLOCK_ARCHETYPE","floor":50,"turns":5}],"seed_played":"7355859210411787559","potions_obtained":[{"floor":3,"key":"Fruit Juice"},{"floor":9,"key":"champ:CounterPotion"},{"floor":12,"key":"AttackPotion"},{"floor":15,"key":"Dexterity Potion"},{"floor":16,"key":"Weak Potion"},{"floor":21,"key":"hexamod:SoulburnPotion"},{"floor":21,"key":"hexamod:SoulburnPotion"},{"floor":33,"key":"Weak Potion"},{"floor":37,"key":"SkillPotion"},{"floor":38,"key":"Guardian:BlockOnCardUsePotion"},{"floor":40,"key":"Explosive Potion"},{"floor":49,"key":"SneckoOil"}],"is_trial":false,"path_per_floor":["R_BF","M","M","M","M","?","T","?","E","R","$","M","R","E","M","B",null,"R_BF","M","?","?","?","$","T","M","M","R","?","M","R","M","M","B",null,"R_BF","M","M","M","$","M","T","R","M","?","?","?","R","NS","M","B",null,null],"character_chosen":"THE_AUTOMATON","items_purchased":["expansioncontent:QuickStudy","Orichalcum","HandDrill","bronze:MaxOutput","SteroidPotion"],"campfire_rested":2,"item_purchase_floors":[11,39,39,39,39],"current_hp_per_floor":[77,70,75,73,65,65,65,65,51,75,75,75,75,70,70,12,82,82,82,82,82,82,73,73,69,57,57,68,58,58,58,42,5,82,82,72,61,34,34,29,29,53,45,45,92,92,92,92,86,15,15],"gold":454,"neow_bonus":"TEN_PERCENT_HP_BONUS","is_daily":false,"chose_seed":false,"campfire_upgraded":1,"win_rate":0.0,"timestamp":1611544165,"path_taken":["R_BF","M","M","M","M","?","T","?","E","R","$","M","R","E","M","BOSS","R_BF","M","?","?","?","$","T","M","M","R","?","M","R","M","M","BOSS","R_BF","M","M","M","$","M","T","R","M","?","?","?","R","NS","M","BOSS"],"items_purchased_type":["Card","Relic","Relic","Card","Potion"],"build_version":"2020-12-22","purchased_purges":1,"victory":true,"max_hp_per_floor":[77,77,82,82,82,82,82,82,82,82,82,82,82,82,82,82,82,82,82,82,82,82,82,82,82,82,82,82,82,82,82,82,82,82,82,82,82,82,82,82,82,82,82,82,92,92,92,92,92,92,92],"relic_stats":{"counters":[25,77],"CeramicFish":207,"HandDrill":[8],"Orichalcum":[60],"obtain_stats":[{"KeepersGift":0,"bronze:BronzeCore":0,"downfall:HeartBlessingRed":18,"CeramicFish":8,"Vajra":18,"theJungle:PaperFaux":22,"Orichalcum":39,"halation:PrussianBluePaint":24,"Bromod:ArcaneEnergize":17,"beaked:SacredDeck":34,"Molten Egg 2":9,"aspiration:ArtOfWarUpgrade":30,"infinitespire:EmpoweringShard":1,"LetterFromLob":2,"Art of War":14,"HandDrill":39,"HushsDoor":0,"ReplayTheSpireMod:Lightbulb":41,"hubris:OldNail":7},{"KeepersGift":0,"bronze:BronzeCore":0,"downfall:HeartBlessingRed":10,"CeramicFish":4,"Vajra":10,"theJungle:PaperFaux":10,"Orichalcum":21,"halation:PrussianBluePaint":11,"Bromod:ArcaneEnergize":10,"beaked:SacredDeck":17,"Molten Egg 2":5,"aspiration:ArtOfWarUpgrade":14,"infinitespire:EmpoweringShard":0,"LetterFromLob":1,"Art of War":8,"HandDrill":21,"HushsDoor":0,"ReplayTheSpireMod:Lightbulb":22,"hubris:OldNail":4},{"KeepersGift":0,"bronze:BronzeCore":0,"downfall:HeartBlessingRed":28,"CeramicFish":9,"Vajra":28,"theJungle:PaperFaux":28,"Orichalcum":60,"halation:PrussianBluePaint":32,"Bromod:ArcaneEnergize":28,"beaked:SacredDeck":49,"Molten Egg 2":12,"aspiration:ArtOfWarUpgrade":39,"infinitespire:EmpoweringShard":0,"LetterFromLob":3,"Art of War":21,"HandDrill":60,"HushsDoor":0,"ReplayTheSpireMod:Lightbulb":65,"hubris:OldNail":9}]},"card_choices":[{"not_picked":["bronze:Invalidate","bronze:Flail"],"picked":"bronze:Separator","floor":2},{"not_picked":["bronze:BitShift","bronze:Return"],"picked":"bronze:Iterate","floor":3},{"not_picked":["bronze:Turbo","Bomb"],"picked":"bronze:ChosenStrike","floor":4},{"not_picked":["bronze:Deprecate","bronze:Repulsor"],"picked":"bronze:HardenedForm","floor":5},{"not_picked":["bronze:Frontload","bronze:DigitalCarnage+1"],"picked":"bronze:WhirlingStrike+1","floor":9},{"not_picked":["bronze:Overload","bronze:BitShift"],"picked":"bronze:CloningBeam+1","floor":11},{"not_picked":["bronze:Boost","Bomb"],"picked":"bronze:WhirlingStrike+1","floor":12},{"not_picked":["bronze:Shell","bronze:BitShift"],"picked":"bronze:DigitalCarnage+1","floor":14},{"not_picked":["bronze:Frontload","bronze:Separator+1"],"picked":"bronze:FineTuning","floor":15},{"not_picked":["bronze:Mutator","bronze:Break+1"],"picked":"bronze:InfiniteLoop+1","floor":16},{"not_picked":["bronze:Overheat+1","bronze:Boost"],"picked":"bronze:DelayedSlice+1","floor":23},{"not_picked":["bronze:BuggyMess+1","bronze:Turbo"],"picked":"bronze:Separator+1","floor":25},{"not_picked":["bronze:GetLatest","bronze:Deprecate","bronze:FollowUp+1"],"picked":"SKIP","floor":26},{"not_picked":["bronze:Boost+1","bronze:OilSpill+1","bronze:Invalidate+1"],"picked":"SKIP","floor":29},{"not_picked":["bronze:CutThrough+1","bronze:Optimize"],"picked":"bronze:FineTuning","floor":31},{"not_picked":["bronze:DigitalCarnage+1","bronze:BitShift"],"picked":"bronze:Optimize+1","floor":32},{"not_picked":["bronze:SpaghettiCode","bronze:Assembly"],"picked":"bronze:Verify","floor":33},{"not_picked":["bronze:Turbo","bronze:Deprecate"],"picked":"bronze:DelayedSlice+1","floor":35},{"not_picked":["bronze:FineTuning","bronze:Terminator"],"picked":"bronze:WildBeam+1","floor":35},{"not_picked":["bronze:ForLoop+1","bronze:DelayedGuard+1"],"picked":"bronze:Repulsor+1","floor":35},{"not_picked":["bronze:BitShift+1","bronze:DelayedSlice+1"],"picked":"bronze:Flail+1","floor":36},{"not_picked":["bronze:Invalidate+1","bronze:Safeguard","bronze:BuggyMess"],"picked":"SKIP","floor":37},{"not_picked":["bronze:FollowUp+1","bronze:Assembly","bronze:Safeguard+1"],"picked":"SKIP","floor":38},{"not_picked":["bronze:Branch+1","bronze:Backtrace+1"],"picked":"bronze:SpaghettiCode","floor":39},{"not_picked":["bronze:WildBeam+1","bronze:ForLoop"],"picked":"bronze:Turbo+1","floor":40},{"not_picked":["bronze:Separator+1","bronze:MaxOutput+1"],"picked":"bronze:Shell+1","floor":43},{"not_picked":["bronze:Branch+1","bronze:FollowUp+1","bronze:CutThrough+1"],"picked":"SKIP","floor":49}],"player_experience":1033365,"relics_obtained":[{"floor":1,"key":"infinitespire:EmpoweringShard"},{"floor":2,"key":"LetterFromLob"},{"floor":7,"key":"hubris:OldNail"},{"floor":8,"key":"CeramicFish"},{"floor":9,"key":"Molten Egg 2"},{"floor":14,"key":"Art of War"},{"floor":18,"key":"Vajra"},{"floor":24,"key":"halation:PrussianBluePaint"},{"floor":41,"key":"ReplayTheSpireMod:Lightbulb"}],"event_choices":[{"damage_healed":0,"gold_gain":0,"player_choice":"Got Potions","damage_taken":0,"max_hp_gain":0,"max_hp_loss":0,"event_name":"Lab","floor":21,"gold_loss":0},{"cards_removed":["bronze:SpaghettiCode"],"damage_healed":37,"gold_gain":0,"player_choice":"Offered Rare","damage_taken":0,"max_hp_gain":10,"max_hp_loss":0,"event_name":"Bonfire Elementals","floor":45,"gold_loss":0},{"damage_healed":0,"gold_gain":0,"player_choice":"Ignored","damage_taken":0,"max_hp_gain":0,"max_hp_loss":0,"event_name":"Mysterious Sphere","floor":46,"gold_loss":0}],"is_beta":false,"boss_relics":[{"not_picked":["Replay:Ancient Bell","hubris:ScarierMask"],"picked":"Bromod:ArcaneEnergize"},{"not_picked":[]},{"not_picked":["Fusion Hammer","construct:ClawGrip"],"picked":"beaked:SacredDeck"},{"not_picked":[]}],"items_purged_floors":[39],"is_endless":false,"potions_floor_spawned":[3,9,12,15,16,31,32,33,37,38,40,49],"ascension_level":1}}