{"host":"nh70f3bv2bgakzh3","time":1611598072,"event":{"mods":["BaseMod","Downfall","Minty Spire (QoL Compilation)","StSLib","The Construct","The Mystic"],"gold_per_floor":[99,119,132,146,165,197,197,197,197,226,238,238,238,249,268,372,372,372,392,411,411,424,457,457,457,97,117,117,2,2,21,41,138,138,138,153,172,222,148,178,201,216,216,226,26,61,80,80,91,91],"floor_reached":51,"language":"ENG","playtime":3269,"items_purged":["bronze:Strike","downfall:Aged","Pain"],"score":868,"play_id":"0c0fc5ca-ad68-452d-afe9-9299f6b9b4d0","local_time":"20210125130752","is_ascension_mode":false,"campfire_choices":[{"data":"bronze:Goto","floor":1.0,"key":"SMITH"},{"data":"bronze:Overload","floor":8.0,"key":"SMITH"},{"data":"bronze:DigitalCarnage","floor":18.0,"key":"SMITH"},{"data":"expansioncontent:StudyTheSpire","floor":28,"key":"SMITH"},{"data":"bronze:Virus","floor":30,"key":"SMITH"},{"floor":35,"key":"RECALL"},{"data":"bronze:Overheat","floor":45,"key":"SMITH"}],"circlet_count":0,"master_deck":["bronze:Defend","bronze:Defend","bronze:Defend","bronze:Defend","bronze:Replicate","bronze:Goto+1","bronze:DigitalCarnage+1","bronze:Overload+1","bronze:Overheat+1","bronze:Virus+1","bronze:FollowUp+1","bronze:Flail+1","downfall:Icky","bronze:FunctionCard","bronze:BronzeOrb+1","bronze:Virus+1","bronze:BitShift+1","bronze:InfiniteBeams","expansioncontent:StudyTheSpire+1","bronze:InfiniteLoop+1","bronze:FollowUp+1","Regret","Clumsy"],"relics":["bronze:BronzeCore","Meat on the Bone","Matryoshka","Molten Egg 2","downfall:ExtraCursedKey","Black Star","Potion Belt","FossilizedHelix","Toy Ornithopter","bronze:CableSpool","Runic Dome","Calipers","Singing Bowl","HornCleat","bronze:ProtectiveGoggles","Strawberry","downfall:HeartBlessingRed","downfall:HeartBlessingBlue","PreservedInsect","Bottled Tornado"],"acts_visited":["Exordium","TheCity","TheBeyond"],"potions_floor_usage":[26,26,29,38,50,50],"damage_taken":[{"damage":1.0,"enemies":"Jaw Worm","floor":2.0,"turns":4.0},{"damage":0.0,"enemies":"Small Slimes","floor":3.0,"turns":3.0},{"damage":0.0,"enemies":"2 Louse","floor":4.0,"turns":2.0},{"damage":13.0,"enemies":"Lots of Slimes","floor":5.0,"turns":4.0},{"damage":17.0,"enemies":"3 Sentries","floor":6.0,"turns":6.0},{"damage":22.0,"enemies":"Gremlin Nob","floor":10.0,"turns":4.0},{"damage":0.0,"enemies":"3 Louse","floor":11.0,"turns":3.0},{"damage":2.0,"enemies":"Blue Slaver","floor":14.0,"turns":3.0},{"damage":7.0,"enemies":"Red Slaver","floor":15.0,"turns":4.0},{"damage":0.0,"enemies":"IC_STATUS_ARCHETYPE","floor":16.0,"turns":2.0},{"damage":0.0,"enemies":"3 Byrds","floor":19.0,"turns":2.0},{"damage":0.0,"enemies":"Shell Parasite","floor":20.0,"turns":1.0},{"damage":0.0,"enemies":"Centurion and Healer","floor":22.0,"turns":2.0},{"damage":0.0,"enemies":"Book of Stabbing","floor":23.0,"turns":2.0},{"damage":17,"enemies":"downfall:FleeingMerchant","floor":26,"turns":4},{"damage":0,"enemies":"Snecko","floor":27,"turns":2},{"damage":11,"enemies":"downfall:FleeingMerchant","floor":29,"turns":4},{"damage":3,"enemies":"Sentry and Sphere","floor":31,"turns":3},{"damage":0,"enemies":"Snake Plant","floor":32,"turns":1},{"damage":58,"enemies":"DF_ARCHETYPE_CLAW","floor":33,"turns":6},{"damage":0,"enemies":"3 Shapes","floor":36,"turns":2},{"damage":1,"enemies":"Orb Walker","floor":37,"turns":2},{"damage":15,"enemies":"Orb Walker","floor":38,"turns":4},{"damage":0,"enemies":"downfall:FleeingMerchant","floor":39,"turns":1},{"damage":37,"enemies":"Reptomancer","floor":40,"turns":4},{"damage":0,"enemies":"3 Darklings","floor":42,"turns":3},{"damage":0,"enemies":"Jaw Worm Horde","floor":44,"turns":3},{"damage":22,"enemies":"Nemesis","floor":46,"turns":5},{"damage":6,"enemies":"Sphere and 2 Shapes","floor":47,"turns":2},{"damage":0,"enemies":"Spire Growth","floor":49,"turns":2},{"damage":131,"enemies":"WA_ARCHETYPE_DIVINITY","floor":50,"turns":7}],"seed_played":"-1696245096504337505","potions_obtained":[{"floor":2.0,"key":"SteroidPotion"},{"floor":5.0,"key":"Fruit Juice"},{"floor":11.0,"key":"Weak Potion"},{"floor":14.0,"key":"EssenceOfSteel"},{"floor":15.0,"key":"Block Potion"},{"floor":20.0,"key":"SkillPotion"},{"floor":27,"key":"ColorlessPotion"},{"floor":32,"key":"SpeedPotion"},{"floor":33,"key":"SkillPotion"},{"floor":37,"key":"SpeedPotion"},{"floor":40,"key":"FairyPotion"},{"floor":44,"key":"champ:CounterPotion"},{"floor":47,"key":"sneckomod:MuddlingPotion"}],"is_trial":false,"path_per_floor":["R","M","M","M","M","E","T","R","?","E","M","?","?","M","M","B",null,"R","M","M","?","M","E","T","?","$","M","R","$","R","M","M","B",null,"R","M","M","?","$","E","T","M","?","M","R","E","M","$","M","B",null],"character_chosen":"THE_AUTOMATON","items_purchased":["expansioncontent:StudyTheSpire","Fruit Juice","Singing Bowl","bronze:FollowUp+1"],"campfire_rested":0,"item_purchase_floors":[26,26,39,39],"current_hp_per_floor":[70,69,69,69,61,44,44,44,44,34,46,46,46,44,49,49,75,75,75,75,75,75,75,75,75,68,68,68,62,62,59,59,13,80,80,80,79,65,65,42,49,51,51,53,63,55,63,63,65,28],"gold":91,"neow_bonus":"REMOVE_CARD","is_daily":false,"chose_seed":false,"campfire_upgraded":6,"win_rate":0.0,"timestamp":1611598072,"path_taken":["R","M","M","M","M","E","T","R","?","E","M","?","?","M","M","BOSS","R","M","M","?","M","E","T","?","$","M","R","$","R","M","M","BOSS","R","M","?","?","$","E","T","M","?","?","R","E","?","$","M","BOSS"],"items_purchased_type":["Card","Potion","Relic","Card"],"build_version":"2020-12-22","purchased_purges":3,"victory":true,"max_hp_per_floor":[70,70,70,70,75,75,75,75,75,75,75,75,75,75,75,75,75,75,75,75,75,75,75,75,75,80,80,80,80,80,80,80,80,80,80,80,80,80,80,82,89,91,91,93,103,105,107,107,109,109],"card_choices":[{"not_picked":["bronze:Overheat","bronze:BugBarrage"],"picked":"bronze:DigitalCarnage","floor":2.0},{"not_picked":["bronze:MaxOutput","bronze:Repair","bronze:ItsAFeature"],"picked":"SKIP","floor":3.0},{"not_picked":["bronze:FineTuning","bronze:Constructor"],"picked":"bronze:Overload","floor":4.0},{"not_picked":["bronze:Safeguard","bronze:Branch"],"picked":"bronze:Overheat","floor":5.0},{"not_picked":["bronze:Mutator","bronze:Branch"],"picked":"bronze:Virus","floor":6.0},{"not_picked":["bronze:Deprecate","bronze:CutThrough+1"],"picked":"bronze:FollowUp+1","floor":10.0},{"not_picked":["bronze:BugBarrage+1","bronze:Shield"],"picked":"bronze:Flail+1","floor":11.0},{"not_picked":["bronze:Fortify+1","bronze:Turbo","bronze:OilSpill+1"],"picked":"SKIP","floor":14.0},{"not_picked":["bronze:CutThrough+1","bronze:FineTuning"],"picked":"bronze:BronzeOrb+1","floor":15.0},{"not_picked":["bronze:BurnOut+1","bronze:Assembly"],"picked":"bronze:Virus+1","floor":16.0},{"not_picked":["bronze:Philosophize","bronze:ItsAFeature+1","bronze:ForceShield"],"picked":"SKIP","floor":19.0},{"not_picked":["bronze:CutThrough+1","bronze:ClassDefault"],"picked":"bronze:BitShift+1","floor":20.0},{"not_picked":["bronze:Overheat+1","bronze:OilSpill+1","bronze:Separator+1"],"picked":"SKIP","floor":22.0},{"not_picked":["bronze:Boost","bronze:ForLoop+1","bronze:ForceShield"],"picked":"SKIP","floor":23.0},{"not_picked":["bronze:DelayedSlice+1","bronze:Invalidate"],"picked":"bronze:InfiniteBeams","floor":26},{"not_picked":["bronze:Iterate+1","bronze:OilSpill+1","bronze:Frontload+1"],"picked":"SKIP","floor":27},{"not_picked":["bronze:Verify","bronze:Constructor+1","bronze:Shield"],"picked":"SKIP","floor":29},{"not_picked":["bronze:GetLatest","bronze:DelayedGuard","bronze:WildBeam+1"],"picked":"SKIP","floor":31},{"not_picked":["bronze:FineTuning","bronze:Overheat+1","bronze:Safeguard+1"],"picked":"SKIP","floor":32},{"not_picked":["bronze:Virus+1","bronze:HardenedForm"],"picked":"bronze:InfiniteLoop+1","floor":33},{"not_picked":["bronze:MaxOutput+1","bronze:BuggyMess","bronze:Frontload+1"],"picked":"SKIP","floor":36},{"not_picked":["bronze:BuggyMess+1","bronze:Overheat+1","bronze:Shell"],"picked":"SKIP","floor":37},{"not_picked":["bronze:ThunderWave+1","bronze:WhirlingStrike+1","bronze:ClassDefault"],"picked":"SKIP","floor":39},{"not_picked":["bronze:MaxOutput+1","bronze:Repulsor+1","bronze:Boost+1"],"picked":"Singing Bowl","floor":40},{"not_picked":["bronze:WildBeam+1","bronze:CutThrough+1","bronze:FineTuning+1"],"picked":"Singing Bowl","floor":42},{"not_picked":["bronze:BronzeArmor","bronze:CutThrough+1","bronze:BitShift+1"],"picked":"Singing Bowl","floor":44},{"not_picked":["bronze:Flail+1","bronze:InfiniteBeams","bronze:OilSpill+1"],"picked":"Singing Bowl","floor":46},{"not_picked":["bronze:OilSpill+1","bronze:Shield","bronze:FindAndReplace"],"picked":"Singing Bowl","floor":47},{"not_picked":["bronze:WildBeam+1","bronze:Invalidate","bronze:DelayedGuard"],"picked":"Singing Bowl","floor":49}],"player_experience":83299,"relics_obtained":[{"floor":6.0,"key":"Meat on the Bone"},{"floor":7.0,"key":"Matryoshka"},{"floor":10.0,"key":"Molten Egg 2"},{"floor":23.0,"key":"Potion Belt"},{"floor":23.0,"key":"FossilizedHelix"},{"floor":24.0,"key":"Toy Ornithopter"},{"floor":24.0,"key":"bronze:CableSpool"},{"floor":38,"key":"Calipers"},{"floor":40,"key":"HornCleat"},{"floor":40,"key":"bronze:ProtectiveGoggles"},{"floor":41,"key":"Strawberry"},{"floor":46,"key":"PreservedInsect"},{"floor":46,"key":"Bottled Tornado"}],"event_choices":[{"cards_removed":["bronze:Strike"],"damage_healed":0.0,"max_hp_gain":0.0,"max_hp_loss":0.0,"gold_gain":0.0,"event_name":"The Cleric","player_choice":"Card Removal","floor":12.0,"gold_loss":0.0,"damage_taken":0.0}],"is_beta":false,"boss_relics":[{"not_picked":["SacredBark","Velvet Choker"],"picked":"Black Star"},{"not_picked":["Busted Crown","Astrolabe"],"picked":"Runic Dome"}],"items_purged_floors":[26,29,39],"is_endless":false,"potions_floor_spawned":[2,5,11,14,15,20,27,32,33,37,40,44,47],"ascension_level":0}}