{"host":"f9ntswufr8mq3t4y","time":1611592640,"event":{"mods":["AchievementEnabler","BaseMod","Best Route Mod","Block Reminder","Colored Map","Colored Powertips","Curses Come First","DeckTracker","Displayed Cursed Tome","Highlight Path","Minty Spire (QoL Compilation)","Permanent Neow","Quick Restart","Slay-I","StSLib"],"gold_per_floor":[116,127,59,69,69,69,83,83,83,83,83,83,109,119,119,222,222,237,336,336,356,370,370,370],"floor_reached":23,"language":"ENG","playtime":1071,"items_purged":[],"score":248,"play_id":"bbe5d746-4628-4e79-bc2a-8955bb73dde9","local_time":"20210125193720","is_ascension_mode":true,"campfire_choices":[{"data":"Noxious Fumes","floor":6.0,"key":"SMITH"},{"floor":8.0,"key":"REST"},{"floor":12.0,"key":"REST"},{"floor":15.0,"key":"REST"}],"circlet_count":0,"master_deck":["Strike_G","Strike_G","Strike_G","Strike_G","Strike_G+1","Defend_G","Defend_G","Defend_G+1","Defend_G","Survivor","Neutralize","Sadistic Nature","Prepared","Backstab","Backstab","Noxious Fumes+1","Well Laid Plans","Catalyst+1","Envenom","Deadly Poison+1"],"relics":["Ring of the Snake","Toxic Egg 2","InkBottle","Regal Pillow","Black Star"],"acts_visited":["Exordium","TheCity"],"potions_floor_usage":[22,23],"damage_taken":[{"damage":1.0,"enemies":"Cultist","floor":1.0,"turns":4.0},{"damage":0.0,"enemies":"Small Slimes","floor":2.0,"turns":3.0},{"damage":0.0,"enemies":"2 Louse","floor":4.0,"turns":2.0},{"damage":4.0,"enemies":"Looter","floor":7.0,"turns":3.0},{"damage":14.0,"enemies":"3 Sentries","floor":13.0,"turns":7.0},{"damage":9.0,"enemies":"Exordium Thugs","floor":14.0,"turns":4.0},{"damage":8.0,"enemies":"The Guardian","floor":16.0,"turns":9.0},{"damage":12.0,"enemies":"2 Thieves","floor":18.0,"turns":4.0},{"damage":9,"enemies":"3 Byrds","floor":21,"turns":4},{"damage":0,"enemies":"Snecko","floor":22,"turns":3},{"damage":51,"enemies":"Gremlin Leader","floor":23,"turns":4}],"seed_played":"7085162584862014889","potions_obtained":[{"floor":7.0,"key":"Fire Potion"},{"floor":13.0,"key":"Energy Potion"},{"floor":18.0,"key":"SpeedPotion"},{"floor":21,"key":"SneckoOil"}],"is_trial":false,"path_per_floor":["M","M","$","M","?","R","M","R","T","?","$","R","E","M","R","B",null,"M","?","?","M","M","E"],"character_chosen":"THE_SILENT","items_purchased":["Backstab"],"campfire_rested":3,"item_purchase_floors":[3],"current_hp_per_floor":[44,44,44,44,30,30,26,47,47,29,29,50,36,27,63,55,66,54,54,54,45,45,0,0],"gold":370,"neow_bonus":"RANDOM_COLORLESS_2","is_daily":false,"chose_seed":false,"campfire_upgraded":1,"win_rate":0.0,"timestamp":1611592640,"path_taken":["M","?","?","M","?","R","M","R","T","?","$","R","E","M","R","BOSS","M","?","?","?","M","E"],"items_purchased_type":["Card"],"build_version":"2020-12-22","purchased_purges":0,"victory":false,"max_hp_per_floor":[70,70,70,70,70,70,70,70,70,70,70,70,70,70,70,70,70,70,70,70,70,70,70,70],"card_choices":[{"not_picked":["Master of Strategy","Chrysalis"],"picked":"Sadistic Nature","floor":0.0},{"not_picked":["PiercingWail","Quick Slash"],"picked":"Prepared","floor":1.0},{"not_picked":["Blur","Acrobatics"],"picked":"Backstab","floor":2.0},{"not_picked":["Expertise","Escape Plan"],"picked":"Noxious Fumes","floor":4.0},{"not_picked":["Dagger Spray","Leg Sweep"],"picked":"Well Laid Plans","floor":7.0},{"not_picked":["Choke","Dodge and Roll+1"],"picked":"Catalyst+1","floor":13.0},{"not_picked":["Deflect+1","Cloak And Dagger+1","Night Terror+1"],"picked":"SKIP","floor":14.0},{"not_picked":["Die Die Die","Malaise+1"],"picked":"Envenom","floor":16.0},{"not_picked":["Finisher","Backflip+1","Cloak And Dagger+1"],"picked":"SKIP","floor":18.0},{"not_picked":["Acrobatics+1","Sucker Punch","Poisoned Stab"],"picked":"SKIP","floor":21},{"not_picked":["Dagger Spray","Deadly Poison+1","Deflect+1"],"picked":"SKIP","floor":22}],"player_experience":361674,"relics_obtained":[{"floor":9.0,"key":"Toxic Egg 2"},{"floor":13.0,"key":"Regal Pillow"}],"event_choices":[{"damage_healed":0.0,"max_hp_gain":0.0,"max_hp_loss":0.0,"gold_gain":0.0,"event_name":"Shining Light","player_choice":"Entered Light","floor":5.0,"gold_loss":0.0,"damage_taken":14.0,"cards_upgraded":["Strike_G","Defend_G"]},{"damage_healed":0.0,"max_hp_gain":0.0,"max_hp_loss":0.0,"gold_gain":0.0,"event_name":"Scrap Ooze","player_choice":"Success","floor":10.0,"gold_loss":0.0,"damage_taken":18.0,"relics_obtained":["InkBottle"]},{"damage_healed":0.0,"max_hp_gain":0.0,"max_hp_loss":0.0,"gold_gain":99.0,"event_name":"Nest","player_choice":"Stole From Cult","floor":19.0,"gold_loss":0.0,"damage_taken":0.0},{"damage_healed":0.0,"max_hp_gain":0.0,"max_hp_loss":0.0,"gold_gain":0.0,"cards_transformed":["Defend_G"],"event_name":"Transmorgrifier","player_choice":"Transformed","floor":20.0,"gold_loss":0.0,"damage_taken":0.0,"cards_obtained":["Deadly Poison"]}],"is_beta":false,"boss_relics":[{"not_picked":["HoveringKite","Fusion Hammer"],"picked":"Black Star"}],"items_purged_floors":[],"is_endless":false,"potions_floor_spawned":[7,13,18,21],"killed_by":"Gremlin Leader","ascension_level":6}}