{"host":"19r1ww88x2tc73i0","time":1611567470,"event":{"mods":["BaseMod","BetterRewards","Colored Map","Minty Spire (QoL Compilation)","Relic Stats","StSLib","SuperFastMode","slay the spire mod where everything is the same but ironclad has a cowboy hat"],"gold_per_floor":[110,122,135,145,145,145,171,187,210,225,225,190,219,235,235,307,307,323,503,68,78,98,98,108,108,108,108,146,175,96,140,140,226,298,325,348,112,62,71,106,106,140,140,184,208,217,251,284,284,284,284,284,284,33,69,69,69],"floor_reached":56,"language":"ENG","playtime":3235,"items_purged":["Strike_G","Strike_G"],"score":2584,"play_id":"994ea9c3-ca1d-46a4-8d3b-b96b837e7c88","local_time":"25640125163750","is_ascension_mode":true,"campfire_choices":[{"data":"Blade Dance","floor":6.0,"key":"SMITH"},{"data":"Deadly Poison","floor":15.0,"key":"SMITH"},{"data":"Footwork","floor":23.0,"key":"SMITH"},{"floor":27.0,"key":"REST"},{"data":"Accuracy","floor":32.0,"key":"SMITH"},{"data":"Accuracy","floor":41.0,"key":"SMITH"},{"floor":49,"key":"RECALL"},{"data":"After Image","floor":53,"key":"SMITH"}],"circlet_count":0,"master_deck":["AscendersBane","Survivor","Neutralize","Blur","Blade Dance+1","Quick Slash+1","Deadly Poison+1","Glass Knife+1","Flying Knee+1","Prepared+1","Deflect+1","Tactician+1","Leg Sweep+1","Adrenaline+1","Blade Dance+1","Cloak And Dagger+1","Footwork+1","PiercingWail+1","Blade Dance+1","Bane+1","Acrobatics+1","Accuracy+1","Adrenaline+1","Venomology+1","Bane+1","Die Die Die+1","Dash+1","Dagger Throw+1","Catalyst+1","Deadly Poison+1","Deflect+1","Endless Agony+1","Outmaneuver+1","Cloak And Dagger+1","Accuracy+1","Catalyst+1","Backstab+1","Terror+1","Calculated Gamble+1","After Image+1","Dodge and Roll+1","Storm of Steel+1","Leg Sweep+1"],"relics":["Ring of the Snake","Pocketwatch","Bronze Scales","Toxic Egg 2","Toy Ornithopter","Blood Vial","WristBlade","Ornamental Fan","Molten Egg 2","CeramicFish","Happy Flower","Pandora\u0027s Box","Juzu Bracelet","Omamori","Tough Bandages","Dead Branch","Mango","Unceasing Top","Oddly Smooth Stone"],"acts_visited":["Exordium","TheCity","TheBeyond","TheEnding"],"potions_floor_usage":[47,48,50,51,51,55,56,56],"damage_taken":[{"damage":0.0,"enemies":"Jaw Worm","floor":1.0,"turns":4.0},{"damage":3.0,"enemies":"2 Louse","floor":2.0,"turns":3.0},{"damage":0.0,"enemies":"Small Slimes","floor":3.0,"turns":3.0},{"damage":14.0,"enemies":"Exordium Thugs","floor":4.0,"turns":4.0},{"damage":25.0,"enemies":"Lagavulin","floor":7.0,"turns":6.0},{"damage":3.0,"enemies":"Lots of Slimes","floor":8.0,"turns":3.0},{"damage":0.0,"enemies":"2 Fungi Beasts","floor":10.0,"turns":3.0},{"damage":6.0,"enemies":"3 Sentries","floor":13.0,"turns":7.0},{"damage":7.0,"enemies":"Gremlin Gang","floor":14.0,"turns":4.0},{"damage":0.0,"enemies":"The Guardian","floor":16.0,"turns":9.0},{"damage":8.0,"enemies":"Spheric Guardian","floor":18.0,"turns":5.0},{"damage":1.0,"enemies":"Shell Parasite","floor":21.0,"turns":4.0},{"damage":0.0,"enemies":"Snake Plant","floor":22.0,"turns":3.0},{"damage":6.0,"enemies":"3 Cultists","floor":24.0,"turns":4.0},{"damage":0.0,"enemies":"Shelled Parasite and Fungi","floor":25.0,"turns":1.0},{"damage":0.0,"enemies":"Book of Stabbing","floor":28.0,"turns":4.0},{"damage":10.0,"enemies":"Snake Plant","floor":29.0,"turns":3.0},{"damage":0.0,"enemies":"Slavers","floor":31.0,"turns":4.0},{"damage":22.0,"enemies":"Champ","floor":33.0,"turns":9.0},{"damage":0.0,"enemies":"3 Shapes","floor":35.0,"turns":7.0},{"damage":0.0,"enemies":"3 Darklings","floor":36.0,"turns":4.0},{"damage":40.0,"enemies":"Reptomancer","floor":40.0,"turns":6.0},{"damage":0.0,"enemies":"Giant Head","floor":42.0,"turns":4.0},{"damage":0.0,"enemies":"Reptomancer","floor":44.0,"turns":2.0},{"damage":0.0,"enemies":"Sphere and 2 Shapes","floor":45.0,"turns":1.0},{"damage":0,"enemies":"Mind Bloom Boss Battle","floor":47,"turns":3},{"damage":0,"enemies":"Giant Head","floor":48,"turns":4},{"damage":0,"enemies":"Donu and Deca","floor":50,"turns":5},{"damage":46,"enemies":"Awakened One","floor":51,"turns":8},{"damage":43,"enemies":"Shield and Spear","floor":55,"turns":6},{"damage":47,"enemies":"The Heart","floor":56,"turns":3}],"seed_played":"2838650481083828478","potions_obtained":[{"floor":1.0,"key":"ColorlessPotion"},{"floor":4.0,"key":"Poison Potion"},{"floor":7.0,"key":"LiquidMemories"},{"floor":10.0,"key":"Dexterity Potion"},{"floor":22.0,"key":"Poison Potion"},{"floor":24.0,"key":"SmokeBomb"},{"floor":29.0,"key":"Ancient Potion"},{"floor":31.0,"key":"Regen Potion"},{"floor":44.0,"key":"AttackPotion"},{"floor":45.0,"key":"SpeedPotion"},{"floor":47,"key":"FearPotion"}],"is_trial":false,"path_per_floor":["M","M","M","M","?","R","E","M","T","M","?","?","E","M","R","B",null,"M","?","$","M","M","R","M","M","T","R","E","M","$","E","R","B",null,"M","M","$","?","?","E","R","E","T","E","M","?","?","E","R","B","B",null,"R","$","E","B"],"character_chosen":"THE_SILENT","items_purchased":["Pocketwatch","Bronze Scales","Blur","Ornamental Fan","Cloak And Dagger+1","Accuracy","Juzu Bracelet","Accuracy","Storm of Steel+1","DuplicationPotion"],"campfire_rested":1,"item_purchase_floors":[0,0,0,20,20,30,37,37,54,54],"current_hp_per_floor":[52,49,49,35,35,35,10,7,7,7,7,23,22,17,17,19,54,48,29,29,30,32,32,28,35,35,54,56,48,48,50,50,30,57,64,66,66,66,66,40,40,42,42,59,61,61,80,80,80,80,39,70,70,70,34,0,0],"gold":69,"neow_bonus":"","is_daily":false,"chose_seed":false,"campfire_upgraded":6,"win_rate":0.0,"timestamp":1611567470,"path_taken":["M","M","M","M","?","R","E","M","T","M","?","?","E","M","R","BOSS","M","?","$","M","M","R","M","M","T","R","E","M","?","E","R","BOSS","M","M","?","?","?","E","R","E","T","E","M","?","?","E","R","BOSS","BOSS","R","$","E","BOSS"],"items_purchased_type":["Relic","Relic","Card","Relic","Card","Card","Relic","Card","Card","Potion"],"build_version":"2020-12-22","purchased_purges":2,"victory":false,"max_hp_per_floor":[66,66,66,66,66,66,66,66,66,66,66,66,66,66,66,66,66,66,66,66,66,66,66,66,66,66,66,66,66,66,66,66,66,66,66,66,66,66,66,66,66,66,66,66,66,66,80,80,80,80,80,80,80,80,80,80,80],"relic_stats":{"Happy Flower":[20],"counters":[57,261],"CeramicFish":216,"Dead Branch":[148],"Juzu Bracelet":3,"Blood Vial":38,"Tough Bandages":[249],"Ornamental Fan":[360],"Bronze Scales":[356],"Pandora\u0027s Box":["Bane","Die Die Die","Dash","Dagger Throw","Catalyst","Deadly Poison","Deflect","Endless Agony"],"obtain_stats":[{"CeramicFish":9,"Mango":47,"Juzu Bracelet":37,"Blood Vial":13,"Centennial Puzzle":7,"Tough Bandages":42,"WristBlade":17,"Ninja Scroll":10,"MealTicket":8,"Tiny Chest":9,"Toxic Egg 2":7,"Ring of the Snake":0,"Happy Flower":31,"Dead Branch":44,"Oddly Smooth Stone":55,"Omamori":40,"Orichalcum":9,"Bottled Flame":11,"Ornamental Fan":20,"Bronze Scales":0,"Molten Egg 2":26,"Pandora\u0027s Box":34,"Toy Ornithopter":9,"Unceasing Top":48,"Pocketwatch":0},{"CeramicFish":5,"Mango":52,"Juzu Bracelet":47,"Blood Vial":34,"Centennial Puzzle":5,"Tough Bandages":49,"WristBlade":36,"Ninja Scroll":5,"MealTicket":15,"Tiny Chest":15,"Toxic Egg 2":31,"Ring of the Snake":0,"Happy Flower":44,"Dead Branch":50,"Oddly Smooth Stone":56,"Omamori":48,"Orichalcum":23,"Bottled Flame":24,"Ornamental Fan":37,"Bronze Scales":26,"Molten Egg 2":41,"Pandora\u0027s Box":45,"Toy Ornithopter":32,"Unceasing Top":53,"Pocketwatch":0},{"CeramicFish":18,"Mango":235,"Juzu Bracelet":219,"Blood Vial":158,"Centennial Puzzle":18,"Tough Bandages":229,"WristBlade":171,"Ninja Scroll":18,"MealTicket":76,"Tiny Chest":76,"Toxic Egg 2":145,"Ring of the Snake":0,"Happy Flower":199,"Dead Branch":231,"Oddly Smooth Stone":258,"Omamori":225,"Orichalcum":114,"Bottled Flame":120,"Ornamental Fan":176,"Bronze Scales":125,"Molten Egg 2":188,"Pandora\u0027s Box":208,"Toy Ornithopter":148,"Unceasing Top":239,"Pocketwatch":0}],"Toy Ornithopter":53,"Unceasing Top":[2],"Ring of the Snake":[115],"Pocketwatch":[90]},"card_choices":[{"not_picked":["Acrobatics","Slice"],"picked":"Blade Dance","floor":1.0},{"not_picked":["Setup","Prepared"],"picked":"Quick Slash","floor":2.0},{"not_picked":["Dagger Throw","Backflip"],"picked":"Deadly Poison","floor":3.0},{"not_picked":["Outmaneuver","PiercingWail"],"picked":"Glass Knife","floor":4.0},{"not_picked":["Poisoned Stab","Caltrops"],"picked":"Flying Knee","floor":7.0},{"not_picked":["Setup+1","Poisoned Stab"],"picked":"Prepared+1","floor":8.0},{"not_picked":["Dagger Throw","Quick Slash"],"picked":"Deflect+1","floor":10.0},{"not_picked":["Choke","Dodge and Roll+1"],"picked":"Tactician+1","floor":13.0},{"not_picked":["Distraction+1","Dodge and Roll+1"],"picked":"Leg Sweep+1","floor":14.0},{"not_picked":["Malaise+1","Bullet Time+1"],"picked":"Adrenaline+1","floor":16.0},{"not_picked":["Prepared+1","Deflect+1"],"picked":"Blade Dance+1","floor":18.0},{"not_picked":["Riddle With Holes","Dagger Spray"],"picked":"Footwork","floor":21.0},{"not_picked":["Bouncing Flask+1","Blade Dance+1"],"picked":"PiercingWail+1","floor":22.0},{"not_picked":["Poisoned Stab","Dagger Throw"],"picked":"Blade Dance+1","floor":24.0},{"not_picked":["Dagger Throw+1","Deadly Poison+1"],"picked":"Bane+1","floor":28.0},{"not_picked":["Dagger Throw+1","Dodge and Roll+1"],"picked":"Acrobatics+1","floor":29.0},{"not_picked":["Well Laid Plans","Flying Knee+1"],"picked":"Adrenaline+1","floor":31.0},{"not_picked":["Grand Finale+1","Doppelganger+1"],"picked":"Venomology+1","floor":33.0},{"not_picked":["Masterful Stab+1","Predator+1"],"picked":"Outmaneuver+1","floor":35.0},{"not_picked":["Outmaneuver+1","Flechettes+1"],"picked":"Cloak And Dagger+1","floor":36.0},{"not_picked":["Expertise+1","Deflect+1"],"picked":"Backstab+1","floor":40.0},{"not_picked":["Bouncing Flask+1","Deflect+1","Outmaneuver+1"],"picked":"SKIP","floor":42.0},{"not_picked":["Dodge and Roll+1","Expertise+1"],"picked":"Terror+1","floor":44.0},{"not_picked":["Bouncing Flask+1","Leg Sweep+1"],"picked":"Calculated Gamble+1","floor":45.0},{"not_picked":["Poisoned Stab+1","Sucker Punch+1"],"picked":"Dodge and Roll+1","floor":47},{"not_picked":["Quick Slash+1","Catalyst+1","Bane+1"],"picked":"SKIP","floor":48},{"not_picked":["Adrenaline+1","Outmaneuver+1"],"picked":"Leg Sweep+1","floor":55}],"player_experience":948102,"relics_obtained":[{"floor":7.0,"key":"Toxic Egg 2"},{"floor":9.0,"key":"Toy Ornithopter"},{"floor":13.0,"key":"Blood Vial"},{"floor":26.0,"key":"Molten Egg 2"},{"floor":28.0,"key":"CeramicFish"},{"floor":31.0,"key":"Happy Flower"},{"floor":40.0,"key":"Omamori"},{"floor":42.0,"key":"Tough Bandages"},{"floor":44.0,"key":"Dead Branch"},{"floor":47,"key":"Mango"},{"floor":48,"key":"Unceasing Top"},{"floor":55,"key":"Oddly Smooth Stone"}],"event_choices":[{"damage_healed":0.0,"max_hp_gain":0.0,"max_hp_loss":0.0,"gold_gain":0.0,"event_name":"Living Wall","player_choice":"Grow","floor":5.0,"gold_loss":0.0,"damage_taken":0.0,"cards_upgraded":["Glass Knife"]},{"damage_healed":0.0,"max_hp_gain":0.0,"max_hp_loss":0.0,"gold_gain":0.0,"event_name":"Scrap Ooze","player_choice":"Fled","floor":11.0,"gold_loss":0.0,"damage_taken":0.0},{"damage_healed":16.0,"max_hp_gain":0.0,"max_hp_loss":0.0,"gold_gain":0.0,"event_name":"The Cleric","player_choice":"Healed","floor":12.0,"gold_loss":35.0,"damage_taken":0.0},{"damage_healed":0.0,"max_hp_gain":0.0,"max_hp_loss":0.0,"gold_gain":180.0,"event_name":"Knowing Skull","player_choice":"GOLD GOLD ","floor":19.0,"potions_obtained":[],"gold_loss":0.0,"damage_taken":19.0,"cards_obtained":[]},{"damage_healed":0.0,"max_hp_gain":0.0,"max_hp_loss":0.0,"gold_gain":0.0,"event_name":"Designer","player_choice":"Upgraded Two","floor":38.0,"gold_loss":50.0,"damage_taken":0.0,"cards_upgraded":["Quick Slash","Flying Knee"]},{"damage_healed":0.0,"max_hp_gain":0.0,"max_hp_loss":0.0,"gold_gain":0.0,"event_name":"Duplicator","player_choice":"Copied","floor":39.0,"gold_loss":0.0,"damage_taken":0.0,"cards_obtained":["Catalyst"]},{"damage_healed":0,"gold_gain":0,"player_choice":"1 cards matched","damage_taken":0,"max_hp_gain":0,"max_hp_loss":0,"event_name":"Match and Keep!","floor":46,"gold_loss":0,"cards_obtained":["After Image"]},{"damage_healed":0,"gold_gain":0,"player_choice":"Fight","damage_taken":0,"max_hp_gain":0,"max_hp_loss":0,"event_name":"MindBloom","floor":47,"gold_loss":0}],"is_beta":false,"boss_relics":[{"not_picked":["Busted Crown","Runic Dome"],"picked":"WristBlade"},{"not_picked":["Sozu","Philosopher\u0027s Stone"],"picked":"Pandora\u0027s Box"}],"items_purged_floors":[0,20],"is_endless":false,"potions_floor_spawned":[1,4,7,10,22,24,29,31,44,45,47,55],"killed_by":"The Heart","ascension_level":20}}