{"host":"9eojso4kl4lidi9b","time":1611554185,"event":{"mods":["BaseMod","Beaked The Cultist","Better Skull","Colored Map","Colored Powertips","Conspire","Downfall","GifTheSpireLib","Minty Spire (QoL Compilation)","Random Character Button","Small Relic Pack","StSLib","Stuff the Spire","The Blackbeard","The Necromancer","The Poker Player","The Wild Card","Trackpad","Unceasing Turn Reminder","Yuri Mod"],"gold_per_floor":[112,125,125,139,139,169,169,186,238,238,238,254,283,102,102,200,200,220,231,330,356,356,356,372,400,400,400,430,430,447,460,460,565,565,578,578,184,204,46,73,83,0,26,52,63,76,76,91,91,91],"floor_reached":51,"language":"ENG","playtime":2644,"items_purged":[],"score":857,"play_id":"3a70e91f-7952-4181-b1a2-90b51994e5b4","local_time":"20210124235625","is_ascension_mode":false,"metric_token":1298,"campfire_choices":[{"floor":7,"key":"REST"},{"data":"PokerPlayerMod:Mulligan","floor":11,"key":"SMITH"},{"floor":15,"key":"REST"},{"data":"PokerPlayerMod:JackOfSpades","floor":23,"key":"SMITH"},{"data":"PokerPlayerMod:TrumpStrike","floor":27,"key":"SMITH"},{"data":"PokerPlayerMod:Raise","floor":32,"key":"SMITH"},{"data":"PokerPlayerMod:ClubStrike","floor":49,"key":"SMITH"}],"circlet_count":0,"master_deck":["PokerPlayerMod:Diamond2","PokerPlayerMod:Diamond3","PokerPlayerMod:Diamond4","PokerPlayerMod:Diamond5","PokerPlayerMod:Spade1","PokerPlayerMod:Spade2","PokerPlayerMod:Spade3","PokerPlayerMod:Spade4","PokerPlayerMod:Club2","PokerPlayerMod:Club2","PokerPlayerMod:Heart2","PokerPlayerMod:TrumpStrike+1","PokerPlayerMod:BadJoker+1","PokerPlayerMod:Mulligan+1","PokerPlayerMod:JackOfSpades+1","PokerPlayerMod:Trickery","PokerPlayerMod:DiamondStrike","PokerPlayerMod:Raise+1","PokerPlayerMod:Heart9","PokerPlayerMod:Trickery","PokerPlayerMod:Club7","PokerPlayerMod:Manipulation+1","PokerPlayerMod:Club5","PokerPlayerMod:Heart4","PokerPlayerMod:Club10+","PokerPlayerMod:Trickery","PokerPlayerMod:Configure+1","PokerPlayerMod:ClubsClub+1","PokerPlayerMod:Trickery+1","PokerPlayerMod:Trickery+1","PokerPlayerMod:Diamond5","PokerPlayerMod:Club10+","PokerPlayerMod:Diamond3","PokerPlayerMod:Club9","PokerPlayerMod:WasteCollection+1","PokerPlayerMod:Manipulation+1","PokerPlayerMod:WildCard+1","PokerPlayerMod:CloakAndDiamond+1","PokerPlayerMod:Trickery","PokerPlayerMod:HotShotCut+1","PokerPlayerMod:Club7","PokerPlayerMod:ClubStrike+1","PokerPlayerMod:Heart4"],"relics":["PokerPlayerMod:DeckCase","Potion Belt","conspire:Dentures","Boot","Centennial Puzzle","Toxic Egg 2","yuri:PortableGlitches","Busted Crown","trackpad:AdjectivePendant","Question Card","trackpad:WritersBlock","StuffTheSpire:Barrel","conspire:SpecialSausage","War Paint","trackpad:BottledShadow","Red Mask","Strawberry","Happy Flower"],"acts_visited":["Exordium","TheCity","TheBeyond"],"potions_floor_usage":[16,18,28,33,41,48,50,50,50],"damage_taken":[{"damage":11,"enemies":"Small Slimes","floor":1,"turns":3},{"damage":2,"enemies":"conspire:RoseBush","floor":2,"turns":2},{"damage":0,"enemies":"2 Louse","floor":4,"turns":1},{"damage":11,"enemies":"Lagavulin","floor":6,"turns":5},{"damage":10,"enemies":"Gremlin Gang","floor":8,"turns":3},{"damage":9,"enemies":"Red Slaver","floor":12,"turns":2},{"damage":10,"enemies":"Gremlin Nob","floor":13,"turns":3},{"damage":11,"enemies":"Slime Boss","floor":16,"turns":6},{"damage":2,"enemies":"Chosen","floor":18,"turns":2},{"damage":11,"enemies":"Spheric Guardian","floor":19,"turns":4},{"damage":12,"enemies":"Shelled Parasite and Fungi","floor":24,"turns":3},{"damage":0,"enemies":"conspire:Head Lice","floor":25,"turns":4},{"damage":2,"enemies":"Slavers","floor":28,"turns":2},{"damage":9,"enemies":"Snake Plant","floor":30,"turns":3},{"damage":3,"enemies":"3 Cultists","floor":31,"turns":3},{"damage":16,"enemies":"Automaton","floor":33,"turns":10},{"damage":14,"enemies":"3 Darklings","floor":35,"turns":3},{"damage":0,"enemies":"3 Shapes","floor":38,"turns":1},{"damage":30,"enemies":"Reptomancer","floor":40,"turns":4},{"damage":0,"enemies":"Spire Growth","floor":41,"turns":3},{"damage":12,"enemies":"Nemesis","floor":44,"turns":4},{"damage":12,"enemies":"Writhing Mass","floor":45,"turns":3},{"damage":15,"enemies":"Maw","floor":46,"turns":6},{"damage":0,"enemies":"Sphere and 2 Shapes","floor":48,"turns":1},{"damage":88,"enemies":"conspire:OrnateMirror","floor":50,"turns":9}],"seed_played":"3925729431064127357","potions_obtained":[{"floor":2,"key":"SpeedPotion"},{"floor":8,"key":"Weak Potion"},{"floor":12,"key":"DuplicationPotion"},{"floor":13,"key":"SneckoOil"},{"floor":16,"key":"ColorlessPotion"},{"floor":25,"key":"PowerPotion"},{"floor":30,"key":"Dexterity Potion"},{"floor":35,"key":"Guardian:BlockOnCardUsePotion"},{"floor":40,"key":"champ:CounterPotion"},{"floor":44,"key":"ColorlessPotion"},{"floor":45,"key":"Regen Potion"}],"is_trial":false,"path_per_floor":["M","M","?","M","?","E","R","M","T","T","R","M","E","$","R","B",null,"M","M","?","T","?","R","M","E","T","R","E","?","M","M","R","B",null,"M","?","$","M","$","E","M","?","T","E","M","M","?","M","R","B",null],"character_chosen":"THE_POKER_PLAYER","items_purchased":["PokerPlayerMod:Manipulation+1","PokerPlayerMod:Club5","PokerPlayerMod:Heart4","PokerPlayerMod:Club9","War Paint","PokerPlayerMod:WasteCollection+1","PokerPlayerMod:WildCard+1"],"campfire_rested":2,"item_purchase_floors":[14,14,14,37,37,37,39],"current_hp_per_floor":[47,47,40,46,46,38,52,45,45,45,45,49,41,41,52,51,52,52,49,49,49,49,49,50,52,52,52,52,52,43,49,49,47,52,52,52,52,52,52,41,52,52,59,55,59,44,44,54,54,2],"gold":91,"neow_bonus":"RANDOM_COMMON_RELIC","is_daily":false,"chose_seed":false,"campfire_upgraded":5,"win_rate":0.0,"timestamp":1611554185,"path_taken":["M","M","?","M","?","E","R","M","T","?","R","?","E","?","R","BOSS","M","M","?","?","?","R","M","E","T","R","E","?","M","?","R","BOSS","M","?","?","M","$","E","?","?","T","E","M","M","?","?","R","BOSS"],"items_purchased_type":["Card","Card","Card","Card","Relic","Card","Card"],"build_version":"2020-12-22","purchased_purges":0,"victory":true,"max_hp_per_floor":[52,52,52,52,52,52,52,52,52,52,52,52,52,52,52,52,52,52,52,52,52,52,52,52,52,52,52,52,52,52,52,52,52,52,52,52,52,52,52,52,52,52,59,59,59,59,59,59,59,59],"card_choices":[{"not_picked":["PokerPlayerMod:SpadeStrike","PokerPlayerMod:Diamond2"],"picked":"PokerPlayerMod:JackOfSpades","floor":1},{"not_picked":["PokerPlayerMod:Raise","PokerPlayerMod:Spade6"],"picked":"PokerPlayerMod:Trickery","floor":2},{"not_picked":["PokerPlayerMod:CardBurn","PokerPlayerMod:SecondChance"],"picked":"PokerPlayerMod:DiamondStrike","floor":4},{"not_picked":["PokerPlayerMod:Spade1","PokerPlayerMod:Spade2"],"picked":"PokerPlayerMod:Raise","floor":6},{"not_picked":["PokerPlayerMod:MagicTrick","PokerPlayerMod:Diamond3"],"picked":"PokerPlayerMod:Heart9","floor":8},{"not_picked":["PokerPlayerMod:Diamond4","PokerPlayerMod:CardBurn+1"],"picked":"PokerPlayerMod:Trickery","floor":12},{"not_picked":["PokerPlayerMod:Club2","PokerPlayerMod:Configure+1"],"picked":"PokerPlayerMod:Club7","floor":13},{"not_picked":["PokerPlayerMod:ItsShowtime+1","PokerPlayerMod:Heart10+"],"picked":"PokerPlayerMod:Club10+","floor":16},{"not_picked":[],"picked":"PokerPlayerMod:Trickery","floor":18},{"not_picked":["PokerPlayerMod:CardBurn+1"],"picked":"SKIP","floor":19},{"not_picked":[],"picked":"PokerPlayerMod:Configure+1","floor":24},{"not_picked":[],"picked":"PokerPlayerMod:ClubsClub+1","floor":25},{"not_picked":["PokerPlayerMod:FillThePot+1"],"picked":"PokerPlayerMod:Trickery+1","floor":28},{"not_picked":["PokerPlayerMod:Spade1"],"picked":"PokerPlayerMod:Trickery+1","floor":30},{"not_picked":["PokerPlayerMod:JackOfSpades+1"],"picked":"PokerPlayerMod:Diamond5","floor":31},{"not_picked":["PokerPlayerMod:ItsShowtime+1"],"picked":"PokerPlayerMod:Club10+","floor":33},{"not_picked":["PokerPlayerMod:Spade1"],"picked":"PokerPlayerMod:Diamond3","floor":35},{"not_picked":["PokerPlayerMod:Diamond7"],"picked":"PokerPlayerMod:Manipulation+1","floor":38},{"not_picked":["PokerPlayerMod:DiamondStrike+1"],"picked":"PokerPlayerMod:CloakAndDiamond+1","floor":40},{"not_picked":["PokerPlayerMod:Diamond1"],"picked":"PokerPlayerMod:Trickery","floor":41},{"not_picked":["PokerPlayerMod:Spade3"],"picked":"PokerPlayerMod:HotShotCut+1","floor":44},{"not_picked":["PokerPlayerMod:Club4"],"picked":"PokerPlayerMod:Club7","floor":45},{"not_picked":["PokerPlayerMod:RiskyBet+1","PokerPlayerMod:Diamond2"],"picked":"SKIP","floor":46},{"not_picked":["PokerPlayerMod:Diamond3"],"picked":"PokerPlayerMod:Heart4","floor":48}],"player_experience":1080343,"relics_obtained":[{"floor":6,"key":"Boot"},{"floor":9,"key":"Centennial Puzzle"},{"floor":10,"key":"Toxic Egg 2"},{"floor":13,"key":"yuri:PortableGlitches"},{"floor":21,"key":"trackpad:AdjectivePendant"},{"floor":25,"key":"Question Card"},{"floor":26,"key":"trackpad:WritersBlock"},{"floor":28,"key":"StuffTheSpire:Barrel"},{"floor":40,"key":"trackpad:BottledShadow"},{"floor":43,"key":"Strawberry"},{"floor":44,"key":"Happy Flower"}],"event_choices":[{"damage_healed":0,"gold_gain":0,"player_choice":"Success","damage_taken":7,"relics_obtained":["conspire:Dentures"],"max_hp_gain":0,"max_hp_loss":0,"event_name":"Scrap Ooze","floor":3,"gold_loss":0},{"damage_healed":0,"gold_gain":99,"player_choice":"Stole From Cult","damage_taken":0,"max_hp_gain":0,"max_hp_loss":0,"event_name":"Nest","floor":20,"gold_loss":0},{"damage_healed":0,"gold_gain":0,"player_choice":"Ignored","damage_taken":0,"max_hp_gain":0,"max_hp_loss":0,"event_name":"Ghosts","floor":29,"gold_loss":0},{"damage_healed":0,"gold_gain":0,"player_choice":"Upgraded","damage_taken":0,"max_hp_gain":0,"max_hp_loss":0,"event_name":"Upgrade Shrine","floor":36,"gold_loss":0,"cards_upgraded":["PokerPlayerMod:Club2"]},{"damage_healed":0,"gold_gain":0,"player_choice":"Paid","damage_taken":0,"relics_obtained":["Red Mask"],"max_hp_gain":0,"max_hp_loss":0,"event_name":"Tomb of Lord Red Mask","floor":42,"gold_loss":83},{"damage_healed":0,"gold_gain":0,"cards_transformed":["PokerPlayerMod:Diamond1"],"player_choice":"Transformed","damage_taken":0,"max_hp_gain":0,"max_hp_loss":0,"event_name":"Transmorgrifier","floor":47,"gold_loss":0,"cards_obtained":["PokerPlayerMod:ClubStrike"]}],"is_beta":false,"boss_relics":[{"not_picked":["Calling Bell","Empty Cage"],"picked":"Busted Crown"},{"not_picked":["SacredBark","StuffTheSpire:ModemDavis"],"picked":"conspire:SpecialSausage"}],"items_purged_floors":[],"is_endless":false,"potions_floor_spawned":[2,8,12,13,16,25,30,35,40,44,45],"ascension_level":0}}