{"host":"guv5thfpx4d8ikzb","time":1611537403,"event":{"mods":["2.2 Compatiblity","AchievementEnabler","BaseMod","Block Reminder","Colored Map","Colored Powertips","Downfall","Minty Spire (QoL Compilation)","Permanent Neow","Quick Restart","Relic Stats","Replay The Spire","StSLib"],"gold_per_floor":[99,113,127,127,146,162,162,172,28,28,28,28,2785,2785,2803,5902,5902,5902,5902],"floor_reached":17,"language":"ENG","playtime":382,"items_purged":["hexamod:Strike"],"score":297,"play_id":"c5ed6e32-46b1-4d59-b66f-9e00d1476967","local_time":"20210124201643","is_ascension_mode":false,"campfire_choices":[{"floor":1,"key":"RECALL"},{"data":"Deadly Poison","floor":10,"key":"SMITH"},{"data":"Poisoned Strike","floor":12,"key":"SMITH"}],"circlet_count":0,"master_deck":["hexamod:Strike","hexamod:Strike","hexamod:Strike","hexamod:Defend","hexamod:Defend","hexamod:Defend","hexamod:Defend","hexamod:Sear","hexamod:Hexaguard","hexamod:ApocalypseNow","Survivor","Deadly Poison+1","hexamod:SoulSteal","hexamod:SearingWound","Poisoned Strike+1","hexamod:RainOfEmbers+1","hexamod:SuperheatedStrike+1","hexamod:GhostflameBarrier","Poisoned Strike+1","hexamod:RainOfEmbers+1","ReplayTheSpireMod:Restless Dread","hexamod:UnlimitedPower","Noxious Fumes","hexamod:ForkedFlame+1"],"relics":["m_HexaRing","Replay:Accelerometer","Question Card","Question Card","Question Card","Prayer Wheel","Prayer Wheel","Prayer Wheel","Prayer Wheel","Molten Egg 2","hexamod:IceCube"],"acts_visited":["Exordium","TheCity"],"potions_floor_usage":[],"damage_taken":[{"damage":0,"enemies":"Cultist","floor":2,"turns":1},{"damage":0,"enemies":"Small Slimes","floor":3,"turns":1},{"damage":0,"enemies":"Jaw Worm","floor":5,"turns":4},{"damage":1,"enemies":"Large Slime","floor":6,"turns":6},{"damage":0,"enemies":"Gremlin Gang","floor":8,"turns":1},{"damage":0,"enemies":"downfall:FleeingMerchant","floor":9,"turns":1},{"damage":9,"enemies":"Red Slaver","floor":15,"turns":2},{"damage":0,"enemies":"DF_ARCHETYPE_STREAMLINE","floor":16,"turns":1}],"seed_played":"-7722432679245543973","potions_obtained":[{"floor":3,"key":"Adrenaline Potion"},{"floor":8,"key":"Block Potion"},{"floor":15,"key":"Swift Potion"}],"is_trial":true,"path_per_floor":["R","M","M","?","M","M","T","M","$","R","$","R","$","?","M","B",null],"character_chosen":"THE_SPIRIT","items_purchased":["Poisoned Strike","Molten Egg 2","hexamod:RainOfEmbers+1","hexamod:SuperheatedStrike+1","hexamod:GhostflameBarrier"],"campfire_rested":0,"item_purchase_floors":[9,9,13,13,13],"current_hp_per_floor":[70,70,70,70,70,69,69,69,69,69,69,69,69,69,60,60,70,70,70],"gold":5902,"neow_bonus":"","is_daily":false,"chose_seed":false,"campfire_upgraded":2,"win_rate":0.0,"timestamp":1611537403,"path_taken":["R","M","M","?","M","M","T","M","?","R","$","R","$","?","?","BOSS"],"items_purchased_type":["Card","Relic","Card","Card","Card"],"build_version":"2020-12-22","purchased_purges":1,"victory":false,"max_hp_per_floor":[70,70,70,70,70,70,70,70,70,70,70,70,70,70,70,70,70,70,70],"relic_stats":{"counters":[8,17],"Prayer Wheel":1,"Question Card":21,"obtain_stats":[{"Replay:Accelerometer":7,"Prayer Wheel":8,"Molten Egg 2":9,"Question Card":8,"hexamod:SpiritBrand":0,"hexamod:IceCube":17,"m_HexaRing":4},{"Replay:Accelerometer":4,"Prayer Wheel":5,"Molten Egg 2":6,"Question Card":5,"hexamod:SpiritBrand":0,"hexamod:IceCube":8,"m_HexaRing":2},{"Replay:Accelerometer":12,"Prayer Wheel":13,"Molten Egg 2":14,"Question Card":13,"hexamod:SpiritBrand":0,"hexamod:IceCube":17,"m_HexaRing":2}]},"card_choices":[{"not_picked":["hexamod:HauntingEcho","hexamod:HeatShield"],"picked":"hexamod:Hexaguard","floor":2},{"not_picked":["hexamod:HauntingEcho","hexamod:SwordOfDarkness"],"picked":"hexamod:ApocalypseNow","floor":3},{"not_picked":["hexamod:HauntingEcho","hexamod:NightmareStrike"],"picked":"Deadly Poison","floor":5},{"not_picked":["hexamod:ShieldOfDarkness","hexamod:InspiringFlames"],"picked":"hexamod:SoulSteal","floor":6},{"not_picked":["hexamod:BacktrackSmack","hexamod:SuperheatedStrike"],"picked":"hexamod:SearingWound","floor":8},{"not_picked":["hexamod:FlamesFromBeyond","hexamod:GhostOfSpirePast","Bane","hexamod:SoulSteal","hexamod:Hexaguard","hexamod:EtherealExpedition"],"picked":"SKIP","floor":9},{"not_picked":["hexamod:ThirdSeal","hexamod:NightmareGuise","hexamod:RetreatToShadows","hexamod:HauntingEcho+1","hexamod:HeatMetal+1"],"picked":"hexamod:UnlimitedPower","floor":15},{"not_picked":["hexamod:NightmareStrike+1","hexamod:SwordOfDarkness+1","hexamod:FastForward","hexamod:EtherealExpedition","hexamod:RecurringNightmare"],"picked":"Noxious Fumes","floor":15},{"not_picked":["Poisoned Stab+1","hexamod:NightmareGuise","hexamod:ShieldOfDarkness","hexamod:RainOfEmbers+1","hexamod:FirstSeal","hexamod:TurnItUp"],"picked":"SKIP","floor":15},{"not_picked":["hexamod:GhostLash+1","hexamod:FlamesFromBeyond","hexamod:FastForward","hexamod:SecondSeal","hexamod:SpectersWail+1","hexamod:NightmareGuise"],"picked":"SKIP","floor":15},{"not_picked":["hexamod:SuperheatedStrike+1","hexamod:ShieldOfDarkness","hexamod:SoulSteal","hexamod:FourthSeal","hexamod:HeatMetal+1","hexamod:BacktrackSmack+1"],"picked":"SKIP","floor":15},{"not_picked":["Burst","hexamod:FifthSeal","Wraith Form v2","hexamod:GhostOfSpirePresent","hexamod:TimeOfNeed"],"picked":"hexamod:ForkedFlame+1","floor":16}],"player_experience":1110600,"relics_obtained":[{"floor":7,"key":"Replay:Accelerometer"}],"event_choices":[],"is_beta":false,"boss_relics":[{"not_picked":["Runic Pyramid","Coffee Dripper"],"picked":"hexamod:IceCube"}],"items_purged_floors":[13],"is_endless":false,"potions_floor_spawned":[3,8,15,16],"ascension_level":0}}