{"host":"kw4o7b3ro2ktmmbe","time":1611572604,"event":{"mods":["BaseMod","Evolution","Minty Spire (QoL Compilation)","StSLib","The Druid"],"gold_per_floor":[110,285,235,235,252,263,109,109,109,109,126,126,138,148,148,248,248,259,15,35,134,148,148,177,177,203,212,232,20,30,30,39,148,148,175,193,252,279,279,288,326,355,355,355,364,398,407,43,52,52],"floor_reached":51,"language":"ENG","playtime":8570,"items_purged":["Writhe"],"score":787,"play_id":"e1038874-8219-4a4b-a085-538dab7d5d89","local_time":"20210126000324","is_ascension_mode":true,"campfire_choices":[{"data":"theDruid:Recoil","floor":8.0,"key":"SMITH"},{"data":"theDruid:Forage","floor":10.0,"key":"SMITH"},{"data":"theDruid:BriarArmor","floor":12.0,"key":"SMITH"},{"data":"theDruid:ViralBites","floor":15.0,"key":"SMITH"},{"floor":23.0,"key":"REST"},{"floor":25.0,"key":"REST"},{"floor":32.0,"key":"REST"},{"floor":40.0,"key":"REST"},{"floor":45,"key":"REST"},{"floor":47,"key":"REST"},{"floor":49,"key":"REST"}],"circlet_count":0,"master_deck":["theDruid:Swipe","theDruid:Strike_O","theDruid:Strike_O","theDruid:Defend_O","theDruid:Defend_O","theDruid:Defend_O","theDruid:Defend_O","theDruid:BriarArmor+1","theDruid:WildSlash","theDruid:Recoil+1","theDruid:Forage+1","theDruid:Infestation","theDruid:Infestation","theDruid:ThornStrike","theDruid:ViralBites+1","theDruid:SurvivalInstincts","theDruid:TakeShelter+1","theDruid:InsectSwarm","theDruid:ForestsSoul+1","theDruid:NaturalAgility+1","theDruid:HerbalismKit+1","theDruid:PrimalStrength","theDruid:Rabid","theDruid:Scavenge+1","Madness+1","Madness+1","theDruid:BlessedStrike+1","theDruid:PlagueClaw+1","theDruid:Recoil+1","theDruid:Recoil+1","theDruid:ThornStrike+1","theDruid:IronClaw+1","theDruid:InsectSwarm+1","theDruid:Forage+1","theDruid:HerbalismKit+1"],"relics":["EVO:Axolotl","Philosopher\u0027s Stone","Toy Ornithopter","Eternal Feather","Fusion Hammer","Toxic Egg 2","Dream Catcher","CeramicFish","Lizard Tail","Bronze Scales","SlaversCollar","FossilizedHelix","theDruid:PlagueMask","Prayer Wheel","Lantern","Incense Burner"],"acts_visited":["Exordium","TheCity","TheBeyond"],"potions_floor_usage":[41,42,42,42,46,46,46,50,50,50,50,50,50],"damage_taken":[{"damage":2.0,"enemies":"2 Louse","floor":1.0,"turns":2.0},{"damage":3.0,"enemies":"Jaw Worm","floor":5.0,"turns":4.0},{"damage":0.0,"enemies":"Cultist","floor":6.0,"turns":4.0},{"damage":7.0,"enemies":"2 Fungi Beasts","floor":11.0,"turns":3.0},{"damage":0.0,"enemies":"Exordium Wildlife","floor":13.0,"turns":1.0},{"damage":25.0,"enemies":"Large Slime","floor":14.0,"turns":6.0},{"damage":73.0,"enemies":"Slime Boss","floor":16.0,"turns":14.0},{"damage":0.0,"enemies":"3 Byrds","floor":18.0,"turns":3.0},{"damage":22.0,"enemies":"Spheric Guardian","floor":20.0,"turns":5.0},{"damage":27.0,"enemies":"Cultist and Chosen","floor":22.0,"turns":8.0},{"damage":54.0,"enemies":"Gremlin Leader","floor":24.0,"turns":7.0},{"damage":11.0,"enemies":"Centurion and Healer","floor":28.0,"turns":12.0},{"damage":29.0,"enemies":"Snake Plant","floor":30.0,"turns":4.0},{"damage":15.0,"enemies":"Automaton","floor":33.0,"turns":11.0},{"damage":29.0,"enemies":"3 Shapes","floor":35.0,"turns":5.0},{"damage":0.0,"enemies":"Mind Bloom Boss Battle","floor":37.0,"turns":8.0},{"damage":18.0,"enemies":"3 Darklings","floor":38.0,"turns":8.0},{"damage":12,"enemies":"Nemesis","floor":41,"turns":10},{"damage":115,"enemies":"Transient","floor":42,"turns":5},{"damage":71,"enemies":"Reptomancer","floor":46,"turns":9},{"damage":38,"enemies":"Time Eater","floor":50,"turns":10}],"seed_played":"3596597898604094137","potions_obtained":[{"floor":1.0,"key":"DuplicationPotion"},{"floor":6.0,"key":"Regen Potion"},{"floor":11.0,"key":"Explosive Potion"},{"floor":16.0,"key":"BlessingOfTheForge"},{"floor":28.0,"key":"FearPotion"},{"floor":33.0,"key":"CultistPotion"},{"floor":41,"key":"Energy Potion"},{"floor":42,"key":"Ancient Potion"},{"floor":46,"key":"PowerPotion"}],"is_trial":false,"path_per_floor":["M","?","?","?","M","M","$","R","T","R","M","R","M","M","R","B",null,"M","$","M","?","M","R","E","R","T","?","M","$","M","?","R","B",null,"M","?","?","M","?","R","E","M","T","?","R","E","R","$","R","B",null],"character_chosen":"DRUID","items_purchased":["Toy Ornithopter","Toxic Egg 2","Bronze Scales","theDruid:HerbalismKit+1","Incense Burner"],"campfire_rested":7,"item_purchase_floors":[7,19,29,29,48],"current_hp_per_floor":[73,73,73,73,70,73,73,73,73,75,73,75,75,55,64,21,75,75,75,53,53,36,67,18,49,49,49,43,43,23,23,57,60,75,56,47,62,59,59,75,68,37,37,37,75,23,63,63,75,72],"gold":52,"neow_bonus":"BOSS_RELIC","is_daily":false,"chose_seed":false,"campfire_upgraded":4,"win_rate":0.0,"timestamp":1611572604,"path_taken":["M","?","?","?","M","M","$","R","T","R","M","R","M","M","R","BOSS","M","$","M","?","M","R","E","R","T","?","?","$","M","?","R","BOSS","M","?","?","M","?","R","E","M","T","?","R","E","R","$","R","BOSS"],"items_purchased_type":["Relic","Relic","Relic","Card","Relic"],"build_version":"2020-12-22","purchased_purges":1,"victory":true,"max_hp_per_floor":[75,75,75,75,75,75,75,75,75,75,75,75,75,75,75,75,75,75,75,75,75,75,75,75,75,75,75,75,75,75,75,75,75,75,75,75,75,75,75,75,75,75,75,75,75,75,75,75,75,75],"card_choices":[{"not_picked":["theDruid:FullMoon","theDruid:TwilightsCall"],"picked":"theDruid:Recoil","floor":1.0},{"not_picked":["theDruid:BlessedStrike","theDruid:Swipe"],"picked":"theDruid:Forage","floor":5.0},{"not_picked":["theDruid:Swipe","theDruid:Gore"],"picked":"theDruid:Infestation","floor":6.0},{"not_picked":["theDruid:IronClaw","theDruid:ThornStrike"],"picked":"theDruid:Infestation","floor":11.0},{"not_picked":["theDruid:ThickHide","theDruid:TakeShelter"],"picked":"theDruid:ThornStrike","floor":13.0},{"not_picked":["theDruid:Slingshot","theDruid:Guidance"],"picked":"theDruid:ViralBites","floor":14.0},{"not_picked":["theDruid:CelestialSurge","theDruid:WildFrenzy"],"picked":"theDruid:SurvivalInstincts","floor":16.0},{"not_picked":["theDruid:IronClaw","theDruid:FelineGrace+1"],"picked":"theDruid:TakeShelter+1","floor":18.0},{"not_picked":["theDruid:ThickHide+1","theDruid:Moonbeam","theDruid:BagofTricks+1"],"picked":"SKIP","floor":20.0},{"not_picked":["theDruid:Starfall+1","theDruid:Resupply+1","theDruid:PlagueClaw"],"picked":"SKIP","floor":22.0},{"not_picked":["theDruid:LunarScythe","theDruid:Fortitude"],"picked":"theDruid:InsectSwarm","floor":24.0},{"not_picked":["theDruid:Slingshot+1","theDruid:Prowl+1"],"picked":"theDruid:ForestsSoul+1","floor":25.0},{"not_picked":["theDruid:Swipe","theDruid:Recoil+1"],"picked":"theDruid:NaturalAgility+1","floor":28.0},{"not_picked":["theDruid:TwilightsCall+1","theDruid:Swipe+1","theDruid:FaerieFire+1"],"picked":"SKIP","floor":30.0},{"not_picked":["theDruid:BackupSupplies+1","theDruid:ThickHide+1"],"picked":"theDruid:PrimalStrength","floor":32.0},{"not_picked":["theDruid:TwinStars","theDruid:Mutilate"],"picked":"theDruid:Rabid","floor":33.0},{"not_picked":["theDruid:Resupply+1","theDruid:Resourcefulness"],"picked":"theDruid:Scavenge+1","floor":35.0},{"not_picked":["theDruid:WallofRoots+1","theDruid:PlagueClaw"],"picked":"theDruid:BlessedStrike+1","floor":37.0},{"not_picked":["theDruid:Starfall+1","theDruid:BlessedStrike+1"],"picked":"theDruid:PlagueClaw+1","floor":38.0},{"not_picked":["theDruid:BlessedStrike+1","theDruid:BagofTricks+1"],"picked":"theDruid:Recoil+1","floor":40.0},{"not_picked":["theDruid:FuriousSlash+1","theDruid:FelineGrace+1"],"picked":"theDruid:Recoil+1","floor":41},{"not_picked":["theDruid:ViralBites","theDruid:Impale"],"picked":"theDruid:ThornStrike+1","floor":42},{"not_picked":["theDruid:BrambleLash","theDruid:ThickHide+1"],"picked":"theDruid:IronClaw+1","floor":45},{"not_picked":["theDruid:BlessedStrike","theDruid:Infestation+1"],"picked":"theDruid:InsectSwarm+1","floor":46},{"not_picked":["theDruid:Moonbeam","theDruid:Impale+1"],"picked":"theDruid:Forage+1","floor":47},{"not_picked":["theDruid:Starfall","theDruid:Recoil+1"],"picked":"theDruid:HerbalismKit+1","floor":49}],"player_experience":1867143,"relics_obtained":[{"floor":9.0,"key":"Eternal Feather"},{"floor":24.0,"key":"Dream Catcher"},{"floor":26.0,"key":"CeramicFish"},{"floor":37.0,"key":"FossilizedHelix"},{"floor":41,"key":"theDruid:PlagueMask"},{"floor":43,"key":"Prayer Wheel"},{"floor":46,"key":"Lantern"}],"event_choices":[{"damage_healed":0.0,"max_hp_gain":0.0,"max_hp_loss":0.0,"gold_gain":175.0,"event_name":"Liars Game","player_choice":"AGREE","floor":2.0,"gold_loss":0.0,"damage_taken":0.0,"cards_obtained":["Doubt"]},{"cards_removed":["Doubt"],"damage_healed":0.0,"max_hp_gain":0.0,"max_hp_loss":0.0,"gold_gain":0.0,"event_name":"The Cleric","player_choice":"Card Removal","floor":3.0,"gold_loss":50.0,"damage_taken":0.0},{"cards_removed":["theDruid:Strike_O"],"damage_healed":0.0,"max_hp_gain":0.0,"max_hp_loss":0.0,"gold_gain":0.0,"event_name":"Bonfire Elementals","player_choice":"Offered Basic","floor":4.0,"gold_loss":0.0,"damage_taken":0.0},{"damage_healed":0.0,"max_hp_gain":0.0,"max_hp_loss":0.0,"gold_gain":99.0,"event_name":"Nest","player_choice":"Stole From Cult","floor":21.0,"gold_loss":0.0,"damage_taken":0.0},{"damage_healed":0.0,"max_hp_gain":0.0,"max_hp_loss":0.0,"gold_gain":0.0,"event_name":"The Mausoleum","player_choice":"Opened","floor":27.0,"gold_loss":0.0,"damage_taken":0.0,"relics_obtained":["Lizard Tail"],"cards_obtained":["Writhe"]},{"damage_healed":0.0,"max_hp_gain":0.0,"max_hp_loss":0.0,"gold_gain":0.0,"event_name":"Ghosts","player_choice":"Ignored","floor":31.0,"gold_loss":0.0,"damage_taken":0.0},{"damage_healed":0.0,"max_hp_gain":0.0,"max_hp_loss":0.0,"gold_gain":0.0,"event_name":"Winding Halls","player_choice":"Embrace Madness","floor":36.0,"gold_loss":0.0,"damage_taken":9.0,"cards_obtained":["Madness","Madness"]},{"damage_healed":0.0,"max_hp_gain":0.0,"max_hp_loss":0.0,"gold_gain":0.0,"event_name":"MindBloom","player_choice":"Fight","floor":37.0,"gold_loss":0.0,"damage_taken":0.0},{"damage_healed":0.0,"max_hp_gain":0.0,"max_hp_loss":0.0,"gold_gain":0.0,"event_name":"Mysterious Sphere","player_choice":"Ignored","floor":39.0,"gold_loss":0.0,"damage_taken":0.0},{"damage_healed":0,"gold_gain":0,"player_choice":"Ignored","damage_taken":0,"max_hp_gain":0,"max_hp_loss":0,"event_name":"The Moai Head","floor":44,"gold_loss":0}],"is_beta":false,"boss_relics":[{"not_picked":["Ectoplasm","Tiny House"],"picked":"Fusion Hammer"},{"not_picked":["Runic Dome","Velvet Choker"],"picked":"SlaversCollar"}],"items_purged_floors":[48],"is_endless":false,"potions_floor_spawned":[1,6,11,16,28,33,41,42,46],"ascension_level":3}}