{"host":"cimxalwyqyblhb3d","time":1611577399,"event":{"mods":["AchievementEnabler","BaseMod","Colored Powertips","Evolution","Minty Spire (QoL Compilation)","Quick Restart","Relic Stats","StSLib"],"gold_per_floor":[13,33,33,33,46,73,89,107,134,145,145,320,320,320,320,421,421,431,451,32,46,66,66,66,99,136,179,191,220,232,255,267,279,279],"floor_reached":33,"language":"FRA","playtime":1152,"items_purged":[],"score":411,"play_id":"9a8e4b66-2adb-4d91-8a30-14ad761470f4","local_time":"20210125132319","is_ascension_mode":true,"campfire_choices":[{"data":"Reaper","floor":11,"key":"SMITH"},{"data":"Fiend Fire","floor":13,"key":"SMITH"},{"data":"Shrug It Off","floor":15,"key":"SMITH"},{"data":"Armaments","floor":28,"key":"SMITH"},{"data":"Fire Breathing","floor":30,"key":"SMITH"},{"data":"Reckless Charge","floor":32,"key":"SMITH"}],"circlet_count":0,"master_deck":["Wild Strike","Wild Strike","Wild Strike","Wild Strike","Wild Strike","Shrug It Off+1","Defend_R","Defend_R","Bash","Reaper+1","Fiend Fire+1","Reckless Charge+1","Double Tap","Fire Breathing+1","Armaments+1","Entrench"],"relics":["Burning Blood","EVO:Axolotl","Akabeko","Orichalcum","Busted Crown","Dead Branch","MawBank","Anchor","Regal Pillow"],"acts_visited":["Exordium","TheCity"],"potions_floor_usage":[16,16,18,22,23,23,25,33],"damage_taken":[{"damage":6,"enemies":"Cultist","floor":1,"turns":3},{"damage":12,"enemies":"Jaw Worm","floor":2,"turns":2},{"damage":8,"enemies":"2 Louse","floor":5,"turns":2},{"damage":27,"enemies":"3 Sentries","floor":6,"turns":7},{"damage":1,"enemies":"2 Fungi Beasts","floor":7,"turns":2},{"damage":7,"enemies":"Gremlin Gang","floor":8,"turns":3},{"damage":6,"enemies":"Red Slaver","floor":10,"turns":3},{"damage":38,"enemies":"Slime Boss","floor":16,"turns":9},{"damage":3,"enemies":"Shell Parasite","floor":18,"turns":2},{"damage":1,"enemies":"Chosen","floor":19,"turns":3},{"damage":44,"enemies":"Centurion and Healer","floor":21,"turns":5},{"damage":8,"enemies":"Cultist and Chosen","floor":22,"turns":5},{"damage":0,"enemies":"Slavers","floor":23,"turns":1},{"damage":9,"enemies":"Gremlin Leader","floor":25,"turns":4},{"damage":25,"enemies":"Slavers","floor":27,"turns":4},{"damage":0,"enemies":"Sentry and Sphere","floor":29,"turns":3},{"damage":15,"enemies":"Centurion and Healer","floor":31,"turns":6},{"damage":120,"enemies":"Champ","floor":33,"turns":8}],"seed_played":"-3482247617027123783","potions_obtained":[{"floor":5,"key":"EssenceOfSteel"},{"floor":7,"key":"PowerPotion"},{"floor":8,"key":"Weak Potion"},{"floor":10,"key":"BlessingOfTheForge"},{"floor":16,"key":"EntropicBrew"},{"floor":18,"key":"SmokeBomb"},{"floor":19,"key":"Dexterity Potion"},{"floor":27,"key":"BlessingOfTheForge"}],"is_trial":false,"path_per_floor":["M","M","?","$","M","E","M","M","T","M","R","?","R","?","R","B",null,"M","M","$","M","M","E","?","E","T","E","R","M","R","M","R","B"],"character_chosen":"IRONCLAD","items_purchased":["Fire Breathing","Dead Branch","Armaments"],"campfire_rested":0,"item_purchase_floors":[20,20,20],"current_hp_per_floor":[80,80,80,80,78,57,62,61,61,65,65,65,65,58,58,39,70,73,80,80,47,71,77,77,80,80,61,61,67,67,71,71,0,0],"gold":279,"neow_bonus":"THREE_RARE_CARDS","is_daily":false,"chose_seed":false,"campfire_upgraded":6,"win_rate":0.0,"timestamp":1611577399,"path_taken":["M","M","?","$","?","E","M","M","T","M","R","?","R","?","R","BOSS","M","M","$","M","M","E","?","E","T","E","R","M","R","M","R","BOSS"],"items_purchased_type":["Card","Relic","Card"],"build_version":"2020-12-22","purchased_purges":0,"victory":false,"max_hp_per_floor":[80,80,80,80,80,80,80,80,80,80,80,80,80,80,80,80,80,80,80,80,80,80,80,80,80,80,80,80,80,80,80,80,80,80],"relic_stats":{"Regal Pillow":0,"Busted Crown":16,"counters":[18,72],"Dead Branch":[46],"Orichalcum":[78],"MawBank":96,"obtain_stats":[{"Anchor":26,"Regal Pillow":27,"Busted Crown":17,"Dead Branch":20,"EVO:Axolotl":0,"Orichalcum":9,"MawBank":25,"Burning Blood":0,"Akabeko":6},{"Anchor":14,"Regal Pillow":15,"Busted Crown":8,"Dead Branch":10,"EVO:Axolotl":0,"Orichalcum":6,"MawBank":14,"Burning Blood":0,"Akabeko":4},{"Anchor":51,"Regal Pillow":55,"Busted Crown":31,"Dead Branch":36,"EVO:Axolotl":0,"Orichalcum":19,"MawBank":51,"Burning Blood":0,"Akabeko":14}],"Burning Blood":92},"card_choices":[{"not_picked":["Impervious","Feed"],"picked":"Reaper","floor":0},{"not_picked":["Havoc","Headbutt"],"picked":"Second Wind","floor":1},{"not_picked":["Headbutt","True Grit"],"picked":"Fiend Fire","floor":2},{"not_picked":["Clash","Sword Boomerang","Heavy Blade"],"picked":"SKIP","floor":5},{"not_picked":["Sentinel","True Grit","Flex"],"picked":"SKIP","floor":6},{"not_picked":["Impervious","Infernal Blade","Heavy Blade"],"picked":"SKIP","floor":7},{"not_picked":["Twin Strike","Combust"],"picked":"Reckless Charge","floor":8},{"not_picked":["Clothesline","Inflame","Feel No Pain"],"picked":"SKIP","floor":10},{"not_picked":["Juggernaut","Barricade"],"picked":"Double Tap","floor":16},{"not_picked":["Twin Strike"],"picked":"SKIP","floor":18},{"not_picked":["Carnage"],"picked":"SKIP","floor":19},{"not_picked":["Heavy Blade"],"picked":"SKIP","floor":21},{"not_picked":["Havoc+1"],"picked":"SKIP","floor":22},{"not_picked":["Armaments"],"picked":"SKIP","floor":25},{"not_picked":["Armaments"],"picked":"SKIP","floor":27},{"not_picked":["Clash"],"picked":"SKIP","floor":29},{"not_picked":["Armaments+1"],"picked":"SKIP","floor":31}],"player_experience":524191,"relics_obtained":[{"floor":6,"key":"Akabeko"},{"floor":9,"key":"Orichalcum"},{"floor":25,"key":"MawBank"},{"floor":26,"key":"Anchor"},{"floor":27,"key":"Regal Pillow"}],"event_choices":[{"cards_removed":["Second Wind"],"damage_healed":0,"gold_gain":0,"player_choice":"Purged","damage_taken":0,"max_hp_gain":0,"max_hp_loss":0,"event_name":"Purifier","floor":3,"gold_loss":0},{"damage_healed":0,"gold_gain":175,"player_choice":"AGREE","damage_taken":0,"max_hp_gain":0,"max_hp_loss":0,"event_name":"Liars Game","floor":12,"gold_loss":0,"cards_obtained":["Doubt"]},{"cards_removed":["Doubt"],"damage_healed":0,"gold_gain":0,"player_choice":"Card Removal","damage_taken":7,"max_hp_gain":0,"max_hp_loss":0,"event_name":"Golden Wing","floor":14,"gold_loss":0},{"damage_healed":0,"gold_gain":0,"cards_transformed":["Defend_R"],"player_choice":"Transformed","damage_taken":0,"max_hp_gain":0,"max_hp_loss":0,"event_name":"Transmorgrifier","floor":24,"gold_loss":0,"cards_obtained":["Entrench"]}],"is_beta":false,"boss_relics":[{"not_picked":["Astrolabe","Calling Bell"],"picked":"Busted Crown"}],"items_purged_floors":[],"is_endless":false,"potions_floor_spawned":[5,7,8,10,16,18,19,23,27],"killed_by":"Champ","ascension_level":5}}