{"host":"3jpwrwmmgyabjceh","time":1611573726,"event":{"mods":["AchievementEnabler","BaseMod","Colored Map","Colored Powertips","Highlight Path","Minty Spire (QoL Compilation)","Quick Restart","Relic Stats","StSLib","SuperFastMode"],"gold_per_floor":[114,189,262,152,152,187,187,217,311,323,349,381,422,449,461,576,588,614,626,650,676,688,700,712,712],"floor_reached":24,"language":"ENG","playtime":594,"items_purged":["Strike_B"],"score":424,"play_id":"84bfc3ea-da0f-4d9a-9d9d-c60da3ef2772","local_time":"20210125142206","is_ascension_mode":true,"campfire_choices":[{"data":"Defragment","floor":7.0,"key":"SMITH"},{"data":"Sunder","floor":10.0,"key":"SMITH"},{"data":"Coolheaded","floor":15.0,"key":"SMITH"},{"floor":23,"key":"REST"}],"circlet_count":0,"master_deck":["Strike_B","Strike_B","Strike_B","Defend_B","Defend_B","Defend_B","Defend_B","Zap+1","Dualcast","Sunder+1","Capacitor","Defragment+1","Echo Form","Coolheaded+1","Genetic Algorithm","Undo","Reboot","Redo","Coolheaded+1"],"relics":["FrozenCore","NeowsBlessing","Tiny Chest","MawBank","Meat on the Bone","Ornamental Fan"],"acts_visited":["Exordium","TheCity"],"potions_floor_usage":[24,24],"damage_taken":[{"damage":0.0,"enemies":"Small Slimes","floor":1.0,"turns":1.0},{"damage":0.0,"enemies":"Gremlin Nob","floor":6.0,"turns":1.0},{"damage":0.0,"enemies":"3 Sentries","floor":8.0,"turns":1.0},{"damage":2.0,"enemies":"Jaw Worm","floor":11.0,"turns":2.0},{"damage":3.0,"enemies":"2 Louse","floor":12.0,"turns":2.0},{"damage":16.0,"enemies":"Gremlin Nob","floor":13.0,"turns":3.0},{"damage":1.0,"enemies":"Exordium Thugs","floor":14.0,"turns":5.0},{"damage":0,"enemies":"Slime Boss","floor":16,"turns":6},{"damage":10,"enemies":"Chosen","floor":18,"turns":7},{"damage":9,"enemies":"Shell Parasite","floor":20,"turns":8},{"damage":21,"enemies":"Snake Plant","floor":21,"turns":5},{"damage":63,"enemies":"Slavers","floor":24,"turns":6}],"seed_played":"1687462446300022984","potions_obtained":[{"floor":1.0,"key":"SteroidPotion"},{"floor":8.0,"key":"FearPotion"},{"floor":11.0,"key":"SpeedPotion"},{"floor":16,"key":"LiquidMemories"}],"is_trial":false,"path_per_floor":["M","?","?","$","?","E","R","E","T","R","M","M","E","M","R","B",null,"M","?","M","M","?","R","E"],"character_chosen":"DEFECT","items_purchased":["Capacitor"],"campfire_rested":1,"item_purchase_floors":[4],"current_hp_per_floor":[68,57,57,57,57,57,57,57,57,57,55,52,48,47,47,47,68,58,44,47,38,38,62,0,0],"gold":712,"neow_bonus":"THREE_ENEMY_KILL","is_daily":false,"chose_seed":false,"campfire_upgraded":3,"win_rate":0.0,"timestamp":1611573726,"path_taken":["M","?","?","$","?","E","R","E","T","R","?","M","E","M","R","BOSS","M","?","M","M","?","R","E"],"items_purchased_type":["Card"],"build_version":"2020-12-22","purchased_purges":1,"victory":false,"max_hp_per_floor":[75,75,75,75,75,75,75,75,75,75,75,75,75,75,75,75,75,75,80,80,80,80,80,80,80],"relic_stats":{"counters":[12,47],"Ornamental Fan":[12],"Tiny Chest":0,"MawBank":192,"obtain_stats":[{"NeowsBlessing":0,"Ornamental Fan":13,"Tiny Chest":6,"Cracked Core":0,"MawBank":8,"Meat on the Bone":9,"FrozenCore":17},{"NeowsBlessing":0,"Ornamental Fan":6,"Tiny Chest":2,"Cracked Core":0,"MawBank":3,"Meat on the Bone":3,"FrozenCore":8},{"NeowsBlessing":0,"Ornamental Fan":10,"Tiny Chest":2,"Cracked Core":0,"MawBank":3,"Meat on the Bone":3,"FrozenCore":21}],"FrozenCore":[10],"Meat on the Bone":36},"card_choices":[{"not_picked":["Leap","Steam"],"picked":"Sunder","floor":1.0},{"not_picked":["Storm","Sunder"],"picked":"Defragment","floor":6.0},{"not_picked":["Streamline","Leap"],"picked":"Echo Form","floor":8.0},{"not_picked":["Redo","Chaos"],"picked":"Coolheaded","floor":11.0},{"not_picked":["Go for the Eyes","Reprogram","Stack"],"picked":"SKIP","floor":12.0},{"not_picked":["Recycle","Stack"],"picked":"Genetic Algorithm","floor":13.0},{"not_picked":["Go for the Eyes","Blizzard"],"picked":"Undo","floor":14.0},{"not_picked":["Creative AI","Multi-Cast"],"picked":"Reboot","floor":16},{"not_picked":["Rebound","Beam Cell"],"picked":"Redo","floor":18},{"not_picked":["Streamline","Conserve Battery","Lockon"],"picked":"SKIP","floor":20},{"not_picked":["Storm+1","Hologram"],"picked":"Coolheaded+1","floor":21}],"player_experience":280577,"relics_obtained":[{"floor":6.0,"key":"Tiny Chest"},{"floor":8.0,"key":"MawBank"},{"floor":9.0,"key":"Meat on the Bone"},{"floor":13.0,"key":"Ornamental Fan"}],"event_choices":[{"damage_healed":0.0,"max_hp_gain":0.0,"max_hp_loss":0.0,"gold_gain":75.0,"event_name":"World of Goop","player_choice":"Gather Gold","floor":2.0,"gold_loss":0.0,"damage_taken":11.0},{"damage_healed":0.0,"max_hp_gain":0.0,"max_hp_loss":0.0,"gold_gain":73.0,"event_name":"Golden Wing","player_choice":"Gained Gold","floor":3.0,"gold_loss":0.0,"damage_taken":0.0},{"damage_healed":0.0,"max_hp_gain":0.0,"max_hp_loss":0.0,"gold_gain":0.0,"event_name":"Upgrade Shrine","player_choice":"Upgraded","floor":5.0,"gold_loss":0.0,"damage_taken":0.0,"cards_upgraded":["Zap"]},{"damage_healed":0,"gold_gain":0,"player_choice":"Shed Blood","damage_taken":19,"max_hp_gain":5,"max_hp_loss":0,"event_name":"Forgotten Altar","floor":19,"gold_loss":0},{"damage_healed":0,"gold_gain":0,"player_choice":"Ignored","damage_taken":0,"max_hp_gain":0,"max_hp_loss":0,"event_name":"Vampires","floor":22,"gold_loss":0}],"is_beta":false,"boss_relics":[{"not_picked":["SlaversCollar","SacredBark"],"picked":"FrozenCore"}],"items_purged_floors":[4],"is_endless":false,"potions_floor_spawned":[1,8,11,14,16,20],"killed_by":"Slavers","ascension_level":7}}