{"host":"65a95dzim48ko8ke","time":1611574437,"event":{"mods":["BaseMod","Colored Powertips","Minty Spire (QoL Compilation)","Permanent Neow","Quick Restart","Rare Cards Sparkle","Replay The Spire","StSLib","The IronCluck"],"gold_per_floor":[109,284,302,81,81,81,81,106,131,131,151,186,199,211,211,211,211],"floor_reached":16,"language":"ENG","playtime":884,"items_purged":["Doubt"],"score":149,"play_id":"e5d36816-381f-4323-b190-d0a672339ec0","local_time":"20210125203357","is_ascension_mode":true,"campfire_choices":[{"data":"Armaments","floor":6.0,"key":"SMITH"},{"data":"Twin Strike","floor":10,"key":"SMITH"},{"data":"Metallicize","floor":15,"key":"SMITH"}],"circlet_count":0,"master_deck":["Strike_R","Strike_R","Strike_R","Defend_R","Defend_R","Defend_R","Defend_R","Bash","Clothesline","Armaments+1","Regret","Twin Strike+1","Disarm","ReplayTheSpireMod:Stacked","Metallicize+1","Ghostly Armor"],"relics":["Burning Blood","Pen Nib","Bag of Preparation","Omamori","StrikeDummy","Toy Ornithopter","Mango"],"acts_visited":["Exordium"],"potions_floor_usage":[8,16],"damage_taken":[{"damage":4.0,"enemies":"Jaw Worm","floor":1.0,"turns":6.0},{"damage":12.0,"enemies":"Small Slimes","floor":3.0,"turns":4.0},{"damage":27,"enemies":"Lagavulin","floor":8,"turns":8},{"damage":0,"enemies":"2 Louse","floor":11,"turns":2},{"damage":12,"enemies":"Gremlin Nob","floor":12,"turns":4},{"damage":4,"enemies":"Looter","floor":13,"turns":3},{"damage":12,"enemies":"Lots of Slimes","floor":14,"turns":6},{"damage":53,"enemies":"Fading Forest","floor":16,"turns":11}],"seed_played":"-357033403038492928","potions_obtained":[{"floor":1.0,"key":"EssenceOfSteel"},{"floor":3.0,"key":"SteroidPotion"},{"floor":12,"key":"EssenceOfSteel"}],"is_trial":false,"path_per_floor":["M","?","M","$","?","R","?","E","T","R","M","E","M","M","R","B"],"character_chosen":"IRONCLAD","items_purchased":["Pen Nib"],"campfire_rested":0,"item_purchase_floors":[4],"current_hp_per_floor":[53,53,47,47,47,47,47,26,26,26,32,40,42,36,36,0,0],"gold":211,"neow_bonus":"REMOVE_TWO","is_daily":false,"chose_seed":false,"campfire_upgraded":3,"win_rate":0.0,"timestamp":1611574437,"path_taken":["M","?","M","?","?","R","?","E","T","R","M","E","?","M","R","BOSS"],"items_purchased_type":["Relic"],"build_version":"2020-12-22","purchased_purges":1,"victory":false,"max_hp_per_floor":[80,80,80,80,80,80,80,80,80,80,80,94,94,94,94,94,94],"card_choices":[{"not_picked":["Searing Blow","Defy Death"],"picked":"Clothesline","floor":1.0},{"not_picked":["Infernal Blade","Combust"],"picked":"Armaments","floor":3.0},{"not_picked":["Combust","Run Through"],"picked":"Twin Strike","floor":8},{"not_picked":["Carnage","Clothesline"],"picked":"Disarm","floor":11},{"not_picked":["Havoc","True Grit"],"picked":"ReplayTheSpireMod:Stacked","floor":12},{"not_picked":["Clothesline","Defy Death"],"picked":"Metallicize","floor":13},{"not_picked":["Armaments","Wild Strike"],"picked":"Ghostly Armor","floor":14}],"player_experience":313566,"relics_obtained":[{"floor":8,"key":"StrikeDummy"},{"floor":9,"key":"Toy Ornithopter"},{"floor":12,"key":"Mango"}],"event_choices":[{"damage_healed":0.0,"max_hp_gain":0.0,"max_hp_loss":0.0,"gold_gain":175.0,"event_name":"Liars Game","player_choice":"AGREE","floor":2.0,"gold_loss":0.0,"damage_taken":0.0,"cards_obtained":["Doubt"]},{"damage_healed":0.0,"max_hp_gain":0.0,"max_hp_loss":0.0,"gold_gain":0.0,"event_name":"Big Fish","player_choice":"Box","floor":5.0,"gold_loss":0.0,"damage_taken":0.0,"relics_obtained":["Bag of Preparation"],"cards_obtained":["Regret"]},{"damage_healed":0.0,"max_hp_gain":0.0,"max_hp_loss":0.0,"gold_gain":0.0,"event_name":"Dead Adventurer","player_choice":"Searched \u00272\u0027 times","floor":7.0,"gold_loss":0.0,"damage_taken":0.0,"relics_obtained":["Omamori"]}],"is_beta":false,"boss_relics":[],"items_purged_floors":[4],"is_endless":false,"potions_floor_spawned":[1,3,12],"killed_by":"Fading Forest","ascension_level":7}}