{"host":"0nx4xnj8k8h60evy","time":1611591640,"event":{"mods":["Act Like it!","BaseMod","Highlight Path","Marisa£®ÏF”Í°°ƒß¿Ì…≥£©","Minty Spire (QoL Compilation)","Reimu£®≤©¿ˆ¡È√Œ£©","Remilia£®¿Ÿ√◊¿Ú—«£©","SOS£®Àπ∞Õ¥Ô÷Æ◊”£©","StSLib","Youmu£®ªÍ∆«—˝√Œ£©"],"gold_per_floor":[114,43,43,60,60,95,115,135,135,167,181,199,199,217,217,314,314,314,333,39,54,74,74,74,74],"floor_reached":24,"language":"ZHS","playtime":1353,"items_purged":[],"score":261,"play_id":"69a33442-c917-469f-a293-fe047311d9e3","local_time":"20210126002040","is_ascension_mode":true,"campfire_choices":[{"floor":13,"key":"REST"},{"floor":15,"key":"REST"},{"floor":23,"key":"REST"}],"circlet_count":0,"master_deck":["Strike_MRS","Strike_MRS","Strike_MRS","Strike_MRS","Defend_MRS","Defend_MRS","Defend_MRS","Defend_MRS","MasterSpark","UpSweep","6A","EnergyFlow","GrandCross","SuperPerseids","UnstableBomb+1","AsteroidBelt","EventHorizon","TreasureHunter+1","Orbital","GrandCross+1","BinaryStars","ChargeUpSpray+1","Acceleration","MagicAbsorber","NonDirectionalLaser+1"],"relics":["MiniHakkero","NeowsBlessing","Molten Egg 2","Darkstone Periapt","Ornamental Fan","Snecko Eye","Tea:ReiMu"],"acts_visited":["Exordium","TheCity"],"potions_floor_usage":[14,16,16,16],"damage_taken":[{"damage":0,"enemies":"Cultist","floor":1,"turns":1},{"damage":0,"enemies":"2 Louse","floor":4,"turns":1},{"damage":0,"enemies":"3 Sentries","floor":6,"turns":1},{"damage":7,"enemies":"Jaw Worm","floor":7,"turns":2},{"damage":20,"enemies":"Exordium Wildlife","floor":8,"turns":5},{"damage":32,"enemies":"Lagavulin","floor":10,"turns":6},{"damage":0,"enemies":"Red Slaver","floor":11,"turns":3},{"damage":8,"enemies":"Blue Slaver","floor":12,"turns":4},{"damage":20,"enemies":"Large Slime","floor":14,"turns":5},{"damage":20,"enemies":"The Guardian","floor":16,"turns":7},{"damage":6,"enemies":"Spheric Guardian","floor":18,"turns":4},{"damage":38,"enemies":"3 Byrds","floor":19,"turns":5},{"damage":24,"enemies":"Snake Plant","floor":21,"turns":2},{"damage":21,"enemies":"Snecko","floor":22,"turns":6},{"damage":40,"enemies":"Slavers","floor":24,"turns":2}],"seed_played":"-2983874398354335864","potions_obtained":[{"floor":4,"key":"Swift Potion"},{"floor":7,"key":"ShroomBrew"},{"floor":10,"key":"FearPotion"},{"floor":12,"key":"Ancient Potion"},{"floor":14,"key":"MagicPotion:ReiMu"},{"floor":21,"key":"FairyPotion"}],"is_trial":false,"path_per_floor":["M","$","$","M","?","E","M","M","T","E","M","M","R","M","R","B",null,"M","M","$","M","M","R","E"],"character_chosen":"MARISA","items_purchased":["EnergyFlow","Tea:ReiMu","Acceleration"],"campfire_rested":3,"item_purchase_floors":[2,20,20],"current_hp_per_floor":[75,75,75,75,75,75,68,48,48,16,16,8,30,10,32,12,75,69,31,31,7,12,34,0,0],"gold":74,"neow_bonus":"THREE_ENEMY_KILL","is_daily":false,"chose_seed":false,"campfire_upgraded":0,"win_rate":0.0,"timestamp":1611591640,"path_taken":["M","?","$","M","?","E","M","?","T","E","M","M","R","M","R","BOSS","M","M","$","M","?","R","E"],"items_purchased_type":["Card","Relic","Card"],"build_version":"2020-12-22","purchased_purges":0,"victory":false,"max_hp_per_floor":[75,75,75,75,75,75,75,75,75,75,75,75,75,75,75,75,75,75,75,75,75,75,75,75,75],"card_choices":[{"not_picked":["ShootingEcho","IllusionStar"],"picked":"6A","floor":1},{"not_picked":["GravityBeat","PowerUp"],"picked":"GrandCross","floor":4},{"not_picked":["StarlightTyphoon","6A+1"],"picked":"SuperPerseids","floor":6},{"not_picked":["EnergyRecoil","GalacticHalo"],"picked":"UnstableBomb+1","floor":7},{"not_picked":["ManaConvection","WitchOfGreed"],"picked":"AsteroidBelt","floor":8},{"not_picked":["EscapeVelocity","SporeBomb"],"picked":"EventHorizon","floor":10},{"not_picked":["Acceleration","DoubleSpark+1"],"picked":"TreasureHunter+1","floor":11},{"not_picked":["PowerUp","IllusionStar"],"picked":"Orbital","floor":12},{"not_picked":["DarkSpark+1","UnstableBomb+1"],"picked":"GrandCross+1","floor":14},{"not_picked":["EscapeVelocity","UltimateShortwave"],"picked":"BinaryStars","floor":16},{"not_picked":["EnergyRecoil+1","ChargeUpSpray+1","LuminesStrike+1"],"picked":"SKIP","floor":18},{"not_picked":["StarlightTyphoon","PowerUp+1"],"picked":"ChargeUpSpray+1","floor":19},{"not_picked":["BlazeAway","UnstableBomb+1"],"picked":"MagicAbsorber","floor":21},{"not_picked":["UnstableBomb+1","SprinkleStarSeal"],"picked":"NonDirectionalLaser+1","floor":22}],"player_experience":239070,"relics_obtained":[{"floor":6,"key":"Molten Egg 2"},{"floor":9,"key":"Darkstone Periapt"},{"floor":10,"key":"Ornamental Fan"}],"event_choices":[{"damage_healed":0,"gold_gain":0,"player_choice":"Ignored","damage_taken":0,"max_hp_gain":0,"max_hp_loss":0,"event_name":"Purifier","floor":5,"gold_loss":0}],"is_beta":false,"boss_relics":[{"not_picked":["Fusion Hammer","Philosopher\u0027s Stone"],"picked":"Snecko Eye"}],"items_purged_floors":[],"is_endless":false,"potions_floor_spawned":[4,7,10,12,14,21],"killed_by":"Slavers","ascension_level":2}}