{"host":"y89x8uui45kcjy42","time":1611547771,"event":{"mods":["2.2 Compatiblity","BaseMod","CapriCore","Colored Map","Colored Powertips","Custom Start","Friendly Minions","Keyboard Shortcuts","Minty Spire (QoL Compilation)","Relic Stats","Slay the Relics Exporter","StSLib","SuperFastMode","Uncapped"],"gold_per_floor":[113,128,145,165,165,165,165,165,165,165,191,217,249,249,249,326,326,345,345,156,173,173,173,173,207,258,289,289,289],"floor_reached":28,"language":"KOR","playtime":639,"items_purged":["Defend_P"],"score":534,"play_id":"6abedffd-0447-435b-b03a-f7c4420a4754","local_time":"20210125130931","is_ascension_mode":true,"campfire_choices":[{"data":"Eruption","floor":6,"key":"SMITH"},{"data":"Conclude","floor":7,"key":"SMITH"},{"data":"Worship","floor":8,"key":"SMITH"},{"data":"Panacea","floor":10,"key":"SMITH"},{"data":"Riddle With Holes","floor":15,"key":"SMITH"},{"data":"Barricade","floor":23,"key":"SMITH"},{"data":"PiercingWail","floor":24,"key":"SMITH"}],"circlet_count":0,"master_deck":["AscendersBane","Eruption+1","Vigilance","Worship+1","Conclude+1","Panacea+1","Riddle With Holes+1","Barricade+1","PiercingWail+1","Bite","Bite","Evaluate+1","Dark Shackles"],"relics":["HolyWater","PrismaticShard","Anchor","Question Card","Odd Mushroom","Shuriken","The Courier","Coffee Dripper","SlaversCollar","Medical Kit","WingedGreaves","InkBottle","Red Mask"],"acts_visited":["Exordium","TheCity"],"potions_floor_usage":[12,16,21,27],"damage_taken":[{"damage":0,"enemies":"Cultist","floor":1,"turns":3},{"damage":2,"enemies":"Small Slimes","floor":2,"turns":3},{"damage":0,"enemies":"2 Louse","floor":3,"turns":2},{"damage":0,"enemies":"Exordium Thugs","floor":4,"turns":3},{"damage":0,"enemies":"The Mushroom Lair","floor":11,"turns":1},{"damage":20,"enemies":"3 Sentries","floor":12,"turns":4},{"damage":14,"enemies":"Lagavulin","floor":13,"turns":6},{"damage":16,"enemies":"The Guardian","floor":16,"turns":8},{"damage":15,"enemies":"Spheric Guardian","floor":18,"turns":4},{"damage":26,"enemies":"Shell Parasite","floor":21,"turns":3},{"damage":0,"enemies":"Gremlin Leader","floor":25,"turns":4},{"damage":16,"enemies":"Masked Bandits","floor":27,"turns":3}],"seed_played":"-8729098890832157490","potions_obtained":[{"floor":1,"key":"Fire Potion"},{"floor":13,"key":"Swift Potion"},{"floor":16,"key":"GamblersBrew"},{"floor":18,"key":"Explosive Potion"},{"floor":27,"key":"GamblersBrew"}],"is_trial":false,"path_per_floor":["M","M","M","M","?","R","R","R","T","R","?","E","E","$","R","B",null,"M","?","$","M","?","R","R","E","T","?","?"],"character_chosen":"WATCHER","items_purchased":["Medical Kit"],"campfire_rested":0,"item_purchase_floors":[20],"current_hp_per_floor":[61,59,59,59,52,52,52,52,52,52,52,32,18,18,18,2,52,37,37,37,13,13,13,13,23,23,11,0,0],"gold":289,"neow_bonus":"RANDOM_COMMON_RELIC","is_daily":false,"chose_seed":false,"campfire_upgraded":7,"win_rate":0.0,"timestamp":1611547771,"path_taken":["M","M","?","M","?","R","R","R","T","R","?","E","E","$","R","BOSS","M","?","$","M","?","R","R","E","T","?","?"],"items_purchased_type":["Relic"],"build_version":"2020-12-22","purchased_purges":1,"victory":false,"max_hp_per_floor":[68,68,68,68,68,68,68,68,68,68,68,68,68,68,68,68,68,68,47,47,47,47,47,47,47,47,47,52,52],"relic_stats":{"counters":[12,44],"Shuriken":[7],"Question Card":8,"Medical Kit":[0],"obtain_stats":[{"The Courier":13,"Odd Mushroom":11,"PrismaticShard":0,"Question Card":9,"Medical Kit":20,"SlaversCollar":17,"Anchor":0,"Shuriken":12,"HolyWater":0,"WingedGreaves":5,"Coffee Dripper":15,"Red Mask":27,"PureWater":0,"InkBottle":25},{"The Courier":7,"Odd Mushroom":5,"PrismaticShard":0,"Question Card":4,"Medical Kit":9,"SlaversCollar":8,"Anchor":0,"Shuriken":6,"HolyWater":0,"WingedGreaves":4,"Coffee Dripper":7,"Red Mask":12,"PureWater":0,"InkBottle":11},{"The Courier":22,"Odd Mushroom":12,"PrismaticShard":0,"Question Card":11,"Medical Kit":34,"SlaversCollar":30,"Anchor":0,"Shuriken":16,"HolyWater":0,"WingedGreaves":11,"Coffee Dripper":22,"Red Mask":44,"PureWater":0,"InkBottle":41}],"InkBottle":[1]},"card_choices":[{"not_picked":["Protect","Conserve Battery"],"picked":"Worship","floor":1},{"not_picked":["Doom and Gloom","Bane"],"picked":"Conclude","floor":2},{"not_picked":["Compile Driver","Infernal Blade","Warcry"],"picked":"SKIP","floor":3},{"not_picked":["Dodge and Roll","FlurryOfBlows"],"picked":"Panacea","floor":4},{"not_picked":["FlyingSleeves","Halt","Jack Of All Trades","Prepared"],"picked":"SKIP","floor":12},{"not_picked":["Transmutation","Clash","Poisoned Stab"],"picked":"Riddle With Holes","floor":13},{"not_picked":["All For One","Corruption","Judgement"],"picked":"Barricade","floor":16},{"not_picked":["Rupture","Mind Blast","Armaments"],"picked":"PiercingWail","floor":18},{"not_picked":["Heavy Blade","Crescendo","Sucker Punch"],"picked":"Evaluate+1","floor":21},{"not_picked":["Dash+1","Underhanded Strike+1","Rage","Cleave"],"picked":"SKIP","floor":25},{"not_picked":["Poisoned Stab","Conclude","Iron Wave"],"picked":"Dark Shackles","floor":27}],"player_experience":649939,"relics_obtained":[{"floor":9,"key":"Question Card"},{"floor":11,"key":"Odd Mushroom"},{"floor":12,"key":"Shuriken"},{"floor":13,"key":"The Courier"},{"floor":25,"key":"InkBottle"},{"floor":27,"key":"Red Mask"}],"event_choices":[{"cards_removed":["Strike_P"],"damage_healed":0,"gold_gain":0,"player_choice":"Card Removal","damage_taken":7,"max_hp_gain":0,"max_hp_loss":0,"event_name":"Golden Wing","floor":5,"gold_loss":0},{"damage_healed":0,"gold_gain":0,"player_choice":"Fought Mushrooms","damage_taken":0,"max_hp_gain":0,"max_hp_loss":0,"event_name":"Mushrooms","floor":11,"gold_loss":0},{"damage_healed":0,"gold_gain":0,"player_choice":"Became a vampire","damage_taken":0,"max_hp_gain":0,"max_hp_loss":21,"event_name":"Vampires","floor":19,"gold_loss":0,"cards_obtained":["Bite","Bite","Bite","Bite","Bite"]},{"cards_removed":["Defend_P"],"damage_healed":0,"gold_gain":0,"player_choice":"Elegance","damage_taken":0,"max_hp_gain":0,"max_hp_loss":0,"event_name":"Back to Basics","floor":22,"gold_loss":0},{"damage_healed":0,"gold_gain":0,"player_choice":"Fought Bandits","damage_taken":0,"max_hp_gain":0,"max_hp_loss":0,"event_name":"Masked Bandits","floor":27,"gold_loss":0},{"damage_healed":0,"gold_gain":0,"player_choice":"Shed Blood","damage_taken":16,"max_hp_gain":5,"max_hp_loss":0,"event_name":"Forgotten Altar","floor":28,"gold_loss":0}],"is_beta":false,"boss_relics":[{"not_picked":["Tiny House","Runic Dome"],"picked":"SlaversCollar"}],"items_purged_floors":[20],"is_endless":false,"potions_floor_spawned":[1,13,16,18,27],"ascension_level":20}}