{"host":"qxeepl7ydvsgmfdb","time":1611579917,"event":{"mods":["AchievementEnabler","BaseMod","Colored Powertips","Minty Spire (QoL Compilation)","Quick Restart","slay the spire mod where everything is the same but ironclad has a cowboy hat"],"gold_per_floor":[116,130,205,219,219,28,203,223,223,238,9,9,35,35,35,132,132,152,62,79,3,17,17,17,52,104,104,118,449,449,467,467,467,467],"floor_reached":33,"language":"ENG","playtime":2107,"items_purged":[],"score":310,"play_id":"fe3ae9df-4fc8-411b-96ed-2a39f76c5744","local_time":"20210125080517","is_ascension_mode":false,"campfire_choices":[{"data":"Backstab","floor":15.0,"key":"SMITH"},{"floor":23.0,"key":"REST"},{"floor":27.0,"key":"RECALL"},{"data":"Bite","floor":30.0,"key":"SMITH"},{"floor":32.0,"key":"REST"}],"circlet_count":0,"master_deck":["Defend_G","Defend_G","Defend_G","Defend_G","Defend_G","Survivor","Neutralize","Backstab+1","Cloak And Dagger","Dagger Spray+1","Distraction+1","Deadly Poison","Noxious Fumes","Backstab","Poisoned Stab","Bite+1","Bite","Bite","Bite","Bite","Finisher+1","Deflect+1","Blade Dance+1"],"relics":["SacredBark","Toy Ornithopter","Sundial","Eternal Feather","Black Star","Ninja Scroll","Turnip","Juzu Bracelet","Old Coin"],"acts_visited":["Exordium","TheCity"],"potions_floor_usage":[],"damage_taken":[{"damage":1.0,"enemies":"2 Louse","floor":1.0,"turns":4.0},{"damage":0.0,"enemies":"Small Slimes","floor":2.0,"turns":4.0},{"damage":0.0,"enemies":"Jaw Worm","floor":4.0,"turns":3.0},{"damage":0.0,"enemies":"Lots of Slimes","floor":8.0,"turns":3.0},{"damage":4.0,"enemies":"Looter","floor":10.0,"turns":4.0},{"damage":10.0,"enemies":"Gremlin Nob","floor":13.0,"turns":3.0},{"damage":32.0,"enemies":"Hexaghost","floor":16.0,"turns":8.0},{"damage":13.0,"enemies":"Chosen","floor":18.0,"turns":5.0},{"damage":33.0,"enemies":"Shell Parasite","floor":20.0,"turns":6.0},{"damage":32.0,"enemies":"Shelled Parasite and Fungi","floor":22.0,"turns":9.0},{"damage":12.0,"enemies":"Slavers","floor":25.0,"turns":3.0},{"damage":9.0,"enemies":"Snecko","floor":28.0,"turns":5.0},{"damage":77.0,"enemies":"Gremlin Leader","floor":29.0,"turns":7.0},{"damage":21.0,"enemies":"Centurion and Healer","floor":31.0,"turns":6.0},{"damage":111,"enemies":"Collector","floor":33,"turns":9}],"seed_played":"-4855017369021447020","potions_obtained":[{"floor":2.0,"key":"AttackPotion"},{"floor":4.0,"key":"Fruit Juice"},{"floor":8.0,"key":"PowerPotion"},{"floor":18.0,"key":"Regen Potion"},{"floor":20.0,"key":"ColorlessPotion"},{"floor":22.0,"key":"PowerPotion"},{"floor":28.0,"key":"Swift Potion"}],"is_trial":false,"path_per_floor":["M","M","?","M","?","$","?","M","T","M","$","$","E","?","R","B",null,"M","?","M","$","M","R","?","E","T","R","M","E","R","M","R","B"],"character_chosen":"THE_SILENT","items_purchased":["Toy Ornithopter","Distraction","Blood Vial","CunningPotion","Backstab"],"campfire_rested":2,"item_purchase_floors":[6,6,11,11,21],"current_hp_per_floor":[69,69,58,68,52,52,52,52,52,48,48,48,45,45,54,34,80,67,67,36,36,11,47,47,48,48,60,57,38,50,41,77,0,0],"gold":467,"neow_bonus":"BOSS_RELIC","is_daily":false,"chose_seed":false,"campfire_upgraded":2,"win_rate":0.0,"timestamp":1611579917,"path_taken":["M","M","?","M","?","$","?","?","T","M","?","$","E","?","R","BOSS","M","?","?","?","M","R","?","E","T","R","M","E","R","M","R","BOSS"],"items_purchased_type":["Relic","Card","Relic","Potion","Card"],"build_version":"2020-12-22","purchased_purges":0,"victory":false,"max_hp_per_floor":[70,70,70,80,80,80,80,80,80,80,80,80,80,80,80,80,80,80,80,80,80,80,80,80,80,80,80,80,80,80,80,80,80,80],"card_choices":[{"not_picked":["Dagger Throw","Poisoned Stab"],"picked":"Backstab","floor":1.0},{"not_picked":["Quick Slash","Setup"],"picked":"Cloak And Dagger","floor":2.0},{"not_picked":["Flying Knee","Outmaneuver"],"picked":"Dagger Spray","floor":4.0},{"not_picked":["Flying Knee","Dodge and Roll","PiercingWail"],"picked":"SKIP","floor":8.0},{"not_picked":["Prepared","Eviscerate"],"picked":"Deadly Poison","floor":10.0},{"not_picked":["Leg Sweep","Dash","Bouncing Flask"],"picked":"SKIP","floor":13.0},{"not_picked":["Quick Slash+1","Backflip"],"picked":"Noxious Fumes","floor":18.0},{"not_picked":["Crippling Poison","PiercingWail","Flying Knee"],"picked":"SKIP","floor":20.0},{"not_picked":["PiercingWail","Cloak And Dagger"],"picked":"Poisoned Stab","floor":22.0},{"not_picked":["Quick Slash+1","Riddle With Holes"],"picked":"Finisher+1","floor":25.0},{"not_picked":["Backflip","Skewer","Terror"],"picked":"SKIP","floor":28.0},{"not_picked":["Malaise","Flying Knee"],"picked":"Deflect+1","floor":29.0},{"not_picked":["Underhanded Strike+1","Finisher"],"picked":"Blade Dance+1","floor":31.0}],"player_experience":216800,"relics_obtained":[{"floor":9.0,"key":"Sundial"},{"floor":13.0,"key":"Eternal Feather"},{"floor":25.0,"key":"Ninja Scroll"},{"floor":25.0,"key":"Turnip"},{"floor":29.0,"key":"Juzu Bracelet"},{"floor":29.0,"key":"Old Coin"}],"event_choices":[{"damage_healed":0.0,"max_hp_gain":0.0,"max_hp_loss":0.0,"gold_gain":75.0,"event_name":"World of Goop","player_choice":"Gather Gold","floor":3.0,"gold_loss":0.0,"damage_taken":11.0},{"damage_healed":0.0,"max_hp_gain":0.0,"max_hp_loss":0.0,"gold_gain":0.0,"event_name":"Shining Light","player_choice":"Entered Light","floor":5.0,"gold_loss":0.0,"damage_taken":16.0,"cards_upgraded":["Strike_G","Strike_G"]},{"damage_healed":0.0,"max_hp_gain":0.0,"max_hp_loss":0.0,"gold_gain":175.0,"event_name":"Liars Game","player_choice":"AGREE","floor":7.0,"gold_loss":0.0,"damage_taken":0.0,"cards_obtained":["Doubt"]},{"damage_healed":0.0,"max_hp_gain":0.0,"max_hp_loss":0.0,"gold_gain":0.0,"event_name":"Living Wall","player_choice":"Grow","floor":14.0,"gold_loss":0.0,"damage_taken":0.0,"cards_upgraded":["Distraction"]},{"cards_removed":["Doubt"],"damage_healed":0.0,"max_hp_gain":0.0,"max_hp_loss":0.0,"gold_gain":0.0,"event_name":"Designer","player_choice":"Upgrade and Remove","floor":19.0,"gold_loss":90.0,"damage_taken":0.0,"cards_upgraded":["Dagger Spray"]},{"damage_healed":0.0,"max_hp_gain":0.0,"max_hp_loss":0.0,"gold_gain":0.0,"event_name":"Vampires","player_choice":"Became a vampire (Vial)","floor":24.0,"relics_lost":["Blood Vial"],"gold_loss":0.0,"damage_taken":0.0,"cards_obtained":["Bite","Bite","Bite","Bite","Bite"]}],"is_beta":false,"boss_relics":[{"not_picked":["Ectoplasm","SlaversCollar"],"picked":"Black Star"}],"items_purged_floors":[],"is_endless":false,"potions_floor_spawned":[2,4,8,18,20,22,28],"killed_by":"Collector","ascension_level":0}}