{"host":"l84l8xigz5v5foa2","time":1611597009,"event":{"mods":["2.2 Compatiblity","AchievementEnabler","BaseMod","Better Note","Better Vampires","Card Filter","Colored Map","DeckTracker","Gremlin Skip","Highlight Path","Keyboard Shortcuts","Minty Spire (QoL Compilation)","Permanent Neow","Quick Restart","Relic Filter","Relic Stats","Shop Mod","StSLib","SuperFastMode","Transform Curses","Unknown Chances"],"gold_per_floor":[115,130,55,72,89,89,89,89,89,123,142,156,58,77,77,155,155,170,185,185,185,197,197,197],"floor_reached":23,"language":"KOR","playtime":868,"items_purged":["Strike_G"],"score":341,"play_id":"f81bbed0-96be-4074-8758-9f1ef8674ad2","local_time":"20210126025009","is_ascension_mode":true,"campfire_choices":[{"data":"Noxious Fumes","floor":6,"key":"SMITH"},{"data":"Neutralize","floor":8,"key":"SMITH"},{"data":"Setup","floor":15,"key":"SMITH"}],"circlet_count":0,"master_deck":["AscendersBane","Strike_G","Strike_G+1","Defend_G","Defend_G","Defend_G","Defend_G","Defend_G","Survivor","Neutralize+1","Finesse","Backflip","Noxious Fumes+1","Predator+1","Blade Dance","Underhanded Strike","Well Laid Plans","Noxious Fumes","Leg Sweep","Blade Dance","Setup+1","A Thousand Cuts","Dagger Throw","Accuracy"],"relics":["Ring of the Snake","The Courier","Whetstone","Philosopher\u0027s Stone"],"acts_visited":["Exordium","TheCity"],"potions_floor_usage":[18,19],"damage_taken":[{"damage":1,"enemies":"Small Slimes","floor":1,"turns":5},{"damage":0,"enemies":"2 Louse","floor":2,"turns":4},{"damage":0,"enemies":"Jaw Worm","floor":4,"turns":6},{"damage":1,"enemies":"Looter","floor":5,"turns":4},{"damage":25,"enemies":"Gremlin Nob","floor":10,"turns":4},{"damage":0,"enemies":"Large Slime","floor":11,"turns":4},{"damage":8,"enemies":"3 Louse","floor":12,"turns":4},{"damage":0,"enemies":"Looter","floor":14,"turns":3},{"damage":3,"enemies":"The Guardian","floor":16,"turns":10},{"damage":4,"enemies":"Chosen","floor":18,"turns":5},{"damage":33,"enemies":"3 Byrds","floor":19,"turns":5},{"damage":15,"enemies":"Snake Plant","floor":22,"turns":6},{"damage":13,"enemies":"Gremlin Leader","floor":23,"turns":2}],"seed_played":"5491411110053181829","potions_obtained":[{"floor":4,"key":"Ancient Potion"},{"floor":10,"key":"Ancient Potion"},{"floor":12,"key":"Dexterity Potion"},{"floor":16,"key":"ColorlessPotion"}],"is_trial":false,"path_per_floor":["M","M","?","M","M","R","?","R","T","E","M","M","$","M","R","B",null,"M","M","?","?","M","E"],"character_chosen":"THE_SILENT","items_purchased":["Blade Dance"],"campfire_rested":0,"item_purchase_floors":[13],"current_hp_per_floor":[58,58,58,58,57,57,57,57,57,32,32,24,24,24,24,21,55,51,18,18,18,3,0,0],"gold":197,"neow_bonus":"RANDOM_COLORLESS","is_daily":false,"chose_seed":false,"campfire_upgraded":3,"win_rate":0.0,"timestamp":1611597009,"path_taken":["M","M","?","M","M","R","?","R","T","E","M","M","?","M","R","BOSS","M","M","?","?","M","E"],"items_purchased_type":["Card"],"build_version":"2020-12-22","purchased_purges":1,"victory":false,"max_hp_per_floor":[66,66,66,66,66,66,66,66,66,66,66,66,66,66,66,66,66,66,66,66,66,66,66,66],"relic_stats":{"counters":[13,62],"Whetstone":["Predator","Strike_G"],"obtain_stats":[{"Philosopher\u0027s Stone":17,"The Courier":9,"Whetstone":10,"Ring of the Snake":0},{"Philosopher\u0027s Stone":9,"The Courier":4,"Whetstone":5,"Ring of the Snake":0},{"Philosopher\u0027s Stone":44,"The Courier":19,"Whetstone":23,"Ring of the Snake":0}],"Ring of the Snake":[26]},"card_choices":[{"not_picked":["Enlightenment","Forethought"],"picked":"Finesse","floor":0},{"not_picked":["Prepared","Flying Knee"],"picked":"Backflip","floor":1},{"not_picked":["Crippling Poison","Reflex"],"picked":"Noxious Fumes","floor":2},{"not_picked":["Outmaneuver","Dodge and Roll"],"picked":"Predator","floor":4},{"not_picked":["Outmaneuver","Quick Slash"],"picked":"Blade Dance","floor":5},{"not_picked":["Storm of Steel","Backstab"],"picked":"Well Laid Plans","floor":10},{"not_picked":["Bouncing Flask","Dagger Spray"],"picked":"Noxious Fumes","floor":11},{"not_picked":["Endless Agony","Dodge and Roll"],"picked":"Leg Sweep","floor":12},{"not_picked":["Quick Slash","Expertise"],"picked":"Setup","floor":14},{"not_picked":["Storm of Steel","Bullet Time"],"picked":"A Thousand Cuts","floor":16},{"not_picked":["Dagger Spray","Bane","Slice"],"picked":"SKIP","floor":18},{"not_picked":["Deflect","Quick Slash"],"picked":"Dagger Throw","floor":19},{"not_picked":["Underhanded Strike","Flying Knee","Dagger Spray"],"picked":"SKIP","floor":22}],"player_experience":1467663,"relics_obtained":[{"floor":9,"key":"The Courier"},{"floor":10,"key":"Whetstone"}],"event_choices":[{"cards_removed":["Strike_G"],"damage_healed":0,"gold_gain":0,"player_choice":"Card Removal","damage_taken":0,"max_hp_gain":0,"max_hp_loss":0,"event_name":"The Cleric","floor":3,"gold_loss":75},{"damage_healed":0,"gold_gain":0,"cards_transformed":["Strike_G"],"player_choice":"Change","damage_taken":0,"max_hp_gain":0,"max_hp_loss":0,"event_name":"Living Wall","floor":7,"gold_loss":0,"cards_obtained":["Underhanded Strike"]},{"damage_healed":0,"gold_gain":0,"player_choice":"Read","damage_taken":0,"max_hp_gain":0,"max_hp_loss":0,"event_name":"The Library","floor":20,"gold_loss":0,"cards_obtained":["Accuracy"]},{"damage_healed":0,"gold_gain":0,"player_choice":"Ignored","damage_taken":0,"max_hp_gain":0,"max_hp_loss":0,"event_name":"The Mausoleum","floor":21,"gold_loss":0}],"is_beta":false,"boss_relics":[{"not_picked":["SacredBark","WristBlade"],"picked":"Philosopher\u0027s Stone"}],"items_purged_floors":[13],"is_endless":false,"potions_floor_spawned":[4,10,12,16],"killed_by":"Gremlin Leader","ascension_level":15}}