{"host":"l5xpox9cbdko122s","time":1611536585,"event":{"mods":["AchievementEnabler","BaseMod","Better Skull","Colored Map","Colored Powertips","Curses Come First","Displayed Cursed Tome","Hermit","Highlight Path","Minty Spire (QoL Compilation)","Quick Restart","Shop Mod","StSLib"],"gold_per_floor":[112,131,131,131,97,136,151,165,165,188,188,188,213,237,237,361,361,374,390,490,509,509,509],"floor_reached":22,"language":"ENG","playtime":1194,"items_purged":[],"score":215,"play_id":"e7b6c92e-b7b7-482a-9824-7f5a8b722cf9","local_time":"20210124200305","is_ascension_mode":false,"campfire_choices":[{"floor":11,"key":"RECALL"},{"floor":15,"key":"DIG"}],"circlet_count":0,"master_deck":["Strike_R","Strike_R","Strike_R","Strike_R","Strike_R","Defend_R","Defend_R","Defend_R","Defend_R","Bash","Evolve+1","Fire Breathing","Wild Strike","Shrug It Off"],"relics":["Burning Blood","NeowsBlessing","Golden Idol","Shovel","Shuriken","Mark of Pain"],"acts_visited":["Exordium","TheCity"],"potions_floor_usage":[10,10,13,16,19,22],"damage_taken":[{"damage":0,"enemies":"Cultist","floor":1,"turns":1},{"damage":0,"enemies":"Small Slimes","floor":2,"turns":1},{"damage":0,"enemies":"Gremlin Nob","floor":6,"turns":1},{"damage":2,"enemies":"2 Louse","floor":7,"turns":2},{"damage":11,"enemies":"Large Slime","floor":8,"turns":5},{"damage":4,"enemies":"Lots of Slimes","floor":10,"turns":4},{"damage":2,"enemies":"Looter","floor":13,"turns":4},{"damage":1,"enemies":"3 Louse","floor":14,"turns":4},{"damage":77,"enemies":"Hexaghost","floor":16,"turns":12},{"damage":16,"enemies":"Spheric Guardian","floor":18,"turns":4},{"damage":40,"enemies":"2 Thieves","floor":19,"turns":5},{"damage":29,"enemies":"Sentry and Sphere","floor":21,"turns":6},{"damage":15,"enemies":"Centurion and Healer","floor":22,"turns":3}],"seed_played":"7201202522204305529","potions_obtained":[{"floor":1,"key":"EssenceOfSteel"},{"floor":8,"key":"SpeedPotion"},{"floor":10,"key":"ColorlessPotion"},{"floor":14,"key":"Block Potion"},{"floor":18,"key":"SpeedPotion"},{"floor":21,"key":"Swift Potion"}],"is_trial":false,"path_per_floor":["M","M","?","?","$","E","M","M","T","M","R","?","M","M","R","B",null,"M","M","?","M","M"],"character_chosen":"IRONCLAD","items_purchased":["Fire Breathing"],"campfire_rested":0,"item_purchase_floors":[5],"current_hp_per_floor":[80,80,80,80,80,80,80,75,75,77,77,77,80,80,80,9,80,70,36,36,13,0,0],"gold":509,"neow_bonus":"THREE_ENEMY_KILL","is_daily":false,"chose_seed":false,"campfire_upgraded":0,"win_rate":0.0,"timestamp":1611536585,"path_taken":["M","?","?","?","$","E","M","M","T","M","R","?","?","M","R","BOSS","M","M","?","?","M"],"items_purchased_type":["Card"],"build_version":"2020-12-22","purchased_purges":0,"victory":false,"max_hp_per_floor":[80,80,80,80,80,80,80,80,80,80,80,80,80,80,80,80,80,80,80,80,80,80,80],"card_choices":[{"not_picked":["Bloodletting","Anger","Thunderclap"],"picked":"SKIP","floor":1},{"not_picked":["Iron Wave","Flex"],"picked":"Evolve","floor":2},{"not_picked":["Flex","Brutality","Pummel"],"picked":"SKIP","floor":6},{"not_picked":["Warcry","Havoc"],"picked":"Wild Strike","floor":7},{"not_picked":["Twin Strike","Searing Blow"],"picked":"Shrug It Off","floor":8},{"not_picked":["Armaments","Berserk","Iron Wave"],"picked":"SKIP","floor":10},{"not_picked":["Anger","Havoc","Perfected Strike"],"picked":"SKIP","floor":13},{"not_picked":["Shockwave","Pommel Strike","Whirlwind"],"picked":"SKIP","floor":14},{"not_picked":["Blood for Blood","Rampage","Inflame"],"picked":"SKIP","floor":18},{"not_picked":["Warcry","True Grit","Headbutt+1"],"picked":"SKIP","floor":19},{"not_picked":["Sever Soul","Shrug It Off","Body Slam+1"],"picked":"SKIP","floor":21}],"player_experience":195588,"relics_obtained":[{"floor":6,"key":"Shovel"},{"floor":15,"key":"Shuriken"}],"event_choices":[{"damage_healed":0,"gold_gain":0,"player_choice":"Take Wound","damage_taken":0,"relics_obtained":["Golden Idol"],"max_hp_gain":0,"max_hp_loss":0,"event_name":"Golden Idol","floor":3,"gold_loss":0,"cards_obtained":["Injury"]},{"damage_healed":0,"gold_gain":0,"player_choice":"Grow","damage_taken":0,"max_hp_gain":0,"max_hp_loss":0,"event_name":"Living Wall","floor":4,"gold_loss":0,"cards_upgraded":["Evolve"]},{"cards_removed":["Injury"],"damage_healed":0,"gold_gain":0,"player_choice":"Removed Curses","damage_taken":0,"max_hp_gain":0,"max_hp_loss":0,"event_name":"Fountain of Cleansing","floor":12,"gold_loss":0},{"damage_healed":0,"gold_gain":100,"player_choice":"Pray","damage_taken":0,"max_hp_gain":0,"max_hp_loss":0,"event_name":"Golden Shrine","floor":20,"gold_loss":0}],"is_beta":false,"boss_relics":[{"not_picked":["SlaversCollar","Fusion Hammer"],"picked":"Mark of Pain"}],"items_purged_floors":[],"is_endless":false,"potions_floor_spawned":[1,8,10,14,18,21],"killed_by":"Centurion and Healer","ascension_level":0}}