{"host":"l15sdf2mmi0nobpi","time":1611584758,"event":{"mods":["BaseMod","Highlight Path","Minty Spire (QoL Compilation)","Prisma Mod","Quick Restart","StSLib","¡¾¹¦ÄÜMod¡¿Neow½±Àø"],"gold_per_floor":[110,126,136,136,155,155,168,196,196,196,216,243,253,265,265,363,363,377,302,318,334,346,346,373,373,399,416,416,416,451,483,483,585,585,601,617,617,631,643,674,701,713,725,762,182,210,221,231,231,231,231,231,5,30,30],"floor_reached":56,"language":"ZHS","playtime":3099,"items_purged":["PrismaMod:ChloeCommonAttack","PrismaMod:ChloeCommonAttack","PrismaMod:ChloeCommonAttack"],"score":1752,"play_id":"7f1ffee8-6100-49fa-b4c9-bea4e7339778","local_time":"20210125222558","is_ascension_mode":true,"campfire_choices":[{"data":"PrismaMod:ChloeMordred","floor":6.0,"key":"SMITH"},{"data":"PrismaMod:ChloeCaladbolg","floor":10.0,"key":"SMITH"},{"data":"PrismaMod:ChloeCheapAttack","floor":15.0,"key":"SMITH"},{"data":"PrismaMod:ChloeAnyUncommonTrace","floor":23.0,"key":"SMITH"},{"data":"PrismaMod:ChloeExhaustTwo","floor":25.0,"key":"SMITH"},{"data":"PrismaMod:ChloeCheapDefend","floor":28.0,"key":"SMITH"},{"data":"PrismaMod:ChloeAnyUncommonTrace","floor":32.0,"key":"SMITH"},{"data":"PrismaMod:ChloeAnyPowerTrace","floor":42.0,"key":"SMITH"},{"floor":49.0,"key":"RECALL"},{"data":"PrismaMod:ChloeAnyPowerTrace","floor":52.0,"key":"SMITH"}],"circlet_count":0,"master_deck":["PrismaMod:ChloeCommonAttack","PrismaMod:ChloeCommonAttack","PrismaMod:ChloeCommonDefend+1","PrismaMod:ChloeCommonDefend","PrismaMod:ChloeCommonDefend","PrismaMod:ChloeCommonDefend","PrismaMod:ChloeCommonDefend","PrismaMod:ChloeCheapAttack+1","PrismaMod:ChloeCheapDefend+1","PrismaMod:ChloeMordred+1","PrismaMod:ChloeExhaustOne+1","PrismaMod:ChloeCaladbolg+1","PrismaMod:ChloeCarnivalAttack","PrismaMod:ChloeExhaustTwo+1","PrismaMod:ChloeAnyUncommonTrace+1","PrismaMod:ChloeChristmas+1","PrismaMod:ChloeGaeBolg+1","PrismaMod:ChloeDiscardRecovery","PrismaMod:ChloeCheapDefendTwo+1","PrismaMod:ChloeAnyUncommonTrace+1","PrismaMod:ChloeAnyPowerTrace+1","PrismaMod:ChloeDiscardRecovery","PrismaMod:ChloeAnyPowerTrace+1","PrismaMod:ChloeChristmas+1","PrismaMod:ChloeMaid+1"],"relics":["PrismaMod:PrismaTraceOnUpgrade","Happy Flower","White Beast Statue","Matryoshka","War Paint","Coffee Dripper","Ice Cream","Bag of Marbles","Pen Nib","Pocketwatch","Red Mask","MawBank","Anchor","Blood Vial","Potion Belt","Frozen Egg 2","Blue Candle","Akabeko"],"acts_visited":["Exordium","TheCity","TheBeyond","TheEnding"],"potions_floor_usage":[55,55,55,55,55,55],"damage_taken":[{"damage":6.0,"enemies":"Small Slimes","floor":1.0,"turns":4.0},{"damage":1.0,"enemies":"Cultist","floor":2.0,"turns":4.0},{"damage":0.0,"enemies":"2 Louse","floor":3.0,"turns":9.0},{"damage":13.0,"enemies":"Blue Slaver","floor":5.0,"turns":4.0},{"damage":2.0,"enemies":"3 Louse","floor":7.0,"turns":2.0},{"damage":18.0,"enemies":"3 Sentries","floor":8.0,"turns":5.0},{"damage":0.0,"enemies":"Gremlin Gang","floor":11.0,"turns":1.0},{"damage":6.0,"enemies":"Lagavulin","floor":12.0,"turns":5.0},{"damage":3.0,"enemies":"Large Slime","floor":13.0,"turns":3.0},{"damage":0.0,"enemies":"Exordium Thugs","floor":14.0,"turns":2.0},{"damage":0.0,"enemies":"Slime Boss","floor":16.0,"turns":3.0},{"damage":11.0,"enemies":"Spheric Guardian","floor":18.0,"turns":3.0},{"damage":11.0,"enemies":"2 Thieves","floor":20.0,"turns":3.0},{"damage":15.0,"enemies":"Snake Plant","floor":21.0,"turns":4.0},{"damage":13.0,"enemies":"Snecko","floor":22.0,"turns":5.0},{"damage":5.0,"enemies":"Book of Stabbing","floor":24.0,"turns":4.0},{"damage":1.0,"enemies":"3 Cultists","floor":27.0,"turns":4.0},{"damage":2.0,"enemies":"Gremlin Leader","floor":30.0,"turns":2.0},{"damage":0.0,"enemies":"Masked Bandits","floor":31.0,"turns":2.0},{"damage":11.0,"enemies":"Collector","floor":33.0,"turns":5.0},{"damage":0.0,"enemies":"3 Shapes","floor":35.0,"turns":1.0},{"damage":8.0,"enemies":"Orb Walker","floor":36.0,"turns":2.0},{"damage":0.0,"enemies":"Sphere and 2 Shapes","floor":38.0,"turns":5.0},{"damage":0.0,"enemies":"Transient","floor":39.0,"turns":5.0},{"damage":0.0,"enemies":"Reptomancer","floor":40.0,"turns":4.0},{"damage":28.0,"enemies":"Writhing Mass","floor":41.0,"turns":4.0},{"damage":0.0,"enemies":"Nemesis","floor":44.0,"turns":7.0},{"damage":0.0,"enemies":"Reptomancer","floor":46.0,"turns":3.0},{"damage":0.0,"enemies":"Sphere and 2 Shapes","floor":47.0,"turns":4.0},{"damage":0.0,"enemies":"Jaw Worm Horde","floor":48.0,"turns":1.0},{"damage":0.0,"enemies":"Awakened One","floor":50.0,"turns":8.0},{"damage":0.0,"enemies":"Shield and Spear","floor":54.0,"turns":3.0},{"damage":0,"enemies":"The Heart","floor":55,"turns":9}],"seed_played":"-4458015417182880637","potions_obtained":[{"floor":3.0,"key":"DistilledChaos"},{"floor":4.0,"key":"GamblersBrew"},{"floor":4.0,"key":"EntropicBrew"},{"floor":5.0,"key":"PowerPotion"},{"floor":11.0,"key":"SpeedPotion"},{"floor":12.0,"key":"Dexterity Potion"},{"floor":13.0,"key":"Fruit Juice"},{"floor":16.0,"key":"Swift Potion"},{"floor":21.0,"key":"DuplicationPotion"},{"floor":24.0,"key":"DuplicationPotion"},{"floor":27.0,"key":"AttackPotion"},{"floor":30.0,"key":"LiquidMemories"},{"floor":31.0,"key":"SmokeBomb"},{"floor":33.0,"key":"Ancient Potion"},{"floor":36.0,"key":"Regen Potion"},{"floor":38.0,"key":"PowerPotion"},{"floor":46.0,"key":"Swift Potion"},{"floor":47.0,"key":"SneckoOil"},{"floor":48.0,"key":"ColorlessPotion"},{"floor":54.0,"key":"SkillPotion"}],"is_trial":false,"path_per_floor":["M","M","M","?","M","R","M","E","T","R","M","E","M","M","R","B",null,"M","$","M","M","M","R","E","R","T","M","R","?","E","?","R","B",null,"M","M","?","M","M","E","M","R","T","E","$","E","M","M","R","B",null,"R","$","E","B",null],"character_chosen":"CHLOE","items_purchased":["Fruit Juice","Potion Belt","Frozen Egg 2","Fruit Juice"],"campfire_rested":0,"item_purchase_floors":[45,45,45,53],"current_hp_per_floor":[69,68,68,68,55,55,53,35,35,35,35,29,26,26,26,31,80,69,69,58,43,30,30,25,25,25,24,24,24,22,22,22,11,80,80,75,75,75,80,80,55,55,55,70,75,77,85,85,85,85,85,85,90,90,90],"gold":30,"neow_bonus":"RANDOM_COMMON_RELIC","is_daily":false,"chose_seed":false,"campfire_upgraded":9,"win_rate":0.0,"timestamp":1611584758,"path_taken":["M","M","M","?","M","R","M","E","T","R","M","E","?","M","R","BOSS","M","$","?","M","M","R","E","R","T","M","R","?","E","?","R","BOSS","M","M","?","M","M","E","M","R","T","E","$","E","M","M","R","BOSS","R","$","E","BOSS"],"items_purchased_type":["Potion","Relic","Relic","Potion"],"build_version":"2020-12-22","purchased_purges":3,"victory":true,"max_hp_per_floor":[75,75,75,75,75,75,75,75,75,75,75,75,75,75,75,80,80,80,80,80,80,80,80,80,80,80,80,80,80,80,80,80,80,80,80,80,80,80,80,80,80,80,80,80,85,85,85,85,85,85,85,85,90,90,90],"card_choices":[{"not_picked":["PrismaMod:ChloeCheapAttack","PrismaMod:ChloeCheapAttackTwo","PrismaMod:ChloeCheapDefend"],"picked":"SKIP","floor":1.0},{"not_picked":["PrismaMod:ChloeCheapAttack","PrismaMod:ChloeCheapDefendTwo"],"picked":"PrismaMod:ChloeMordred","floor":2.0},{"not_picked":["PrismaMod:ChloeCheapDefendTwo","PrismaMod:ChloeCheapAttack","PrismaMod:ChloeDiscardRecovery"],"picked":"SKIP","floor":3.0},{"not_picked":["PrismaMod:ChloeCheapDefend","PrismaMod:ChloeCheapDefendTwo"],"picked":"PrismaMod:ChloeExhaustOne","floor":5.0},{"not_picked":["PrismaMod:ChloeUncommonAOEAttack","PrismaMod:ChloeExhaustOne"],"picked":"PrismaMod:ChloeCaladbolg","floor":7.0},{"not_picked":["PrismaMod:ChloeUncommonAOEAttack","PrismaMod:ChloeCheapDefendTwo","PrismaMod:ChloeCheapDefend"],"picked":"SKIP","floor":8.0},{"not_picked":["PrismaMod:ChloeUncommonAOEAttack","PrismaMod:ChloeCheapDefend"],"picked":"PrismaMod:ChloeCarnivalAttack","floor":11.0},{"not_picked":["PrismaMod:ChloeUncommonAOEAttack","PrismaMod:ChloeCheapAttackTwo"],"picked":"PrismaMod:ChloeExhaustTwo","floor":12.0},{"not_picked":["PrismaMod:ChloeCommonAOEAttack","PrismaMod:ChloeCheapDefendTwo","PrismaMod:ChloeCheapDefend"],"picked":"SKIP","floor":13.0},{"not_picked":["PrismaMod:ChloeUncommonDefend","PrismaMod:ChloeCheapAttackTwo","PrismaMod:ChloeRuleBreaker"],"picked":"SKIP","floor":14.0},{"not_picked":["PrismaMod:ChloeDevil","PrismaMod:ChloeGreatTracePools"],"picked":"PrismaMod:ChloeAnyUncommonTrace","floor":16.0},{"not_picked":["PrismaMod:ChloeCommonAOEAttack","PrismaMod:ChloeExhaustTwo"],"picked":"PrismaMod:ChloeChristmas+1","floor":18.0},{"not_picked":["PrismaMod:ChloeCheapAttack+1","PrismaMod:ChloeCheapDefend"],"picked":"PrismaMod:ChloeGaeBolg+1","floor":20.0},{"not_picked":["PrismaMod:ChloeCheapAttackTwo","PrismaMod:ChloeExhaustOne+1"],"picked":"PrismaMod:ChloeDiscardRecovery","floor":21.0},{"not_picked":["PrismaMod:ChloeCheapDefendTwo","PrismaMod:ChloeExhaustTwo","PrismaMod:ChloeCheapAttackTwo"],"picked":"SKIP","floor":22.0},{"not_picked":["PrismaMod:ChloeEyeOfTheEuryale","PrismaMod:ChloeBetterTracePools"],"picked":"PrismaMod:ChloeCheapDefendTwo+1","floor":24.0},{"not_picked":["PrismaMod:ChloeCheapAttack","PrismaMod:ChloeUncommonAOEAttack","PrismaMod:ChloeCheapDefendTwo"],"picked":"SKIP","floor":27.0},{"not_picked":["PrismaMod:ChloeMordred","PrismaMod:ChloeCommonAOEAttack"],"picked":"PrismaMod:ChloeAnyUncommonTrace","floor":30.0},{"not_picked":["PrismaMod:ChloeReshuffleDiscard","PrismaMod:ChloeAnySkillTrace"],"picked":"PrismaMod:ChloeAnyPowerTrace","floor":33.0},{"not_picked":["PrismaMod:ChloeCheapDefend+1","PrismaMod:ChloeExhaustTwo+1"],"picked":"PrismaMod:ChloeDiscardRecovery","floor":35.0},{"not_picked":["PrismaMod:ChloeExcalibur+1","PrismaMod:ChloeCheapDefendTwo+1","PrismaMod:ChloeRuleBreaker"],"picked":"SKIP","floor":36.0},{"not_picked":["PrismaMod:ChloeMordred","PrismaMod:ChloeCheapDefend","PrismaMod:ChloeGaeBolg+1"],"picked":"SKIP","floor":38.0},{"not_picked":["PrismaMod:ChloeMordred+1","PrismaMod:ChloeRhongomyniad+1","PrismaMod:ChloeCheapDefendTwo+1"],"picked":"SKIP","floor":39.0},{"not_picked":["PrismaMod:ChloeEyeOfTheEuryale","PrismaMod:ChloeRitsuka+1","PrismaMod:ChloeBetterTracePools"],"picked":"SKIP","floor":40.0},{"not_picked":["PrismaMod:ChloeCheapDefendTwo","PrismaMod:ChloeDiscardRecovery+1","PrismaMod:ChloeExcalibur+1"],"picked":"SKIP","floor":41.0},{"not_picked":["PrismaMod:ChloeUncommonDefend","PrismaMod:ChloeCheapAttack+1","PrismaMod:ChloeCarnivalAOEAttack"],"picked":"SKIP","floor":44.0},{"not_picked":["PrismaMod:ChloeCheapAttackTwo","PrismaMod:ChloeCheapDefend","PrismaMod:ChloeChristmas+1"],"picked":"SKIP","floor":46.0},{"not_picked":["PrismaMod:ChloeCheapAttackTwo","PrismaMod:ChloeCheapDefend"],"picked":"PrismaMod:ChloeChristmas+1","floor":46.0},{"not_picked":["PrismaMod:ChloeCheapDefend+1","PrismaMod:ChloeMaid","PrismaMod:ChloeDiscardRecovery+1"],"picked":"SKIP","floor":47.0},{"not_picked":["PrismaMod:ChloeExcalibur+1","PrismaMod:ChloeCheapAttackTwo+1","PrismaMod:ChloeMaid+1"],"picked":"SKIP","floor":48.0},{"not_picked":["PrismaMod:ChloeExcalibur+1","PrismaMod:ChloeCheapAttackTwo+1"],"picked":"PrismaMod:ChloeMaid+1","floor":48.0},{"not_picked":["PrismaMod:ChloeMaid","PrismaMod:ChloeExhaustOne","PrismaMod:ChloeDiscardRecovery"],"picked":"SKIP","floor":54.0}],"player_experience":508919,"relics_obtained":[{"floor":8.0,"key":"White Beast Statue"},{"floor":9.0,"key":"Matryoshka"},{"floor":12.0,"key":"War Paint"},{"floor":24.0,"key":"Ice Cream"},{"floor":26.0,"key":"Bag of Marbles"},{"floor":26.0,"key":"Pen Nib"},{"floor":30.0,"key":"Pocketwatch"},{"floor":31.0,"key":"Red Mask"},{"floor":40.0,"key":"MawBank"},{"floor":43.0,"key":"Anchor"},{"floor":44.0,"key":"Blood Vial"},{"floor":46.0,"key":"Blue Candle"},{"floor":54.0,"key":"Akabeko"}],"event_choices":[{"damage_healed":0.0,"max_hp_gain":0.0,"max_hp_loss":0.0,"gold_gain":0.0,"event_name":"Lab","player_choice":"Got Potions","floor":4.0,"gold_loss":0.0,"damage_taken":0.0},{"damage_healed":0.0,"max_hp_gain":0.0,"max_hp_loss":0.0,"gold_gain":0.0,"event_name":"Vampires","player_choice":"Ignored","floor":29.0,"gold_loss":0.0,"damage_taken":0.0},{"damage_healed":0.0,"max_hp_gain":0.0,"max_hp_loss":0.0,"gold_gain":0.0,"event_name":"Masked Bandits","player_choice":"Fought Bandits","floor":31.0,"gold_loss":0.0,"damage_taken":0.0},{"damage_healed":0.0,"max_hp_gain":0.0,"max_hp_loss":0.0,"gold_gain":0.0,"event_name":"Duplicator","player_choice":"Copied","floor":37.0,"gold_loss":0.0,"damage_taken":0.0,"cards_obtained":["PrismaMod:ChloeAnyPowerTrace"]}],"is_beta":false,"boss_relics":[{"not_picked":["Runic Dome","Snecko Eye"],"picked":"Coffee Dripper"},{"not_picked":["Astrolabe","Philosopher\u0027s Stone"],"picked":"PrismaMod:PrismaTraceOnUpgrade"}],"items_purged_floors":[19,45,53],"is_endless":false,"potions_floor_spawned":[3,5,11,12,13,14,16,18,20,21,22,24,27,30,31,33,35,36,38,39,40,41,44,46,47,48,54],"ascension_level":2}}