{"host":"rb2p2z6v6vieend5","time":1611611725,"event":{"mods":["BaseMod","Block Reminder","Colored Map","DeckTracker","Highlight Path","Minty Spire (QoL Compilation)","Random Character Button","Relic Stats"],"gold_per_floor":[111,35,54,54,54,85,85,115,140,150,184,196,213,224,224,328,328,348,258,40,40,59,94,112,27,27,53,53,68,68,68,68,169,169,186,186,236,236,236,236,56,82,82,82,99,113,146,146,146,146],"floor_reached":51,"language":"ENG","playtime":9461,"items_purged":["Defend_P","Defend_P"],"score":1110,"play_id":"2ed50feb-e9cb-45b3-9eae-77d836b19eff","local_time":"20210125225525","is_ascension_mode":true,"campfire_choices":[{"data":"Eruption","floor":7,"key":"SMITH"},{"floor":15,"key":"REST"},{"data":"TalkToTheHand","floor":28,"key":"SMITH"},{"data":"Perseverance","floor":32,"key":"SMITH"},{"data":"Ragnarok","floor":40,"key":"SMITH"},{"data":"Nirvana","floor":44,"key":"SMITH"},{"data":"WindmillStrike","floor":49,"key":"SMITH"}],"circlet_count":0,"master_deck":["Eruption+1","Vigilance","FlurryOfBlows","Wallop","JustLucky","Perseverance","Perseverance+1","FlurryOfBlows","WindmillStrike+1","Vault+1","TalkToTheHand+1","Necronomicurse","Wireheading","JustLucky+1","Wallop","LikeWater+1","Bite","Bite","Bite","Bite","Bite","Ragnarok+1","The Bomb","Wireheading+1","Nirvana+1"],"relics":["SlaversCollar","Nunchaku","Mummified Hand","Centennial Puzzle","Toy Ornithopter","Snecko Eye","Lee\u0027s Waffle","Necronomicon","Meat on the Bone","Darkstone Periapt","Question Card","Ice Cream","MutagenicStrength","Busted Crown","Calipers","Oddly Smooth Stone","Letter Opener","Ornamental Fan"],"acts_visited":["Exordium","TheCity","TheBeyond"],"potions_floor_usage":[11,16,16,22,23,33],"damage_taken":[{"damage":2,"enemies":"Jaw Worm","floor":1,"turns":3},{"damage":12,"enemies":"2 Louse","floor":3,"turns":2},{"damage":23,"enemies":"3 Sentries","floor":6,"turns":6},{"damage":10,"enemies":"Gremlin Nob","floor":8,"turns":3},{"damage":2,"enemies":"Cultist","floor":10,"turns":3},{"damage":2,"enemies":"Lagavulin","floor":11,"turns":6},{"damage":4,"enemies":"Exordium Thugs","floor":12,"turns":5},{"damage":0,"enemies":"3 Louse","floor":13,"turns":2},{"damage":1,"enemies":"Looter","floor":14,"turns":3},{"damage":0,"enemies":"Slime Boss","floor":16,"turns":5},{"damage":22,"enemies":"Spheric Guardian","floor":18,"turns":6},{"damage":28,"enemies":"3 Byrds","floor":22,"turns":8},{"damage":29,"enemies":"Gremlin Leader","floor":23,"turns":6},{"damage":14,"enemies":"Snake Plant","floor":24,"turns":5},{"damage":0,"enemies":"Book of Stabbing","floor":27,"turns":6},{"damage":0,"enemies":"Centurion and Healer","floor":29,"turns":7},{"damage":0,"enemies":"Champ","floor":33,"turns":8},{"damage":0,"enemies":"3 Darklings","floor":35,"turns":2},{"damage":0,"enemies":"Mind Bloom Boss Battle","floor":37,"turns":3},{"damage":0,"enemies":"Reptomancer","floor":42,"turns":4},{"damage":0,"enemies":"Orb Walker","floor":45,"turns":2},{"damage":0,"enemies":"Jaw Worm Horde","floor":46,"turns":4},{"damage":0,"enemies":"Giant Head","floor":47,"turns":5},{"damage":0,"enemies":"Awakened One","floor":50,"turns":10}],"seed_played":"-3216191451328610066","potions_obtained":[{"floor":3,"key":"LiquidBronze"},{"floor":5,"key":"Weak Potion"},{"floor":5,"key":"Strength Potion"},{"floor":6,"key":"Fire Potion"},{"floor":16,"key":"Regen Potion"},{"floor":18,"key":"Swift Potion"},{"floor":22,"key":"Fire Potion"},{"floor":23,"key":"SpeedPotion"},{"floor":29,"key":"LiquidMemories"},{"floor":37,"key":"BlessingOfTheForge"},{"floor":42,"key":"Strength Potion"}],"is_trial":false,"path_per_floor":["M","$","M","?","?","E","R","E","T","M","E","M","M","M","R","B",null,"M","?","$","?","M","E","M","?","T","E","R","M","?","?","R","B",null,"M","?","?","?","?","R","$","E","T","R","M","M","E","?","R","B",null],"character_chosen":"WATCHER","items_purchased":["Wallop","Lee\u0027s Waffle","Nirvana"],"campfire_rested":1,"item_purchase_floors":[2,20,41],"current_hp_per_floor":[70,70,58,51,51,28,28,18,18,16,14,10,10,9,30,40,72,50,50,79,63,55,31,29,29,29,41,41,41,41,41,41,55,55,55,45,53,53,53,53,53,55,55,55,55,55,55,52,52,52],"gold":146,"neow_bonus":"BOSS_RELIC","is_daily":false,"chose_seed":false,"campfire_upgraded":6,"win_rate":0.0,"timestamp":1611611725,"path_taken":["M","$","M","?","?","E","R","E","T","M","E","M","M","M","R","BOSS","M","?","?","?","M","E","M","?","T","E","R","?","?","?","R","BOSS","M","?","?","?","?","R","$","E","T","R","M","M","E","?","R","BOSS"],"items_purchased_type":["Card","Relic","Card"],"build_version":"2020-12-22","purchased_purges":2,"victory":true,"max_hp_per_floor":[72,72,72,72,72,72,72,72,72,72,72,72,72,72,72,72,72,72,72,79,79,79,79,79,79,79,79,79,79,55,55,55,55,55,55,55,55,55,55,55,55,55,55,55,55,55,55,52,52,52],"relic_stats":{"Darkstone Periapt":0,"Lee\u0027s Waffle":29,"counters":[24,114],"Letter Opener":[0],"Question Card":12,"Nunchaku":[34],"Centennial Puzzle":[24],"Busted Crown":18,"Mummified Hand":[63],"Ornamental Fan":[40],"Snecko Eye":[116,144,121,136],"Necronomicon":[52],"obtain_stats":[{"Darkstone Periapt":25,"Ice Cream":27,"Lee\u0027s Waffle":20,"Calipers":37,"Oddly Smooth Stone":42,"Letter Opener":43,"Question Card":26,"SlaversCollar":0,"Nunchaku":6,"Centennial Puzzle":9,"Busted Crown":34,"Mummified Hand":8,"Ornamental Fan":47,"MutagenicStrength":31,"Snecko Eye":17,"Necronomicon":21,"PureWater":0,"Toy Ornithopter":11,"Meat on the Bone":23},{"Darkstone Periapt":14,"Ice Cream":15,"Lee\u0027s Waffle":11,"Calipers":19,"Oddly Smooth Stone":20,"Letter Opener":20,"Question Card":14,"SlaversCollar":0,"Nunchaku":3,"Centennial Puzzle":4,"Busted Crown":17,"Mummified Hand":4,"Ornamental Fan":23,"MutagenicStrength":16,"Snecko Eye":10,"Necronomicon":11,"PureWater":0,"Toy Ornithopter":6,"Meat on the Bone":13},{"Darkstone Periapt":63,"Ice Cream":69,"Lee\u0027s Waffle":44,"Calipers":89,"Oddly Smooth Stone":93,"Letter Opener":93,"Question Card":63,"SlaversCollar":0,"Nunchaku":11,"Centennial Puzzle":14,"Busted Crown":84,"Mummified Hand":14,"Ornamental Fan":104,"MutagenicStrength":76,"Snecko Eye":38,"Necronomicon":44,"PureWater":0,"Toy Ornithopter":23,"Meat on the Bone":58}],"Toy Ornithopter":20,"Meat on the Bone":24},"card_choices":[{"not_picked":["ThirdEye","Indignation"],"picked":"FlurryOfBlows","floor":1},{"not_picked":["PathToVictory","ReachHeaven","EmptyFist"],"picked":"SKIP","floor":3},{"not_picked":["Vengeance","CutThroughFate"],"picked":"JustLucky","floor":6},{"not_picked":["WreathOfFlame","ClearTheMind"],"picked":"MentalFortress","floor":8},{"not_picked":["Sanctity","FlyingSleeves","CrushJoints"],"picked":"SKIP","floor":10},{"not_picked":["Protect","ReachHeaven"],"picked":"Perseverance","floor":11},{"not_picked":["WaveOfTheHand","ConjureBlade"],"picked":"Perseverance","floor":12},{"not_picked":["WheelKick","Collect"],"picked":"FlurryOfBlows","floor":13},{"not_picked":["Wallop","ReachHeaven"],"picked":"WindmillStrike","floor":14},{"not_picked":["MasterReality","Judgement"],"picked":"Vault","floor":16},{"not_picked":["Evaluate","PathToVictory"],"picked":"TalkToTheHand","floor":18},{"not_picked":["Evaluate","MentalFortress"],"picked":"Wireheading","floor":22},{"not_picked":["SignatureMove","Evaluate"],"picked":"JustLucky+1","floor":23},{"not_picked":["BattleHymn","Prostrate"],"picked":"Wallop","floor":24},{"not_picked":["WheelKick","WreathOfFlame","EmptyFist"],"picked":"LikeWater+1","floor":27},{"not_picked":["Protect","Pray+1","FearNoEvil","ClearTheMind"],"picked":"SKIP","floor":29},{"not_picked":["Brilliance","Omniscience","MasterReality"],"picked":"Ragnarok","floor":33},{"not_picked":["PathToVictory","DeceiveReality"],"picked":"SKIP","floor":35},{"not_picked":["Forethought"],"picked":"The Bomb","floor":36},{"not_picked":["Conclude"],"picked":"Wireheading+1","floor":37},{"not_picked":["PathToVictory","InnerPeace+1"],"picked":"SKIP","floor":42},{"not_picked":["EmptyBody+1","Perseverance+1"],"picked":"SKIP","floor":45},{"not_picked":["Prostrate","Protect"],"picked":"SKIP","floor":46},{"not_picked":["SashWhip+1","FlyingSleeves+1"],"picked":"SKIP","floor":47}],"player_experience":609412,"relics_obtained":[{"floor":6,"key":"Nunchaku"},{"floor":8,"key":"Mummified Hand"},{"floor":9,"key":"Centennial Puzzle"},{"floor":11,"key":"Toy Ornithopter"},{"floor":21,"key":"Necronomicon"},{"floor":23,"key":"Meat on the Bone"},{"floor":26,"key":"Question Card"},{"floor":27,"key":"Ice Cream"},{"floor":37,"key":"Calipers"},{"floor":42,"key":"Oddly Smooth Stone"},{"floor":43,"key":"Letter Opener"},{"floor":47,"key":"Ornamental Fan"}],"event_choices":[{"cards_removed":["Defend_P"],"damage_healed":0,"gold_gain":0,"player_choice":"Card Removal","damage_taken":7,"max_hp_gain":0,"max_hp_loss":0,"event_name":"Golden Wing","floor":4,"gold_loss":0},{"damage_healed":0,"gold_gain":0,"player_choice":"Got Potions","damage_taken":0,"max_hp_gain":0,"max_hp_loss":0,"event_name":"Lab","floor":5,"gold_loss":0},{"cards_removed":["Defend_P"],"damage_healed":0,"gold_gain":0,"player_choice":"Upgrade and Remove","damage_taken":0,"max_hp_gain":0,"max_hp_loss":0,"event_name":"Designer","floor":19,"gold_loss":90,"cards_upgraded":["Vault"]},{"damage_healed":0,"gold_gain":0,"player_choice":"Obtained Book","damage_taken":16,"max_hp_gain":0,"max_hp_loss":0,"event_name":"Cursed Tome","floor":21,"gold_loss":0},{"damage_healed":0,"gold_gain":0,"player_choice":"Obtained Relic","damage_taken":0,"relics_obtained":["Darkstone Periapt"],"max_hp_gain":0,"max_hp_loss":0,"event_name":"Addict","floor":25,"gold_loss":85},{"damage_healed":0,"gold_gain":0,"player_choice":"Became a vampire","damage_taken":0,"max_hp_gain":0,"max_hp_loss":24,"event_name":"Vampires","floor":30,"gold_loss":0,"cards_obtained":["Bite","Bite","Bite","Bite","Bite"]},{"damage_healed":0,"gold_gain":0,"player_choice":"Inject Mutagens","damage_taken":0,"relics_obtained":["MutagenicStrength"],"max_hp_gain":0,"max_hp_loss":0,"event_name":"Drug Dealer","floor":31,"gold_loss":0},{"damage_healed":0,"gold_gain":0,"player_choice":"Memory 3","damage_taken":10,"max_hp_gain":0,"max_hp_loss":0,"event_name":"SensoryStone","floor":36,"gold_loss":0},{"damage_healed":0,"gold_gain":0,"player_choice":"Fight","damage_taken":0,"max_hp_gain":0,"max_hp_loss":0,"event_name":"MindBloom","floor":37,"gold_loss":0},{"damage_healed":0,"gold_gain":0,"player_choice":"Ignored","damage_taken":0,"max_hp_gain":0,"max_hp_loss":0,"event_name":"Tomb of Lord Red Mask","floor":38,"gold_loss":0},{"cards_removed":["MentalFortress"],"damage_healed":0,"gold_gain":0,"player_choice":"Removed Power","damage_taken":0,"max_hp_gain":0,"max_hp_loss":0,"event_name":"Falling","floor":39,"gold_loss":0},{"damage_healed":0,"gold_gain":0,"player_choice":"Max HP","damage_taken":0,"max_hp_gain":0,"max_hp_loss":3,"event_name":"Winding Halls","floor":48,"gold_loss":0}],"is_beta":false,"boss_relics":[{"not_picked":["Coffee Dripper","Pandora\u0027s Box"],"picked":"Snecko Eye"},{"not_picked":["Sozu","Philosopher\u0027s Stone"],"picked":"Busted Crown"}],"items_purged_floors":[20,41],"is_endless":false,"potions_floor_spawned":[3,6,8,16,18,22,23,29,37,42,47],"ascension_level":2}}