{"host":"xi8yg1ddhptuxb9d","time":1611580499,"event":{"mods":["AchievementEnabler","AlwaysNeverKeys","BaseMod","Block Reminder","Minty Spire (QoL Compilation)","Relic Sorter","StSLib"],"gold_per_floor":[113,113,129,139,153,187,187,187,187],"floor_reached":8,"language":"ENG","playtime":406,"items_purged":[],"score":107,"play_id":"3bb232ec-0af3-4a1b-8a29-ca799a4f76c8","local_time":"20210125081459","is_ascension_mode":true,"campfire_choices":[{"floor":7,"key":"REST"}],"circlet_count":0,"master_deck":["AscendersBane","Strike_G","Strike_G","Strike_G","Strike_G","Strike_G","Defend_G","Defend_G","Defend_G","Defend_G","Defend_G","Survivor","Neutralize","Dagger Throw","Pain","Catalyst","Deadly Poison","Poisoned Stab","Quick Slash"],"relics":["Black Star","WarpedTongs","Incense Burner","Lantern"],"acts_visited":["Exordium"],"potions_floor_usage":[8,8],"damage_taken":[{"damage":3,"enemies":"Small Slimes","floor":1,"turns":5},{"damage":12,"enemies":"Cultist","floor":3,"turns":5},{"damage":4,"enemies":"Jaw Worm","floor":4,"turns":4},{"damage":9,"enemies":"Blue Slaver","floor":5,"turns":6},{"damage":24,"enemies":"Lagavulin","floor":6,"turns":5},{"damage":41,"enemies":"3 Sentries","floor":8,"turns":7}],"seed_played":"7644683954309763888","potions_obtained":[{"floor":1,"key":"Poison Potion"},{"floor":6,"key":"Regen Potion"}],"is_trial":false,"path_per_floor":["M","?","M","M","M","E","R","E"],"character_chosen":"THE_SILENT","items_purchased":[],"campfire_rested":1,"item_purchase_floors":[],"current_hp_per_floor":[56,56,44,40,31,7,26,0,0],"gold":187,"neow_bonus":"BOSS_RELIC","is_daily":false,"chose_seed":false,"campfire_upgraded":0,"win_rate":0.0,"timestamp":1611580499,"path_taken":["M","?","?","M","M","E","R","E"],"items_purchased_type":[],"build_version":"2020-12-22","purchased_purges":0,"victory":false,"max_hp_per_floor":[66,66,66,66,66,66,66,66,66],"card_choices":[{"not_picked":["Accuracy","Dodge and Roll"],"picked":"Dagger Throw","floor":1},{"not_picked":["Blade Dance","Underhanded Strike"],"picked":"Catalyst","floor":3},{"not_picked":["Flying Knee","Acrobatics"],"picked":"Deadly Poison","floor":4},{"not_picked":["PiercingWail","Backstab"],"picked":"Poisoned Stab","floor":5},{"not_picked":["Deadly Poison","Bane"],"picked":"Quick Slash","floor":6}],"player_experience":664995,"relics_obtained":[{"floor":6,"key":"Incense Burner"},{"floor":6,"key":"Lantern"}],"event_choices":[{"damage_healed":0,"gold_gain":0,"player_choice":"Rummage","damage_taken":0,"relics_obtained":["WarpedTongs"],"max_hp_gain":0,"max_hp_loss":0,"event_name":"Accursed Blacksmith","floor":2,"gold_loss":0,"cards_obtained":["Pain"]}],"is_beta":false,"boss_relics":[],"items_purged_floors":[],"is_endless":false,"potions_floor_spawned":[1,6],"killed_by":"3 Sentries","ascension_level":17}}