{"host":"jgyoyy5iuhtvyvtg","time":1611539541,"event":{"mods":["2.2 Compatiblity","BaseMod","Challenge The Spire","Colored Map","Conspire","Dark Map","Downfall","Hermit","Highlight Path","Infinite Spire","Lobotomy","LobotomyExtend","Minty Spire (QoL Compilation)","Quick Restart","Replay The Spire","Spikes Relics","StSLib","The Construct","The Disciple","The Jungle","Yuri Mod"],"gold_per_floor":[99,158,158,56,74,74,74,74],"floor_reached":6,"language":"ENG","playtime":353,"items_purged":[],"score":32,"play_id":"6775a079-d7b3-4e89-8e81-09ab95db1d12","local_time":"20210124175221","is_ascension_mode":false,"campfire_choices":[{"data":"champ:Taunt","floor":1,"key":"SMITH"}],"circlet_count":0,"master_deck":["champ:Strike","champ:Strike","champ:Strike","champ:Strike","champ:Defend","champ:Defend","champ:Defend","champ:Defend","champ:Execute","champ:Taunt+1","champ:CrownThrow","champ:DefensiveStyle","champ:DeathBlow","champ:BringItOn","champ:BerserkersShout"],"relics":["champ:ChampionCrown","MiniBlackHole","Dream Catcher","LetterFromLob"],"acts_visited":["Exordium"],"potions_floor_usage":[6],"damage_taken":[{"damage":81,"enemies":"Gremlin Nob","floor":2,"turns":6},{"damage":20,"enemies":"downfall:FleeingMerchant","floor":4,"turns":4},{"damage":0,"enemies":"2 Louse","floor":5,"turns":2},{"damage":28,"enemies":"Gremlin Nob","floor":6,"turns":3}],"seed_played":"-5195722774610010894","potions_obtained":[{"floor":2,"key":"Languid Potion"}],"is_trial":false,"path_per_floor":["R","?","?","$","M","E"],"character_chosen":"THE_CHAMP","items_purchased":["champ:DeathBlow","champ:BringItOn"],"campfire_rested":0,"item_purchase_floors":[4,4],"current_hp_per_floor":[90,39,24,24,24,0,0,0],"gold":74,"neow_bonus":"RANDOM_COMMON_RELIC","is_daily":false,"chose_seed":false,"campfire_upgraded":1,"win_rate":0.0,"timestamp":1611539541,"path_taken":["R","?","?","$","M","E"],"items_purchased_type":["Card","Card"],"build_version":"2020-12-22","purchased_purges":0,"victory":false,"max_hp_per_floor":[90,90,90,90,90,90,90,90],"card_choices":[{"not_picked":["champ:FlashCut","champ:ArenaPreparation"],"picked":"champ:CrownThrow","floor":2},{"not_picked":["champ:CheapShot","champ:FalseCounter"],"picked":"champ:DefensiveStyle","floor":4},{"not_picked":["champ:RecklessLeap","champ:GladiatorStyle"],"picked":"champ:BerserkersShout","floor":5}],"player_experience":3220140,"relics_obtained":[{"floor":2,"key":"Dream Catcher"},{"floor":5,"key":"LetterFromLob"}],"event_choices":[],"is_beta":false,"boss_relics":[],"items_purged_floors":[],"is_endless":false,"potions_floor_spawned":[2],"killed_by":"Gremlin Nob","ascension_level":0}}