{"host":"btt6ntw6a1bnaigc","time":1611610060,"event":{"mods":["AchievementEnabler","BaseMod","Downfall","Hermit","Marisa????????","Minty Spire (QoL Compilation)","StSLib","The Cursed","The Mystic"],"gold_per_floor":[99,117,117,129,129,129,145,175,198,227,227,255,255,292,292,402,402,422,443,127,144,160,186,186,211,211,211,411,440,465,512,512,618,618,638,653,672,582,605,643,643,693,693,1026,1099,1099,1113,1122,1122,1122,1122,1122,51,79,79,79],"floor_reached":55,"language":"ENG","playtime":5676,"items_purged":["Defend_MRS","Wraith"],"score":831,"play_id":"1d1b2745-c6e4-4704-9b2b-b3195c9ccfd3","local_time":"20210125212740","is_ascension_mode":false,"campfire_choices":[{"data":"TreasureHunter","floor":6.0,"key":"SMITH"},{"data":"DC","floor":11.0,"key":"SMITH"},{"data":"LuminesStrike","floor":15.0,"key":"SMITH"},{"data":"MilkyWay","floor":24.0,"key":"SMITH"},{"floor":32.0,"key":"REST"},{"data":"EventHorizon","floor":41.0,"key":"SMITH"},{"data":"UpSweep","floor":46.0,"key":"SMITH"},{"floor":49.0,"key":"RECALL"},{"data":"EnergyFlow","floor":52.0,"key":"SMITH"}],"circlet_count":0,"master_deck":["Strike_MRS+1","Defend_MRS","Defend_MRS","Defend_MRS+1","MasterSpark+1","UpSweep+1","TreasureHunter+1","LuminesStrike+1","EventHorizon+1","GalacticHalo","DC+1","GrandCross","EnergyFlow+1","MillisecondPulsars","MilkyWay+1","MilkyWay+1","SporeBomb","MagicChant+1","Parasite","Parasite","SatelliteIllusion","AsteroidBelt+1","GravityBeat","DeepEcoloBomb+1","LuminesStrike+1","Singularity"],"relics":["BewitchedHakkero","Eternal Feather","Whetstone","CeramicFish","Nunchaku","Bag of Marbles","Bird Faced Urn","Busted Crown","Question Card","Boot","Bronze Scales","ShroomBag","Bottled Tornado","Pocketwatch","Juzu Bracelet","Akabeko","Ginger","Unceasing Top","Mummified Hand","Old Coin","Bottled Flame","Strange Spoon","Mango","Sundial","Bag of Preparation"],"acts_visited":["Exordium","TheCity","TheBeyond","TheEnding"],"potions_floor_usage":[],"damage_taken":[{"damage":0.0,"enemies":"Small Slimes","floor":1.0,"turns":3.0},{"damage":1.0,"enemies":"Cultist","floor":2.0,"turns":3.0},{"damage":6.0,"enemies":"2 Louse","floor":4.0,"turns":2.0},{"damage":0.0,"enemies":"Large Slime","floor":7.0,"turns":4.0},{"damage":12.0,"enemies":"Lagavulin","floor":8.0,"turns":8.0},{"damage":0.0,"enemies":"Looter","floor":10.0,"turns":3.0},{"damage":0.0,"enemies":"Exordium Thugs","floor":12.0,"turns":3.0},{"damage":14.0,"enemies":"Gremlin Nob","floor":14.0,"turns":4.0},{"damage":40.0,"enemies":"The Guardian","floor":16.0,"turns":8.0},{"damage":5.0,"enemies":"Spheric Guardian","floor":18.0,"turns":3.0},{"damage":0.0,"enemies":"Chosen","floor":19.0,"turns":2.0},{"damage":0.0,"enemies":"Snake Plant","floor":21.0,"turns":2.0},{"damage":19.0,"enemies":"Shelled Parasite and Fungi","floor":22.0,"turns":4.0},{"damage":42.0,"enemies":"Book of Stabbing","floor":23.0,"turns":6.0},{"damage":3.0,"enemies":"Snecko","floor":25.0,"turns":3.0},{"damage":3.0,"enemies":"Cultist and Chosen","floor":29.0,"turns":4.0},{"damage":1.0,"enemies":"Snake Plant","floor":30.0,"turns":3.0},{"damage":7.0,"enemies":"Slavers","floor":31.0,"turns":3.0},{"damage":49.0,"enemies":"Champ","floor":33.0,"turns":7.0},{"damage":4.0,"enemies":"3 Shapes","floor":35.0,"turns":2.0},{"damage":2.0,"enemies":"3 Darklings","floor":36.0,"turns":4.0},{"damage":3.0,"enemies":"Maw","floor":37.0,"turns":7.0},{"damage":11.0,"enemies":"Spire Growth","floor":39.0,"turns":3.0},{"damage":18.0,"enemies":"Nemesis","floor":40.0,"turns":5.0},{"damage":0.0,"enemies":"Mind Bloom Boss Battle","floor":42.0,"turns":5.0},{"damage":19.0,"enemies":"Reptomancer","floor":44.0,"turns":5.0},{"damage":8.0,"enemies":"4 Shapes","floor":47.0,"turns":2.0},{"damage":63.0,"enemies":"Awakened One","floor":50.0,"turns":10.0},{"damage":44.0,"enemies":"Shield and Spear","floor":54.0,"turns":4.0},{"damage":2,"enemies":"The Heart","floor":55,"turns":2}],"seed_played":"-9199598733819555805","potions_obtained":[{"floor":4.0,"key":"Block Potion"},{"floor":7.0,"key":"champ:CounterPotion"},{"floor":10.0,"key":"Block Potion"},{"floor":16.0,"key":"PowerPotion"},{"floor":29.0,"key":"SkillPotion"},{"floor":30.0,"key":"GamblersBrew"},{"floor":31.0,"key":"LiquidBronze"},{"floor":33.0,"key":"BottledSpark"},{"floor":35.0,"key":"BlessingOfTheForge"},{"floor":37.0,"key":"hexamod:SoulburnPotion"},{"floor":47.0,"key":"Fire Potion"}],"is_trial":false,"path_per_floor":["M","M","?","M","?","R","M","E","T","M","R","M","?","E","R","B",null,"M","M","$","M","M","E","R","M","T","?","?","M","M","E","R","B",null,"M","M","M","?","M","E","R","?","T","E","T","R","M","?","R","B",null,"R","$","E","B"],"character_chosen":"MARISA","items_purchased":["Question Card","Singularity","Strange Spoon","PowerPotion","Fruit Juice","Mango","Sundial","Guardian:BlockOnCardUsePotion"],"campfire_rested":1,"item_purchase_floors":[20,53,53,53,53,53,53,53],"current_hp_per_floor":[68,67,67,61,61,61,61,49,49,49,55,55,55,41,50,10,68,63,63,63,65,46,10,19,20,20,20,20,21,22,17,49,10,68,64,68,68,68,61,53,68,68,68,53,53,68,65,65,68,15,68,68,87,57,57,57],"gold":79,"neow_bonus":"THREE_RARE_CARDS","is_daily":false,"chose_seed":false,"campfire_upgraded":7,"win_rate":0.0,"timestamp":1611610060,"path_taken":["M","M","?","?","?","R","M","E","T","M","R","M","?","E","R","BOSS","M","M","$","M","M","E","R","M","T","?","?","M","?","E","R","BOSS","M","M","?","?","?","E","R","?","T","E","?","R","M","?","R","BOSS","R","$","E","BOSS"],"items_purchased_type":["Relic","Card","Relic","Potion","Potion","Relic","Relic","Potion"],"build_version":"2020-12-22","purchased_purges":2,"victory":false,"max_hp_per_floor":[68,68,68,68,68,68,68,68,68,68,68,68,68,68,68,68,68,68,68,68,68,68,68,68,68,68,68,68,68,68,68,68,68,68,68,68,68,68,68,68,68,68,68,68,68,68,68,68,68,68,68,68,87,87,87,87],"card_choices":[{"not_picked":["StarDustReverie","EscapeVelocity"],"picked":"TreasureHunter","floor":0.0},{"not_picked":["MysteriousBeam","OneTimeOff"],"picked":"LuminesStrike","floor":1.0},{"not_picked":["RefractionSpark","MysteriousBeam"],"picked":"EventHorizon","floor":2.0},{"not_picked":["DarkSpark","WitchLeyline","RefractionSpark"],"picked":"SKIP","floor":4.0},{"not_picked":["SporeBomb","WitchLeyline"],"picked":"GalacticHalo","floor":7.0},{"not_picked":["Acceleration","ManaRampage","ShootingEcho"],"picked":"SKIP","floor":8.0},{"not_picked":["DoubleSpark","Acceleration"],"picked":"DC","floor":10.0},{"not_picked":["DarkMatter","ShootingEcho"],"picked":"GrandCross","floor":12.0},{"not_picked":["PulseMagic","GrandCross"],"picked":"EnergyFlow","floor":14.0},{"not_picked":["SuperNova","ManaRampage"],"picked":"MillisecondPulsars","floor":16.0},{"not_picked":["PropBag"],"picked":"SKIP","floor":18.0},{"not_picked":[],"picked":"MilkyWay","floor":19.0},{"not_picked":["NonDirectionalLaser","GrandCross+1"],"picked":"SKIP","floor":21.0},{"not_picked":["FairyDestructionRay","SporeBomb"],"picked":"SKIP","floor":22.0},{"not_picked":["Acceleration","MaximisePower"],"picked":"SKIP","floor":23.0},{"not_picked":["DoubleSpark"],"picked":"MilkyWay+1","floor":25.0},{"not_picked":["DC+1"],"picked":"SporeBomb","floor":29.0},{"not_picked":["AsteroidBelt+1"],"picked":"MagicChant+1","floor":30.0},{"not_picked":["Acceleration","GalacticHalo"],"picked":"SKIP","floor":31.0},{"not_picked":["EscapeVelocity"],"picked":"SatelliteIllusion","floor":33.0},{"not_picked":["SporeBomb"],"picked":"AsteroidBelt+1","floor":35.0},{"not_picked":["PulseMagic+1","UnstableBomb+1"],"picked":"SKIP","floor":36.0},{"not_picked":["PulseMagic"],"picked":"GravityBeat","floor":37.0},{"not_picked":["6A"],"picked":"DeepEcoloBomb+1","floor":39.0},{"not_picked":["GalacticHalo+1"],"picked":"LuminesStrike+1","floor":40.0},{"not_picked":["DC","StarlightTyphoon+1"],"picked":"SKIP","floor":44.0},{"not_picked":["StarlightTyphoon","6A+1"],"picked":"SKIP","floor":47.0},{"not_picked":["ShootingEcho+1","PowerUp"],"picked":"SKIP","floor":54.0}],"player_experience":299933,"relics_obtained":[{"floor":8.0,"key":"Eternal Feather"},{"floor":8.0,"key":"Whetstone"},{"floor":9.0,"key":"CeramicFish"},{"floor":14.0,"key":"Nunchaku"},{"floor":14.0,"key":"Bag of Marbles"},{"floor":16.0,"key":"Bird Faced Urn"},{"floor":23.0,"key":"Boot"},{"floor":26.0,"key":"Bronze Scales"},{"floor":31.0,"key":"ShroomBag"},{"floor":31.0,"key":"Bottled Tornado"},{"floor":33.0,"key":"Pocketwatch"},{"floor":40.0,"key":"Juzu Bracelet"},{"floor":40.0,"key":"Akabeko"},{"floor":42.0,"key":"Ginger"},{"floor":42.0,"key":"Unceasing Top"},{"floor":44.0,"key":"Mummified Hand"},{"floor":44.0,"key":"Old Coin"},{"floor":45.0,"key":"Bottled Flame"},{"floor":54.0,"key":"Bag of Preparation"}],"event_choices":[{"cards_removed":["Strike_MRS"],"damage_healed":0.0,"max_hp_gain":0.0,"max_hp_loss":0.0,"gold_gain":0.0,"event_name":"Purifier","player_choice":"Purged","floor":3.0,"gold_loss":0.0,"damage_taken":0.0},{"damage_healed":0.0,"max_hp_gain":0.0,"max_hp_loss":0.0,"gold_gain":0.0,"event_name":"Liars Game","player_choice":"Ignored","floor":5.0,"gold_loss":0.0,"damage_taken":0.0},{"cards_removed":["Strike_MRS"],"damage_healed":0.0,"max_hp_gain":0.0,"max_hp_loss":0.0,"gold_gain":0.0,"event_name":"Living Wall","player_choice":"Forget","floor":13.0,"gold_loss":0.0,"damage_taken":0.0},{"damage_healed":0.0,"max_hp_gain":0.0,"max_hp_loss":0.0,"gold_gain":0.0,"event_name":"Vampires","player_choice":"Ignored","floor":27.0,"gold_loss":0.0,"damage_taken":0.0},{"damage_healed":0.0,"max_hp_gain":0.0,"max_hp_loss":0.0,"gold_gain":200.0,"event_name":"Wheel of Change","player_choice":"Gold","floor":28.0,"gold_loss":0.0,"damage_taken":0.0},{"cards_removed":["Strike_MRS"],"damage_healed":0.0,"max_hp_gain":0.0,"max_hp_loss":0.0,"gold_gain":0.0,"event_name":"Designer","player_choice":"Upgrade and Remove","floor":38.0,"gold_loss":90.0,"damage_taken":0.0,"cards_upgraded":["Defend_MRS"]},{"damage_healed":0.0,"max_hp_gain":0.0,"max_hp_loss":0.0,"gold_gain":0.0,"event_name":"MindBloom","player_choice":"Fight","floor":42.0,"gold_loss":0.0,"damage_taken":0.0},{"damage_healed":0.0,"max_hp_gain":0.0,"max_hp_loss":0.0,"gold_gain":0.0,"event_name":"OrinTheCat","player_choice":"Ignored","floor":48.0,"gold_loss":0.0,"damage_taken":0.0}],"is_beta":false,"boss_relics":[{"not_picked":["Runic Pyramid","Empty Cage"],"picked":"Busted Crown"},{"not_picked":["Tiny House","SacredBark"],"picked":"BewitchedHakkero"}],"items_purged_floors":[20,53],"is_endless":false,"potions_floor_spawned":[4,7,10,16,29,30,31,33,35,37,47],"killed_by":"The Heart","ascension_level":0}}