{"host":"uv5ws9rdk87e8i5k","time":1611596004,"event":{"mods":["AchievementEnabler","BaseMod","Colored Map","Minty Spire (QoL Compilation)","StSLib","SuperFastMode","The Necromancer"],"gold_per_floor":[138,189,223,223,223,223,254,254,280,280,280],"floor_reached":10,"language":"ENG","playtime":158,"items_purged":[],"score":96,"play_id":"a7cc0560-8020-4e27-9321-2a9ec3bb7f1a","local_time":"20210125113324","is_ascension_mode":true,"campfire_choices":[{"data":"HandOfGreed","floor":6,"key":"SMITH"},{"data":"Shade_Step","floor":8,"key":"SMITH"}],"circlet_count":0,"master_deck":["Strike_W","Strike_W","Strike_W","Defend_W","Defend_W","Defend_W","Defend_W","Negative_Energy_Arrows","Bone_Wall","HandOfGreed+1","Shade_Step+1","Regret"],"relics":["Vampire_Amulet","Ancient Tea Set","InkBottle","Juzu Bracelet"],"acts_visited":["Exordium"],"potions_floor_usage":[7,7],"damage_taken":[{"damage":11,"enemies":"Small Slimes","floor":1,"turns":5},{"damage":0,"enemies":"2 Louse","floor":2,"turns":4},{"damage":6,"enemies":"Jaw Worm","floor":3,"turns":3},{"damage":24,"enemies":"Gremlin Nob","floor":7,"turns":3},{"damage":37,"enemies":"Lagavulin","floor":10,"turns":3}],"seed_played":"5746005979297621820","potions_obtained":[{"floor":2,"key":"ColorlessPotion"},{"floor":3,"key":"ColorlessPotion"}],"is_trial":false,"path_per_floor":["M","M","M","?","?","R","E","R","T","E"],"character_chosen":"NECROMANCER","items_purchased":[],"campfire_rested":0,"item_purchase_floors":[],"current_hp_per_floor":[59,63,59,52,52,52,30,30,30,0,0],"gold":280,"neow_bonus":"RANDOM_COLORLESS_2","is_daily":false,"chose_seed":false,"campfire_upgraded":2,"win_rate":0.0,"timestamp":1611596004,"path_taken":["M","M","M","?","?","R","E","R","T","E"],"items_purchased_type":[],"build_version":"2020-12-22","purchased_purges":0,"victory":false,"max_hp_per_floor":[68,68,68,68,68,68,68,68,68,68,68],"card_choices":[{"not_picked":["Magnetism","Thinking Ahead"],"picked":"HandOfGreed","floor":0},{"not_picked":["Blood_Shield","Blood_Whip","Bone_Armor"],"picked":"SKIP","floor":1},{"not_picked":["Death_Coil","Toxic_Smoke_Screen"],"picked":"Shade_Step","floor":2},{"not_picked":["Bones_to_Steel","Death_Coil","Blood_Curse"],"picked":"SKIP","floor":3},{"not_picked":["Bone_Bullets","Life_Tap","Flesh_Made_Foul"],"picked":"SKIP","floor":7}],"player_experience":276233,"relics_obtained":[{"floor":7,"key":"InkBottle"},{"floor":9,"key":"Juzu Bracelet"}],"event_choices":[{"cards_removed":["Strike_W"],"damage_healed":0,"gold_gain":0,"player_choice":"Card Removal","damage_taken":7,"max_hp_gain":0,"max_hp_loss":0,"event_name":"Golden Wing","floor":4,"gold_loss":0},{"damage_healed":0,"gold_gain":0,"player_choice":"Box","damage_taken":0,"relics_obtained":["Ancient Tea Set"],"max_hp_gain":0,"max_hp_loss":0,"event_name":"Big Fish","floor":5,"gold_loss":0,"cards_obtained":["Regret"]}],"is_beta":false,"boss_relics":[],"items_purged_floors":[],"is_endless":false,"potions_floor_spawned":[2,3],"killed_by":"Lagavulin","ascension_level":9}}