{"host":"r6jigiblrojhp6xe","time":1611599107,"event":{"mods":["AchievementEnabler","BaseMod","DeckTracker","Hermit","Minty Spire (QoL Compilation)","Quick Restart","Rare Cards Sparkle","Relic Stats","StSLib","SuperFastMode","everything is the same but u backflip on backflip"],"gold_per_floor":[117,133,17,28,39,39,66,66,66,93,109,19,32,32,32,111,111,131,131,131,31,41,41,69,69,69,81,97,97,97,112,112,188,188,205,219,94,113,113,113,132,0,0,0,11,11,43,43,43,43,43],"floor_reached":52,"language":"KOR","playtime":1728,"items_purged":["Strike_G","Strike_G","Defend_G"],"score":1924,"play_id":"9d86beba-3f33-48bc-b045-7eee5cd65996","local_time":"20210126032507","is_ascension_mode":true,"campfire_choices":[{"data":"A Thousand Cuts","floor":6.0,"key":"SMITH"},{"floor":15.0,"key":"REST"},{"data":"Noxious Fumes","floor":23.0,"key":"SMITH"},{"data":"Tactician","floor":30.0,"key":"SMITH"},{"data":"After Image","floor":32,"key":"SMITH"},{"data":"Phantasmal Killer","floor":40,"key":"SMITH"},{"data":"Cloak And Dagger","floor":44,"key":"SMITH"},{"data":"Well Laid Plans","floor":46,"key":"SMITH"},{"data":"Cloak And Dagger","floor":49,"key":"SMITH"}],"circlet_count":0,"master_deck":["AscendersBane","Defend_G","Defend_G","Defend_G","Defend_G","Survivor","A Thousand Cuts+1","Cloak And Dagger+1","Well Laid Plans+1","Dash","Leg Sweep","Reflex","Cloak And Dagger+1","Infinite Blades","Noxious Fumes+1","After Image+1","Adrenaline","Blade Dance","Accuracy+1","Deflect+1","Acrobatics","Tactician+1","Dagger Throw","Blade Dance","Phantasmal Killer+1","Calculated Gamble","Eviscerate+1"],"relics":["Ring of the Snake","Meat on the Bone","Bird Faced Urn","Prayer Wheel","Blood Vial","Cursed Key","Nunchaku","Empty Cage","Red Mask","Blue Candle"],"acts_visited":["Exordium","TheCity","TheBeyond"],"potions_floor_usage":[],"damage_taken":[{"damage":1.0,"enemies":"Cultist","floor":1.0,"turns":5.0},{"damage":0.0,"enemies":"Jaw Worm","floor":2.0,"turns":6.0},{"damage":4.0,"enemies":"2 Louse","floor":4.0,"turns":3.0},{"damage":5.0,"enemies":"2 Fungi Beasts","floor":5.0,"turns":5.0},{"damage":30.0,"enemies":"3 Sentries","floor":7.0,"turns":10.0},{"damage":1.0,"enemies":"Gremlin Nob","floor":10.0,"turns":5.0},{"damage":36.0,"enemies":"Exordium Thugs","floor":11.0,"turns":6.0},{"damage":26.0,"enemies":"Gremlin Gang","floor":13.0,"turns":4.0},{"damage":14.0,"enemies":"The Guardian","floor":16.0,"turns":13.0},{"damage":4.0,"enemies":"2 Thieves","floor":18.0,"turns":4.0},{"damage":4.0,"enemies":"Shell Parasite","floor":22.0,"turns":6.0},{"damage":17.0,"enemies":"Gremlin Leader","floor":24.0,"turns":7.0},{"damage":23.0,"enemies":"Shelled Parasite and Fungi","floor":27.0,"turns":4.0},{"damage":22.0,"enemies":"Chosen and Byrds","floor":28.0,"turns":5.0},{"damage":17,"enemies":"Centurion and Healer","floor":31,"turns":5},{"damage":40,"enemies":"Collector","floor":33,"turns":8},{"damage":13,"enemies":"3 Darklings","floor":35,"turns":5},{"damage":19,"enemies":"Orb Walker","floor":36,"turns":4},{"damage":0,"enemies":"Transient","floor":38,"turns":6},{"damage":0,"enemies":"4 Shapes","floor":41,"turns":5},{"damage":31,"enemies":"Maw","floor":45,"turns":7},{"damage":23,"enemies":"Giant Head","floor":47,"turns":5},{"damage":44,"enemies":"Donu and Deca","floor":50,"turns":10},{"damage":0,"enemies":"Time Eater","floor":51,"turns":1}],"seed_played":"-802162604644010918","potions_obtained":[{"floor":5.0,"key":"PowerPotion"},{"floor":7.0,"key":"SpeedPotion"},{"floor":11.0,"key":"Swift Potion"},{"floor":13.0,"key":"AttackPotion"},{"floor":18.0,"key":"Regen Potion"},{"floor":24.0,"key":"SteroidPotion"},{"floor":33,"key":"Strength Potion"}],"is_trial":false,"path_per_floor":["M","M","$","M","M","R","E","?","T","E","M","$","M","?","R","B",null,"M","?","T","$","M","R","E","T","T","M","M","?","R","M","R","B",null,"M","M","$","M","?","R","M","?","T","R","M","R","E","$","R","B","B",null],"character_chosen":"THE_SILENT","items_purchased":["Dash","Noxious Fumes"],"campfire_rested":1,"item_purchase_floors":[3,12],"current_hp_per_floor":[58,58,58,54,49,49,19,19,19,36,18,18,14,19,40,38,63,67,47,47,47,55,55,50,50,50,53,45,45,45,42,42,28,64,65,56,56,68,68,68,76,76,76,76,47,47,50,50,50,32,46],"gold":43,"neow_bonus":"TRANSFORM_CARD","is_daily":false,"chose_seed":false,"campfire_upgraded":8,"win_rate":0.0,"timestamp":1611599107,"path_taken":["M","M","?","M","M","R","E","?","T","E","M","$","?","?","R","BOSS","M","?","?","$","?","R","E","?","T","M","M","?","R","M","R","BOSS","M","M","$","M","?","R","M","?","T","R","M","R","E","?","R","BOSS","BOSS"],"items_purchased_type":["Card","Card"],"build_version":"2020-12-22","purchased_purges":3,"victory":true,"max_hp_per_floor":[66,66,66,66,66,66,66,66,66,66,66,66,66,71,71,71,71,71,76,76,76,76,76,76,76,76,76,76,76,76,76,76,76,76,76,76,76,76,76,76,76,76,76,76,76,76,76,76,76,76,76],"relic_stats":{"Blood Vial":34,"Nunchaku":[19],"counters":[24,139],"Bird Faced Urn":[164],"Blue Candle":[0],"Prayer Wheel":12,"Cursed Key":0,"obtain_stats":[{"Blood Vial":10,"Nunchaku":24,"Bird Faced Urn":8,"Blue Candle":47,"Prayer Wheel":9,"Red Mask":42,"Cursed Key":17,"Empty Cage":34,"Ring of the Snake":0,"Meat on the Bone":7},{"Blood Vial":6,"Nunchaku":12,"Bird Faced Urn":5,"Blue Candle":22,"Prayer Wheel":5,"Red Mask":20,"Cursed Key":9,"Empty Cage":16,"Ring of the Snake":0,"Meat on the Bone":5},{"Blood Vial":34,"Nunchaku":74,"Bird Faced Urn":29,"Blue Candle":128,"Prayer Wheel":29,"Red Mask":116,"Cursed Key":57,"Empty Cage":96,"Ring of the Snake":0,"Meat on the Bone":29}],"Ring of the Snake":[48],"Meat on the Bone":84},"card_choices":[{"not_picked":["PiercingWail","Riddle With Holes"],"picked":"Cloak And Dagger","floor":1.0},{"not_picked":["PiercingWail","Dodge and Roll"],"picked":"Well Laid Plans","floor":2.0},{"not_picked":["Infinite Blades","Sucker Punch"],"picked":"Leg Sweep","floor":4.0},{"not_picked":["Skewer","Heel Hook","Dagger Spray"],"picked":"SKIP","floor":5.0},{"not_picked":["Dodge and Roll","Prepared"],"picked":"Reflex","floor":7.0},{"not_picked":["Accuracy","Endless Agony"],"picked":"Cloak And Dagger","floor":10.0},{"not_picked":["Finisher","All Out Attack"],"picked":"Infinite Blades","floor":11.0},{"not_picked":["Deflect","Deadly Poison","Prepared"],"picked":"SKIP","floor":11.0},{"not_picked":["Dash","Cloak And Dagger"],"picked":"After Image","floor":13.0},{"not_picked":["Outmaneuver","Heel Hook","Poisoned Stab"],"picked":"SKIP","floor":13.0},{"not_picked":["Venomology","Tools of the Trade"],"picked":"Adrenaline","floor":16.0},{"not_picked":["Dodge and Roll","Backflip"],"picked":"Blade Dance","floor":18.0},{"not_picked":["Poisoned Stab+1","Dodge and Roll","Cloak And Dagger"],"picked":"SKIP","floor":18.0},{"not_picked":["Heel Hook","Bane","Acrobatics"],"picked":"SKIP","floor":22.0},{"not_picked":["Acrobatics","Prepared","Slice"],"picked":"SKIP","floor":22.0},{"not_picked":["Dagger Spray","Quick Slash"],"picked":"Accuracy+1","floor":24.0},{"not_picked":["Leg Sweep","Finisher"],"picked":"Deflect+1","floor":27.0},{"not_picked":["Caltrops","Reflex"],"picked":"Acrobatics","floor":27.0},{"not_picked":["Glass Knife","Sucker Punch"],"picked":"Tactician","floor":28.0},{"not_picked":["Bane","Slice"],"picked":"Dagger Throw","floor":28.0},{"not_picked":["Outmaneuver","Infinite Blades","Expertise"],"picked":"SKIP","floor":31},{"not_picked":["Riddle With Holes","PiercingWail","Poisoned Stab+1"],"picked":"SKIP","floor":31},{"not_picked":["Glass Knife","Grand Finale"],"picked":"Phantasmal Killer","floor":33},{"not_picked":["Dodge and Roll+1","Quick Slash","Flying Knee"],"picked":"SKIP","floor":35},{"not_picked":["Poisoned Stab","Outmaneuver","Slice+1"],"picked":"SKIP","floor":35},{"not_picked":["Finisher","Endless Agony","Accuracy"],"picked":"SKIP","floor":36},{"not_picked":["Sucker Punch+1","Underhanded Strike","Distraction"],"picked":"SKIP","floor":36},{"not_picked":["Flying Knee","Dash+1","Poisoned Stab+1"],"picked":"SKIP","floor":38},{"not_picked":["Dagger Throw+1","Outmaneuver","Crippling Poison"],"picked":"SKIP","floor":38},{"not_picked":["Deflect+1","Endless Agony+1"],"picked":"Calculated Gamble","floor":41},{"not_picked":["Caltrops","Terror","PiercingWail"],"picked":"SKIP","floor":41},{"not_picked":["Dagger Spray","Quick Slash"],"picked":"Eviscerate+1","floor":45},{"not_picked":["Bane","Finisher","Quick Slash"],"picked":"SKIP","floor":45},{"not_picked":["All Out Attack","Venomology","Dagger Throw"],"picked":"SKIP","floor":47}],"player_experience":593026,"relics_obtained":[{"floor":7.0,"key":"Meat on the Bone"},{"floor":9.0,"key":"Prayer Wheel"},{"floor":10.0,"key":"Blood Vial"},{"floor":24.0,"key":"Nunchaku"},{"floor":47,"key":"Blue Candle"}],"event_choices":[{"damage_healed":0.0,"max_hp_gain":0.0,"max_hp_loss":0.0,"gold_gain":0.0,"event_name":"WeMeetAgain","player_choice":"Gave Potion","floor":8.0,"gold_loss":0.0,"damage_taken":0.0,"relics_obtained":["Bird Faced Urn"]},{"damage_healed":0.0,"max_hp_gain":5.0,"max_hp_loss":0.0,"gold_gain":0.0,"event_name":"Big Fish","player_choice":"Donut","floor":14.0,"gold_loss":0.0,"damage_taken":0.0},{"damage_healed":0.0,"max_hp_gain":5.0,"max_hp_loss":0.0,"gold_gain":0.0,"event_name":"Forgotten Altar","player_choice":"Shed Blood","floor":19.0,"gold_loss":0.0,"damage_taken":25.0},{"damage_healed":0.0,"max_hp_gain":0.0,"max_hp_loss":0.0,"gold_gain":0.0,"event_name":"The Library","player_choice":"Read","floor":29.0,"gold_loss":0.0,"damage_taken":0.0,"cards_obtained":["Blade Dance"]},{"cards_removed":["Neutralize"],"damage_healed":0,"gold_gain":0,"player_choice":"Removed Attack","damage_taken":0,"max_hp_gain":0,"max_hp_loss":0,"event_name":"Falling","floor":39,"gold_loss":0},{"damage_healed":0,"gold_gain":0,"player_choice":"Paid","damage_taken":0,"relics_obtained":["Red Mask"],"max_hp_gain":0,"max_hp_loss":0,"event_name":"Tomb of Lord Red Mask","floor":42,"gold_loss":132}],"is_beta":false,"boss_relics":[{"not_picked":["Astrolabe","Busted Crown"],"picked":"Cursed Key"},{"not_picked":["Black Star","Snecko Eye"],"picked":"Empty Cage"}],"items_purged_floors":[3,21,37],"is_endless":false,"potions_floor_spawned":[5,7,11,13,18,24,33,41],"ascension_level":20}}