{"host":"wkuscavjg97fbbrj","time":1611580426,"event":{"mods":["BaseMod","Colored Powertips","Downfall","Minty Spire (QoL Compilation)","Permanent Neow","Quick Restart","Replay The Spire","StSLib"],"gold_per_floor":[99,110,125,145,165,165,211,225,242,242,262,276,276,306,334,346,346,346],"floor_reached":16,"language":"ENG","playtime":1190,"items_purged":[],"score":108,"play_id":"7332b71f-433b-4c59-9fd9-6b327680dfd0","local_time":"20210125081346","is_ascension_mode":false,"campfire_choices":[{"data":"hexamod:Strike","floor":1.0,"key":"PURGE"},{"data":"hexamod:Incineration","floor":10.0,"key":"SMITH"},{"floor":13.0,"key":"REST"}],"circlet_count":0,"master_deck":["hexamod:Strike","hexamod:Strike","hexamod:Strike","hexamod:Defend","hexamod:Defend","hexamod:Defend","hexamod:Defend","hexamod:Sear","hexamod:Float","hexamod:VolcanoVisage","hexamod:Firestarter","hexamod:HeatMetal","hexamod:VolcanoVisage","hexamod:Float","Replay:Hysterical Blindness","hexamod:Incineration+1","hexamod:Rewind"],"relics":["hexamod:SpiritBrand","ReplayTheSpireMod:Lightbulb","MawBank"],"acts_visited":["Exordium"],"potions_floor_usage":[16,16],"damage_taken":[{"damage":0.0,"enemies":"2 Louse","floor":2.0,"turns":4.0},{"damage":0.0,"enemies":"Cultist","floor":3.0,"turns":3.0},{"damage":0.0,"enemies":"Small Slimes","floor":4.0,"turns":4.0},{"damage":13.0,"enemies":"Gremlin Gang","floor":5.0,"turns":5.0},{"damage":7.0,"enemies":"2 Fungi Beasts","floor":8.0,"turns":4.0},{"damage":13.0,"enemies":"Lots of Slimes","floor":9.0,"turns":4.0},{"damage":0.0,"enemies":"Large Slime","floor":11.0,"turns":3.0},{"damage":10.0,"enemies":"Exordium Wildlife","floor":12.0,"turns":4.0},{"damage":16.0,"enemies":"Lagavulin","floor":14.0,"turns":5.0},{"damage":11.0,"enemies":"3 Louse","floor":15.0,"turns":4.0},{"damage":24,"enemies":"DF_ARCHETYPE_STREAMLINE","floor":16,"turns":3}],"seed_played":"1779400389741000325","potions_obtained":[{"floor":3.0,"key":"Weak Potion"},{"floor":5.0,"key":"SteroidPotion"},{"floor":8.0,"key":"Doom Potion"},{"floor":9.0,"key":"hexamod:SoulburnPotion"},{"floor":15.0,"key":"GamblersBrew"}],"is_trial":false,"path_per_floor":["R","M","M","M","M","?","T","M","M","R","M","M","R","E","M","B"],"character_chosen":"THE_SPIRIT","items_purchased":[],"campfire_rested":1,"item_purchase_floors":[],"current_hp_per_floor":[63,63,63,63,50,50,50,43,30,30,30,20,38,22,11,0,0,0],"gold":346,"neow_bonus":"THREE_RARE_CARDS","is_daily":false,"chose_seed":false,"campfire_upgraded":1,"win_rate":0.0,"timestamp":1611580426,"path_taken":["R","M","M","M","M","?","T","?","M","R","M","M","R","E","M","BOSS"],"items_purchased_type":[],"build_version":"2020-12-22","purchased_purges":0,"victory":false,"max_hp_per_floor":[63,63,63,63,63,63,63,63,63,63,63,63,63,63,63,63,63,63],"card_choices":[{"not_picked":["hexamod:FifthSeal","hexamod:TurnItUp"],"picked":"hexamod:VolcanoVisage","floor":0.0},{"not_picked":["hexamod:Hexaguard","hexamod:FastForward"],"picked":"hexamod:Firestarter","floor":2.0},{"not_picked":["hexamod:FastForward","hexamod:GhostLash"],"picked":"hexamod:HeatMetal","floor":3.0},{"not_picked":["hexamod:Hexaguard","hexamod:RecurringNightmare","hexamod:BacktrackSmack"],"picked":"SKIP","floor":4.0},{"not_picked":["hexamod:SpectersWail","hexamod:UnlimitedPower","hexamod:SkipABeat"],"picked":"SKIP","floor":5.0},{"not_picked":["hexamod:SwordOfDarkness","hexamod:AdvancingGuard","hexamod:GhostOfSpirePast"],"picked":"SKIP","floor":8.0},{"not_picked":["hexamod:FastForward","hexamod:BacktrackSmack"],"picked":"hexamod:Incineration","floor":9.0},{"not_picked":["hexamod:NightmareStrike","hexamod:EtherealExpedition","hexamod:ShieldOfDarkness"],"picked":"SKIP","floor":11.0},{"not_picked":["hexamod:EtherealExpedition","hexamod:RecurringNightmare"],"picked":"hexamod:Rewind","floor":12.0},{"not_picked":["hexamod:RetreatToShadows","hexamod:RecurringNightmare","hexamod:FifthSeal"],"picked":"SKIP","floor":14.0},{"not_picked":["hexamod:BacktrackSmack","hexamod:GhostLash","hexamod:GhostOfSpirePast"],"picked":"SKIP","floor":15.0}],"player_experience":172682,"relics_obtained":[{"floor":7.0,"key":"ReplayTheSpireMod:Lightbulb"},{"floor":14.0,"key":"MawBank"}],"event_choices":[],"is_beta":false,"boss_relics":[],"items_purged_floors":[],"is_endless":false,"potions_floor_spawned":[3,5,8,9,15],"killed_by":"DF_ARCHETYPE_STREAMLINE","ascension_level":0}}