{"host":"f0gpob8hq9vgebej","time":1611580344,"event":{"mods":["AchievementEnabler","BaseMod","Minty Spire (QoL Compilation)","Quick Restart","SuperFastMode"],"gold_per_floor":[111,130,143,157,169,169,24,37,62,80,93,93,104,121,121,121,121],"floor_reached":16,"language":"KOR","playtime":325,"items_purged":["Strike_B"],"score":145,"play_id":"1249cbeb-6af2-438d-9b33-72787af25005","local_time":"20210125221224","is_ascension_mode":true,"campfire_choices":[{"data":"Zap","floor":6,"key":"SMITH"},{"data":"Storm","floor":12,"key":"SMITH"},{"data":"Conserve Battery","floor":15,"key":"SMITH"}],"circlet_count":0,"master_deck":["Strike_B","Strike_B","Strike_B","Defend_B","Defend_B","Defend_B","Defend_B","Zap+1","Dualcast","Ball Lightning","Turbo","Heatsinks","Ball Lightning","Storm+1","Self Repair","Barrage","Conserve Battery+1"],"relics":["Cracked Core","Orichalcum"],"acts_visited":["Exordium"],"potions_floor_usage":[],"damage_taken":[{"damage":0,"enemies":"Cultist","floor":1,"turns":4},{"damage":0,"enemies":"Small Slimes","floor":2,"turns":2},{"damage":7,"enemies":"Jaw Worm","floor":3,"turns":3},{"damage":9,"enemies":"Exordium Thugs","floor":4,"turns":3},{"damage":11,"enemies":"2 Fungi Beasts","floor":5,"turns":3},{"damage":7,"enemies":"Looter","floor":8,"turns":3},{"damage":3,"enemies":"3 Louse","floor":10,"turns":4},{"damage":9,"enemies":"Blue Slaver","floor":11,"turns":3},{"damage":6,"enemies":"Red Slaver","floor":13,"turns":3},{"damage":12,"enemies":"Exordium Wildlife","floor":14,"turns":4},{"damage":26,"enemies":"Hexaghost","floor":16,"turns":7}],"seed_played":"3003633017217334764","potions_obtained":[{"floor":3,"key":"DuplicationPotion"},{"floor":4,"key":"Strength Potion"},{"floor":11,"key":"Ancient Potion"}],"is_trial":false,"path_per_floor":["M","M","M","M","M","R","$","M","T","M","M","R","M","M","R","B"],"character_chosen":"DEFECT","items_purchased":["Storm"],"campfire_rested":0,"item_purchase_floors":[7],"current_hp_per_floor":[75,75,68,59,48,48,48,41,41,45,43,43,37,25,25,0,0],"gold":121,"neow_bonus":"TEN_PERCENT_HP_BONUS","is_daily":false,"chose_seed":false,"campfire_upgraded":3,"win_rate":0.0,"timestamp":1611580344,"path_taken":["M","M","M","M","M","R","$","M","T","?","M","R","M","M","R","BOSS"],"items_purchased_type":["Card"],"build_version":"2020-12-22","purchased_purges":1,"victory":false,"max_hp_per_floor":[82,82,82,82,82,82,82,82,82,82,82,82,82,82,82,82,82],"card_choices":[{"not_picked":["Steam","Doom and Gloom"],"picked":"Ball Lightning","floor":1},{"not_picked":["Hello World","Gash"],"picked":"Turbo","floor":2},{"not_picked":["Gash","Melter","Coolheaded"],"picked":"SKIP","floor":3},{"not_picked":["Beam Cell","Core Surge"],"picked":"Heatsinks","floor":4},{"not_picked":["Stack","Cold Snap"],"picked":"Ball Lightning","floor":5},{"not_picked":["Ball Lightning","Chill"],"picked":"Self Repair","floor":8},{"not_picked":["Sunder","Genetic Algorithm"],"picked":"Barrage","floor":10},{"not_picked":["Leap","Fusion"],"picked":"Conserve Battery","floor":11},{"not_picked":["Ball Lightning","Coolheaded","Undo"],"picked":"SKIP","floor":13},{"not_picked":["Beam Cell","Undo","Reinforced Body"],"picked":"SKIP","floor":14}],"player_experience":245995,"relics_obtained":[{"floor":9,"key":"Orichalcum"}],"event_choices":[],"is_beta":false,"boss_relics":[],"items_purged_floors":[7],"is_endless":false,"potions_floor_spawned":[3,4,11,14],"killed_by":"Hexaghost","ascension_level":9}}