{"host":"Oniwa","time":1611561239,"event":{"mods":["BaseMod","Colored Map","Colored Powertips","Minty Spire (QoL Compilation)","Relic Stats","Slay the Relics Exporter","SpireBot","StSLib","ojb\u0027s Better Paths Mod","ojb\u0027s Info Mod"],"gold_per_floor":[209,221,5,5,19,19,48,48,118,145,145,171,36,48,48,122,122,138,138,155,14,25,59,59,74,74,74,74,101,120,189,189,266,266,279,279,290,306,326,326,326],"floor_reached":40,"language":"JPN","playtime":2777,"items_purged":[],"score":992,"play_id":"6f6026b2-ecf7-421a-800f-91012c171782","local_time":"20210125165359","is_ascension_mode":true,"campfire_choices":[{"data":"Bouncing Flask","floor":6,"key":"SMITH"},{"data":"All Out Attack","floor":8,"key":"SMITH"},{"data":"Neutralize","floor":11,"key":"SMITH"},{"data":"Crippling Poison","floor":15,"key":"SMITH"},{"floor":24,"key":"REST"},{"data":"Catalyst","floor":27,"key":"SMITH"},{"data":"Catalyst","floor":32,"key":"SMITH"}],"circlet_count":0,"master_deck":["AscendersBane","Strike_G","Strike_G","Strike_G","Strike_G","Defend_G","Defend_G","Defend_G","Defend_G","Defend_G","Survivor","Neutralize+1","Bouncing Flask+1","All Out Attack+1","Masterful Stab","Well Laid Plans","Riddle With Holes","After Image","Backflip","Corpse Explosion","Noxious Fumes+1","Crippling Poison+1","Caltrops+1","Malaise","Quick Slash+1","Backflip","Catalyst+1","Catalyst+1","Well Laid Plans+1","Die Die Die","Night Terror","Deflect+1","Acrobatics+1"],"relics":["Ring of the Snake","Tiny Chest","Frozen Egg 2","Mummified Hand","Pear","Philosopher\u0027s Stone","Nilry\u0027s Codex","Ornamental Fan","Omamori","Pantograph","Busted Crown"],"acts_visited":["Exordium","TheCity","TheBeyond"],"potions_floor_usage":[7,10,20,22,23,30,35,40],"damage_taken":[{"damage":1,"enemies":"Small Slimes","floor":1,"turns":3},{"damage":2,"enemies":"Jaw Worm","floor":2,"turns":5},{"damage":0,"enemies":"2 Louse","floor":5,"turns":4},{"damage":1,"enemies":"Gremlin Nob","floor":7,"turns":3},{"damage":9,"enemies":"3 Sentries","floor":10,"turns":6},{"damage":4,"enemies":"Lagavulin","floor":12,"turns":7},{"damage":7,"enemies":"Large Slime","floor":14,"turns":4},{"damage":8,"enemies":"The Guardian","floor":16,"turns":7},{"damage":0,"enemies":"Chosen","floor":18,"turns":3},{"damage":11,"enemies":"2 Thieves","floor":20,"turns":2},{"damage":5,"enemies":"Centurion and Healer","floor":22,"turns":4},{"damage":4,"enemies":"Book of Stabbing","floor":23,"turns":5},{"damage":0,"enemies":"3 Cultists","floor":25,"turns":2},{"damage":0,"enemies":"Gremlin Leader","floor":29,"turns":5},{"damage":15,"enemies":"Snake Plant","floor":30,"turns":3},{"damage":7,"enemies":"Champ","floor":33,"turns":6},{"damage":0,"enemies":"3 Shapes","floor":35,"turns":4},{"damage":11,"enemies":"3 Darklings","floor":37,"turns":4},{"damage":3,"enemies":"Writhing Mass","floor":38,"turns":3},{"damage":6,"enemies":"4 Shapes","floor":39,"turns":4},{"damage":69,"enemies":"Reptomancer","floor":40,"turns":2}],"seed_played":"2062979342475741468","potions_obtained":[{"floor":1,"key":"LiquidMemories"},{"floor":7,"key":"LiquidMemories"},{"floor":12,"key":"Explosive Potion"},{"floor":22,"key":"Explosive Potion"},{"floor":23,"key":"BlessingOfTheForge"},{"floor":35,"key":"Fire Potion"},{"floor":36,"key":"Ancient Potion"},{"floor":36,"key":"DuplicationPotion"}],"is_trial":false,"path_per_floor":["M","M","$","?","M","R","E","R","T","E","R","E","$","M","R","B",null,"M","?","M","$","M","E","R","M","T","R","?","E","M","T","R","B",null,"M","?","M","M","M","E"],"character_chosen":"THE_SILENT","items_purchased":["Masterful Stab","Well Laid Plans","Energy Potion","Noxious Fumes+1","Crippling Poison","Catalyst","PowerPotion"],"campfire_rested":1,"item_purchase_floors":[3,3,3,13,13,21,21],"current_hp_per_floor":[58,56,56,49,49,49,48,48,48,39,39,45,45,38,38,30,65,65,44,33,33,28,24,46,46,46,46,46,46,31,31,31,49,69,69,69,58,55,49,0,0],"gold":326,"neow_bonus":"HUNDRED_GOLD","is_daily":false,"chose_seed":false,"campfire_upgraded":6,"win_rate":0.0,"timestamp":1611561239,"path_taken":["M","M","$","?","M","R","E","R","T","E","R","E","?","M","R","BOSS","M","?","M","$","M","E","R","M","T","R","?","E","M","?","R","BOSS","M","?","M","?","M","E"],"items_purchased_type":["Card","Card","Potion","Card","Card","Card","Potion"],"build_version":"2020-12-18","purchased_purges":0,"victory":false,"max_hp_per_floor":[66,66,66,66,66,66,66,66,66,66,66,76,76,76,76,76,76,76,76,76,76,76,76,76,76,76,76,76,76,76,76,76,76,76,76,76,76,76,76,76,76],"relic_stats":{"Busted Crown":8,"counters":[21,86],"Mummified Hand":[59],"Ornamental Fan":[16],"Pantograph":25,"Tiny Chest":1,"obtain_stats":[{"Pear":12,"Busted Crown":34,"Mummified Hand":10,"Nilry\u0027s Codex":19,"Ornamental Fan":23,"Pantograph":31,"Tiny Chest":7,"Philosopher\u0027s Stone":17,"Omamori":29,"Frozen Egg 2":9,"Ring of the Snake":0},{"Pear":6,"Busted Crown":16,"Mummified Hand":5,"Nilry\u0027s Codex":9,"Ornamental Fan":12,"Pantograph":15,"Tiny Chest":4,"Philosopher\u0027s Stone":8,"Omamori":14,"Frozen Egg 2":4,"Ring of the Snake":0},{"Pear":28,"Busted Crown":69,"Mummified Hand":21,"Nilry\u0027s Codex":42,"Ornamental Fan":53,"Pantograph":63,"Tiny Chest":15,"Philosopher\u0027s Stone":39,"Omamori":60,"Frozen Egg 2":15,"Ring of the Snake":0}],"Ring of the Snake":[42]},"card_choices":[{"not_picked":["Bane","PiercingWail"],"picked":"Bouncing Flask","floor":1},{"not_picked":["Footwork","Outmaneuver"],"picked":"All Out Attack","floor":2},{"not_picked":["Outmaneuver","PiercingWail"],"picked":"Riddle With Holes","floor":5},{"not_picked":["Flying Knee","Riddle With Holes"],"picked":"After Image","floor":7},{"not_picked":["Flying Knee","Expertise"],"picked":"Backflip","floor":10},{"not_picked":["Slice","Blur"],"picked":"Corpse Explosion","floor":12},{"not_picked":["Infinite Blades+1","Flying Knee"],"picked":"Caltrops+1","floor":14},{"not_picked":["Unload","Die Die Die"],"picked":"Malaise","floor":16},{"not_picked":["Infinite Blades+1","Slice"],"picked":"Quick Slash+1","floor":18},{"not_picked":["Poisoned Stab","Slice"],"picked":"Backflip","floor":20},{"not_picked":["Acrobatics","Blade Dance"],"picked":"Catalyst","floor":22},{"not_picked":["Malaise","Predator"],"picked":"Well Laid Plans+1","floor":23},{"not_picked":["Slice","Quick Slash","Outmaneuver"],"picked":"SKIP","floor":25},{"not_picked":["Outmaneuver","Dagger Throw+1"],"picked":"Die Die Die","floor":29},{"not_picked":["Predator","Slice","Flechettes"],"picked":"SKIP","floor":30},{"not_picked":["Envenom+1","After Image+1"],"picked":"Night Terror","floor":33},{"not_picked":["Dagger Throw"],"picked":"SKIP","floor":35},{"not_picked":["Choke+1"],"picked":"SKIP","floor":37},{"not_picked":[],"picked":"Deflect+1","floor":38},{"not_picked":[],"picked":"Acrobatics+1","floor":39}],"player_experience":2578882,"relics_obtained":[{"floor":7,"key":"Tiny Chest"},{"floor":9,"key":"Frozen Egg 2"},{"floor":10,"key":"Mummified Hand"},{"floor":12,"key":"Pear"},{"floor":19,"key":"Nilry\u0027s Codex"},{"floor":23,"key":"Ornamental Fan"},{"floor":29,"key":"Omamori"},{"floor":31,"key":"Pantograph"}],"event_choices":[{"cards_removed":["Strike_G"],"damage_healed":0,"gold_gain":0,"player_choice":"Card Removal","damage_taken":7,"max_hp_gain":0,"max_hp_loss":0,"event_name":"Golden Wing","floor":4,"gold_loss":0},{"damage_healed":0,"gold_gain":0,"player_choice":"Obtained Book","damage_taken":21,"max_hp_gain":0,"max_hp_loss":0,"event_name":"Cursed Tome","floor":19,"gold_loss":0},{"damage_healed":0,"gold_gain":0,"player_choice":"Ignored","damage_taken":0,"max_hp_gain":0,"max_hp_loss":0,"event_name":"Vampires","floor":28,"gold_loss":0},{"damage_healed":0,"gold_gain":0,"player_choice":"Got Potions","damage_taken":0,"max_hp_gain":0,"max_hp_loss":0,"event_name":"Lab","floor":36,"gold_loss":0}],"is_beta":true,"boss_relics":[{"not_picked":["SacredBark","Tiny House"],"picked":"Philosopher\u0027s Stone"},{"not_picked":["Sozu","Ring of the Serpent"],"picked":"Busted Crown"}],"items_purged_floors":[],"is_endless":false,"potions_floor_spawned":[1,7,12,14,22,23,29,35,37,38,39],"killed_by":"Reptomancer","ascension_level":20}}