{"host":"1tl36azeqm6yhdgj","time":1611585839,"event":{"mods":["AchievementEnabler","BaseMod","Minty Spire (QoL Compilation)","StSLib","The IronCluck","everything is the same but u backflip on backflip"],"gold_per_floor":[114,132,132,152,77,97,97,116,116,116,116,18,48,63,63,63,63],"floor_reached":16,"language":"ENG","playtime":221,"items_purged":[],"score":224,"play_id":"59878536-7933-4c7c-958b-3092cadfc52a","local_time":"20210125094359","is_ascension_mode":true,"campfire_choices":[{"data":"Rampage","floor":7.0,"key":"SMITH"},{"data":"Whirlwind","floor":11,"key":"SMITH"},{"floor":15,"key":"REST"}],"circlet_count":0,"master_deck":["AscendersBane","Strike_R+1","Strike_R","Strike_R+1","Strike_R","Defend_R","Defend_R","Defend_R","Defend_R","Bash","Cleave","Whirlwind+1","Rampage+1","Spot Weakness","Seeing Red","Swift Strike","Juggernaut","Body Slam+1"],"relics":["Burning Blood","NeowsBlessing","Kunai","Molten Egg 2"],"acts_visited":["Exordium"],"potions_floor_usage":[10],"damage_taken":[{"damage":0.0,"enemies":"Cultist","floor":1.0,"turns":1.0},{"damage":0.0,"enemies":"Small Slimes","floor":2.0,"turns":1.0},{"damage":0.0,"enemies":"Jaw Worm","floor":4.0,"turns":1.0},{"damage":11.0,"enemies":"Lots of Slimes","floor":6.0,"turns":3.0},{"damage":18.0,"enemies":"Large Slime","floor":8.0,"turns":4.0},{"damage":0,"enemies":"Gremlin Nob","floor":10,"turns":1},{"damage":26,"enemies":"Lagavulin","floor":13,"turns":5},{"damage":16,"enemies":"Blue Slaver","floor":14,"turns":3},{"damage":39,"enemies":"The Guardian","floor":16,"turns":4}],"seed_played":"2546285239374976948","potions_obtained":[{"floor":2.0,"key":"SmokeBomb"},{"floor":14,"key":"SmokeBomb"}],"is_trial":false,"path_per_floor":["M","M","?","M","?","M","R","M","T","E","R","$","E","M","R","B"],"character_chosen":"IRONCLAD","items_purchased":["Swift Strike"],"campfire_rested":1,"item_purchase_floors":[12],"current_hp_per_floor":[74,75,52,58,58,53,53,41,41,47,47,47,27,17,39,0,0],"gold":63,"neow_bonus":"THREE_ENEMY_KILL","is_daily":false,"chose_seed":false,"campfire_upgraded":2,"win_rate":0.0,"timestamp":1611585839,"path_taken":["M","M","?","M","?","M","R","M","T","E","R","?","E","?","R","BOSS"],"items_purchased_type":["Card"],"build_version":"2020-12-22","purchased_purges":0,"victory":false,"max_hp_per_floor":[75,75,75,75,75,75,75,75,75,75,75,75,75,75,75,75,75],"card_choices":[{"not_picked":["Iron Wave","Shockwave"],"picked":"Cleave","floor":1.0},{"not_picked":["Intimidate","Hemokinesis"],"picked":"Whirlwind","floor":2.0},{"not_picked":["Evolve","Iron Wave"],"picked":"Rampage","floor":4.0},{"not_picked":["Thunderclap","Cleave"],"picked":"Spot Weakness","floor":6.0},{"not_picked":["Bloodletting","Sever Soul"],"picked":"Seeing Red","floor":8.0},{"not_picked":["Perfected Strike+1","Flex"],"picked":"Juggernaut","floor":13},{"not_picked":["Sword Boomerang+1","Armaments"],"picked":"Body Slam+1","floor":14}],"player_experience":2042216,"relics_obtained":[{"floor":9.0,"key":"Kunai"},{"floor":13,"key":"Molten Egg 2"}],"event_choices":[{"damage_healed":0.0,"max_hp_gain":0.0,"max_hp_loss":0.0,"gold_gain":0.0,"event_name":"Shining Light","player_choice":"Entered Light","floor":3.0,"gold_loss":0.0,"damage_taken":23.0,"cards_upgraded":["Strike_R","Strike_R"]},{"cards_removed":["Strike_R"],"damage_healed":0.0,"max_hp_gain":0.0,"max_hp_loss":0.0,"gold_gain":0.0,"event_name":"The Cleric","player_choice":"Card Removal","floor":5.0,"gold_loss":75.0,"damage_taken":0.0}],"is_beta":false,"boss_relics":[],"items_purged_floors":[],"is_endless":false,"potions_floor_spawned":[2,10,14],"killed_by":"The Guardian","ascension_level":20}}