{"host":"4cz9gr89nglr7k8k","time":1611609904,"event":{"mods":["BaseMod","Minty Spire (QoL Compilation)","Relic Stats","Slay-I"],"gold_per_floor":[114,5,5,24,24,50,67,82,105,105,61,75,104,117,117,117,117],"floor_reached":16,"language":"DEU","playtime":321,"items_purged":[],"score":224,"play_id":"3c44d734-cbc8-436e-90d1-6165db74719a","local_time":"20210125222504","is_ascension_mode":true,"campfire_choices":[{"floor":10,"key":"REST"},{"floor":15,"key":"REST"}],"circlet_count":0,"master_deck":["AscendersBane","Strike_R","Strike_R","Strike_R","Strike_R","Strike_R","Defend_R","Defend_R","Defend_R","Defend_R","Bash+1","Pain","Spot Weakness","Perfected Strike+1","Combust+1","Uppercut","Pummel","Flex","Seeing Red","Bludgeon","Combust","Clash","Rampage+1","Cleave+1","Anger+1"],"relics":["Burning Blood","PreservedInsect","Whetstone","Dream Catcher","Molten Egg 2"],"acts_visited":["Exordium"],"potions_floor_usage":[14,14,16],"damage_taken":[{"damage":19,"enemies":"Jaw Worm","floor":1,"turns":4},{"damage":6,"enemies":"Cultist","floor":4,"turns":3},{"damage":45,"enemies":"Lagavulin","floor":6,"turns":4},{"damage":9,"enemies":"Small Slimes","floor":7,"turns":3},{"damage":11,"enemies":"Looter","floor":8,"turns":3},{"damage":5,"enemies":"2 Fungi Beasts","floor":12,"turns":2},{"damage":36,"enemies":"Gremlin Nob","floor":13,"turns":4},{"damage":16,"enemies":"Exordium Thugs","floor":14,"turns":2},{"damage":40,"enemies":"Slime Boss","floor":16,"turns":4}],"seed_played":"-3195728206037433116","potions_obtained":[{"floor":1,"key":"AttackPotion"},{"floor":4,"key":"Regen Potion"},{"floor":14,"key":"CultistPotion"}],"is_trial":false,"path_per_floor":["M","$","?","M","?","E","M","M","T","R","$","M","E","M","R","B"],"character_chosen":"IRONCLAD","items_purchased":["Perfected Strike","Combust","Combust"],"campfire_rested":2,"item_purchase_floors":[2,2,11],"current_hp_per_floor":[69,69,69,69,69,30,27,22,22,48,48,49,19,14,40,0,0],"gold":117,"neow_bonus":"TWENTY_PERCENT_HP_BONUS","is_daily":false,"chose_seed":false,"campfire_upgraded":0,"win_rate":0.0,"timestamp":1611609904,"path_taken":["M","$","?","?","?","E","M","M","T","R","$","M","E","?","R","BOSS"],"items_purchased_type":["Card","Card","Card"],"build_version":"2020-12-22","purchased_purges":0,"victory":false,"max_hp_per_floor":[89,89,89,89,89,89,89,89,89,89,89,89,89,89,89,89,89],"relic_stats":{"Dream Catcher":2,"counters":[9,29],"PreservedInsect":51,"Whetstone":["Bash","Perfected Strike"],"obtain_stats":[{"Dream Catcher":9,"Molten Egg 2":13,"PreservedInsect":5,"Whetstone":6,"Burning Blood":0},{"Dream Catcher":5,"Molten Egg 2":7,"PreservedInsect":2,"Whetstone":3,"Burning Blood":0},{"Dream Catcher":17,"Molten Egg 2":23,"PreservedInsect":7,"Whetstone":11,"Burning Blood":0}],"Burning Blood":48},"card_choices":[{"not_picked":["Pommel Strike","Infernal Blade"],"picked":"Spot Weakness","floor":1},{"not_picked":["Clothesline","Sword Boomerang"],"picked":"Uppercut","floor":4},{"not_picked":["Iron Wave","Pommel Strike"],"picked":"Pummel","floor":6},{"not_picked":["Clothesline","Wild Strike"],"picked":"Flex","floor":7},{"not_picked":["Perfected Strike","Power Through"],"picked":"Seeing Red","floor":8},{"not_picked":["Warcry","Cleave"],"picked":"Bludgeon","floor":10},{"not_picked":["Body Slam","Sentinel"],"picked":"Clash","floor":12},{"not_picked":["Body Slam+1","Bloodletting"],"picked":"Rampage+1","floor":13},{"not_picked":["Twin Strike+1","Sever Soul+1"],"picked":"Cleave+1","floor":14},{"not_picked":["Evolve","Perfected Strike+1"],"picked":"Anger+1","floor":15}],"player_experience":1523211,"relics_obtained":[{"floor":5,"key":"PreservedInsect"},{"floor":6,"key":"Whetstone"},{"floor":9,"key":"Dream Catcher"},{"floor":13,"key":"Molten Egg 2"}],"event_choices":[{"damage_healed":0,"gold_gain":0,"player_choice":"Forge","damage_taken":0,"max_hp_gain":0,"max_hp_loss":0,"event_name":"Accursed Blacksmith","floor":3,"gold_loss":0,"cards_upgraded":["Combust"]},{"damage_healed":0,"gold_gain":0,"player_choice":"Relic","damage_taken":0,"max_hp_gain":0,"max_hp_loss":0,"event_name":"Wheel of Change","floor":5,"gold_loss":0}],"is_beta":false,"boss_relics":[],"items_purged_floors":[],"is_endless":false,"potions_floor_spawned":[1,4,8,14],"killed_by":"Slime Boss","ascension_level":20}}