{"host":"36m5sc0apunggu91","time":1611556666,"event":{"mods":["BaseMod","Better Altar","Better Skull","Better Third Choice","Hermit","Minty Spire (QoL Compilation)","Relic Stats","StSLib"],"gold_per_floor":[113,127,147,147,322,322,4,36,36,66,84,53,81,96,96,194,194,210,221,233,28,40,40,66,99,126,144,144,178,190,200,200,305,305,318,318,332,232,248,283,283,301,301,301,301],"floor_reached":44,"language":"ENG","playtime":4731,"items_purged":["Doubt","Strike_R"],"score":743,"play_id":"ef8d50f0-e1bc-4174-80e9-440a33a043c6","local_time":"20210125013746","is_ascension_mode":true,"campfire_choices":[{"data":"Bash","floor":6,"key":"SMITH"},{"data":"True Grit","floor":15,"key":"SMITH"},{"floor":23,"key":"REST"},{"data":"Evolve","floor":32,"key":"SMITH"},{"data":"True Grit","floor":41,"key":"SMITH"}],"circlet_count":0,"master_deck":["Strike_R","Strike_R","Strike_R","Strike_R","Defend_R","Defend_R","Defend_R","Bash+1","Headbutt","Pummel","Inflame","Wild Strike","True Grit+1","Thunderclap","True Grit+1","Sword Boomerang","Reaper","Sentinel+1","Shrug It Off","Whirlwind+1","Evolve+1","Shockwave","Second Wind+1","Seeing Red+1","Flame Barrier","Fiend Fire","Evolve+1","Inflame","Blood for Blood"],"relics":["SacredBark","Frozen Eye","Question Card","Sundial","Red Skull","Pantograph","Mark of Pain","Unceasing Top","Red Mask","Toy Ornithopter","Nilry\u0027s Codex","Mango","SlaversCollar","Oddly Smooth Stone"],"acts_visited":["Exordium","TheCity","TheBeyond"],"potions_floor_usage":[8,13,18,20,25,27,33,40,40,44],"damage_taken":[{"damage":0,"enemies":"Small Slimes","floor":1,"turns":3},{"damage":8,"enemies":"Jaw Worm","floor":2,"turns":4},{"damage":6,"enemies":"Cultist","floor":3,"turns":4},{"damage":0,"enemies":"3 Sentries","floor":8,"turns":1},{"damage":25,"enemies":"Lagavulin","floor":10,"turns":6},{"damage":15,"enemies":"Lots of Slimes","floor":11,"turns":4},{"damage":0,"enemies":"Gremlin Nob","floor":13,"turns":2},{"damage":1,"enemies":"Blue Slaver","floor":14,"turns":2},{"damage":24,"enemies":"Hexaghost","floor":16,"turns":6},{"damage":23,"enemies":"3 Byrds","floor":18,"turns":3},{"damage":34,"enemies":"Shell Parasite","floor":19,"turns":4},{"damage":40,"enemies":"Sentry and Sphere","floor":20,"turns":8},{"damage":10,"enemies":"Centurion and Healer","floor":22,"turns":3},{"damage":67,"enemies":"Slavers","floor":24,"turns":7},{"damage":33,"enemies":"Masked Bandits","floor":25,"turns":4},{"damage":0,"enemies":"Shelled Parasite and Fungi","floor":27,"turns":2},{"damage":7,"enemies":"Gremlin Leader","floor":29,"turns":5},{"damage":45,"enemies":"Cultist and Chosen","floor":30,"turns":5},{"damage":5,"enemies":"Centurion and Healer","floor":31,"turns":3},{"damage":16,"enemies":"Champ","floor":33,"turns":6},{"damage":27,"enemies":"3 Shapes","floor":35,"turns":5},{"damage":19,"enemies":"Orb Walker","floor":37,"turns":4},{"damage":52,"enemies":"4 Shapes","floor":39,"turns":5},{"damage":92,"enemies":"Nemesis","floor":40,"turns":7},{"damage":29,"enemies":"Sphere and 2 Shapes","floor":42,"turns":3},{"damage":48,"enemies":"Reptomancer","floor":44,"turns":3}],"seed_played":"-7929918029441291423","potions_obtained":[{"floor":1,"key":"FairyPotion"},{"floor":8,"key":"FearPotion"},{"floor":10,"key":"BloodPotion"},{"floor":13,"key":"SkillPotion"},{"floor":24,"key":"Energy Potion"},{"floor":25,"key":"Strength Potion"},{"floor":33,"key":"Fire Potion"},{"floor":39,"key":"ColorlessPotion"},{"floor":40,"key":"BlessingOfTheForge"}],"is_trial":false,"path_per_floor":["M","M","M","?","?","R","$","E","T","E","M","?","E","M","R","B",null,"M","M","M","$","M","R","E","?","T","M","?","E","M","M","R","B",null,"M","?","M","$","M","E","R","M","T","E"],"character_chosen":"IRONCLAD","items_purchased":["Frozen Eye","AttackPotion","Inflame","Evolve","Shockwave","BloodPotion"],"campfire_rested":1,"item_purchase_floors":[7,7,7,21,21,21],"current_hp_per_floor":[72,64,58,63,63,63,63,63,63,38,23,23,23,22,22,23,70,60,26,20,20,19,44,7,29,29,34,18,55,18,13,13,27,81,68,68,55,55,55,45,45,31,31,0,0],"gold":301,"neow_bonus":"BOSS_RELIC","is_daily":false,"chose_seed":false,"campfire_upgraded":4,"win_rate":0.0,"timestamp":1611556666,"path_taken":["M","M","M","?","?","R","$","E","T","E","M","?","E","M","R","BOSS","M","M","M","$","M","R","E","?","T","M","?","E","M","M","R","BOSS","M","?","?","$","M","E","R","M","T","E"],"items_purchased_type":["Relic","Potion","Card","Card","Card","Potion"],"build_version":"2020-12-22","purchased_purges":2,"victory":false,"max_hp_per_floor":[80,80,80,85,85,85,85,85,85,85,85,85,85,85,85,85,85,85,85,85,85,85,85,85,85,85,85,85,99,99,99,99,99,99,99,99,99,99,99,99,99,99,99,99,99],"relic_stats":{"counters":[26,109],"Sundial":[4],"Pantograph":50,"Question Card":21,"obtain_stats":[{"Nilry\u0027s Codex":28,"SacredBark":0,"Oddly Smooth Stone":40,"Mango":29,"Question Card":8,"Burning Blood":0,"Frozen Eye":7,"SlaversCollar":34,"Sundial":9,"Pantograph":13,"Mark of Pain":17,"Red Mask":25,"Red Skull":10,"Unceasing Top":24,"Toy Ornithopter":26},{"Nilry\u0027s Codex":16,"SacredBark":0,"Oddly Smooth Stone":24,"Mango":17,"Question Card":4,"Burning Blood":0,"Frozen Eye":3,"SlaversCollar":20,"Sundial":4,"Pantograph":7,"Mark of Pain":9,"Red Mask":15,"Red Skull":5,"Unceasing Top":14,"Toy Ornithopter":15},{"Nilry\u0027s Codex":63,"SacredBark":0,"Oddly Smooth Stone":103,"Mango":68,"Question Card":12,"Burning Blood":0,"Frozen Eye":11,"SlaversCollar":82,"Sundial":12,"Pantograph":24,"Mark of Pain":32,"Red Mask":61,"Red Skull":18,"Unceasing Top":57,"Toy Ornithopter":61}],"Unceasing Top":[23],"Toy Ornithopter":25},"card_choices":[{"not_picked":["Infernal Blade","Thunderclap"],"picked":"Headbutt","floor":1},{"not_picked":["Flex","Dual Wield","Bloodletting"],"picked":"SKIP","floor":2},{"not_picked":["Sword Boomerang","Flex"],"picked":"Pummel","floor":3},{"not_picked":["Anger","Sentinel"],"picked":"Wild Strike","floor":8},{"not_picked":["Clash","Fire Breathing","Flex"],"picked":"True Grit","floor":10},{"not_picked":["Clash","Heavy Blade","Dual Wield"],"picked":"Thunderclap","floor":11},{"not_picked":["Disarm","Power Through","Twin Strike"],"picked":"True Grit","floor":13},{"not_picked":["Warcry","Impervious","Thunderclap"],"picked":"Sword Boomerang","floor":14},{"not_picked":["Juggernaut","Brutality","Barricade"],"picked":"Reaper","floor":16},{"not_picked":["Flex+1","Whirlwind","Power Through+1"],"picked":"Sentinel+1","floor":18},{"not_picked":["Clash","Thunderclap","Havoc"],"picked":"Shrug It Off","floor":19},{"not_picked":["Infernal Blade","Spot Weakness","Combust+1"],"picked":"Whirlwind+1","floor":20},{"not_picked":["Blood for Blood+1","Clash","Sentinel+1","Cleave"],"picked":"SKIP","floor":22},{"not_picked":["Rampage","Entrench","Iron Wave+1"],"picked":"Second Wind+1","floor":24},{"not_picked":["Ghostly Armor+1","Shrug It Off","Inflame"],"picked":"Seeing Red+1","floor":27},{"not_picked":["Bloodletting+1","Demon Form","Iron Wave"],"picked":"Flame Barrier","floor":29},{"not_picked":["Heavy Blade","Dual Wield","Cleave","Twin Strike"],"picked":"SKIP","floor":30},{"not_picked":["Cleave","Armaments","Body Slam","Havoc"],"picked":"SKIP","floor":31},{"not_picked":["Brutality","Feed","Double Tap"],"picked":"Fiend Fire","floor":33},{"not_picked":["Havoc","Ghostly Armor+1","Entrench"],"picked":"Evolve+1","floor":35},{"not_picked":["Warcry","Sword Boomerang+1","Metallicize"],"picked":"Inflame","floor":37},{"not_picked":["Disarm","Heavy Blade+1","Twin Strike+1"],"picked":"Blood for Blood","floor":39},{"not_picked":["Twin Strike","Dropkick","Body Slam+1","Clash+1"],"picked":"SKIP","floor":40},{"not_picked":["Headbutt","Anger+1","Pommel Strike","Flex+1"],"picked":"SKIP","floor":42}],"player_experience":237932,"relics_obtained":[{"floor":8,"key":"Question Card"},{"floor":9,"key":"Sundial"},{"floor":10,"key":"Red Skull"},{"floor":13,"key":"Pantograph"},{"floor":24,"key":"Unceasing Top"},{"floor":25,"key":"Red Mask"},{"floor":26,"key":"Toy Ornithopter"},{"floor":28,"key":"Nilry\u0027s Codex"},{"floor":29,"key":"Mango"},{"floor":40,"key":"Oddly Smooth Stone"}],"event_choices":[{"damage_healed":0,"gold_gain":0,"player_choice":"Donut","damage_taken":0,"max_hp_gain":5,"max_hp_loss":0,"event_name":"Big Fish","floor":4,"gold_loss":0},{"damage_healed":0,"gold_gain":175,"player_choice":"AGREE","damage_taken":147,"max_hp_gain":0,"max_hp_loss":0,"event_name":"betterThird:BetterSerpent","floor":5,"gold_loss":0},{"damage_healed":0,"gold_gain":0,"player_choice":"Left","damage_taken":0,"max_hp_gain":0,"max_hp_loss":0,"event_name":"betterThird:BetterGoop","floor":12,"gold_loss":31},{"damage_healed":0,"gold_gain":0,"player_choice":"Fought Bandits","damage_taken":0,"max_hp_gain":0,"max_hp_loss":0,"event_name":"Masked Bandits","floor":25,"gold_loss":0},{"damage_healed":0,"gold_gain":0,"player_choice":"Obtained Book","damage_taken":16,"max_hp_gain":0,"max_hp_loss":0,"event_name":"Cursed Tome","floor":28,"gold_loss":0},{"cards_removed":["Defend_R"],"damage_healed":0,"gold_gain":0,"player_choice":"Purged","damage_taken":0,"max_hp_gain":0,"max_hp_loss":0,"event_name":"Purifier","floor":36,"gold_loss":0}],"is_beta":false,"boss_relics":[{"not_picked":["Velvet Choker","Runic Pyramid"],"picked":"Mark of Pain"},{"not_picked":["Runic Cube","Astrolabe"],"picked":"SlaversCollar"}],"items_purged_floors":[7,38],"is_endless":false,"potions_floor_spawned":[1,8,10,13,24,25,33,39,40],"killed_by":"Reptomancer","ascension_level":6}}