{"host":"uvmuduost5bzvojs","time":1611598491,"event":{"mods":["Aspiration","Bard","BaseMod","Better Match","Block Reminder","Conspire","Hermit","Highlight Path","Hubris","Infinite Spire","Jorbs\u0027s Wanderer Trilogy","Mad Scientist","Marisa????????","Mimic Mod","Minty Spire (QoL Compilation)","Potionbrewer","Replay The Spire","Robot Space Explorer","StSLib","The Blackbeard","The Construct","The Cursed","The Disciple","The Hayseed","The Hierophant","The Juggle","The Jungle","The Poker Player","The Runesmith","The Servant 0.9.4","The Spell Scribe","The Valiant","TheBandit"],"gold_per_floor":[114,133,133,133,133,158,158,168,206,224,224,61,73,93,93,93,93],"floor_reached":16,"language":"ENG","playtime":651,"items_purged":["Strike_B"],"score":127,"play_id":"96c3fe5b-126b-49d6-b7d5-0ee953434e5d","local_time":"20210125131451","is_ascension_mode":false,"campfire_choices":[{"data":"Hologram","floor":7,"key":"SMITH"},{"data":"BasicCrystalCard","floor":15,"key":"SMITH"}],"circlet_count":0,"master_deck":["Strike_B","Strike_B","Defend_B","Defend_B","Defend_B","Defend_B","Zap","Dualcast","Hologram+1","Coolheaded","Pot Of Greed","Pot Of Greed","Blizzard","Defragment","BasicCrystalCard+1","Lockon","Impatience","Fusion","BasicCrystalCard"],"relics":["Cracked Core","NeowsBlessing","Grinning Jar","hubris:Icosahedron","Vajra","aspiration:HiddenCompartment","hubris:Towel"],"acts_visited":["Exordium"],"potions_floor_usage":[10,10,16,16],"damage_taken":[{"damage":0,"enemies":"Cultist","floor":1,"turns":1},{"damage":0,"enemies":"Jaw Worm","floor":2,"turns":1},{"damage":0,"enemies":"Gremlin Nob","floor":6,"turns":1},{"damage":0,"enemies":"Small Slimes","floor":8,"turns":3},{"damage":2,"enemies":"3 Louse","floor":9,"turns":9},{"damage":5,"enemies":"3 Louse","floor":10,"turns":2},{"damage":5,"enemies":"Looter","floor":13,"turns":4},{"damage":10,"enemies":"Large Slime","floor":14,"turns":6},{"damage":49,"enemies":"Fading Forest","floor":16,"turns":5}],"seed_played":"2173303726139201524","potions_obtained":[{"floor":2,"key":"EntropicBrew"},{"floor":10,"key":"potionbrewer:QuicksilverPotion"}],"is_trial":false,"path_per_floor":["M","M","?","?","?","E","R","M","MIM","M","?","$","M","M","R","B"],"character_chosen":"DEFECT","items_purchased":["Impatience"],"campfire_rested":0,"item_purchase_floors":[12],"current_hp_per_floor":[75,75,68,68,61,61,61,61,59,54,54,54,49,39,39,0,0],"gold":93,"neow_bonus":"THREE_ENEMY_KILL","is_daily":false,"chose_seed":false,"campfire_upgraded":2,"win_rate":0.0,"timestamp":1611598491,"path_taken":["M","?","?","?","?","E","R","M","MIM","M","?","$","M","M","R","BOSS"],"items_purchased_type":["Card"],"build_version":"2020-12-22","purchased_purges":1,"victory":false,"max_hp_per_floor":[75,75,75,75,75,75,75,75,75,75,75,75,75,75,75,75,75],"card_choices":[{"not_picked":["Recycle","Turbo"],"picked":"Hologram","floor":1},{"not_picked":["Barrage","Turbo"],"picked":"Coolheaded","floor":2},{"not_picked":["Streamline","Reinforced Body"],"picked":"Blizzard","floor":6},{"not_picked":["Storm","Barrage"],"picked":"Defragment","floor":8},{"not_picked":["Stack","Barrage"],"picked":"BasicCrystalCard","floor":9},{"not_picked":["Conserve Battery","Turbo"],"picked":"Lockon","floor":10},{"not_picked":["Gash","Stack"],"picked":"Fusion","floor":13},{"not_picked":["Turbo","Compile Driver"],"picked":"BasicCrystalCard","floor":14}],"player_experience":1793452,"relics_obtained":[{"floor":6,"key":"Vajra"},{"floor":9,"key":"aspiration:HiddenCompartment"}],"event_choices":[{"damage_healed":0,"gold_gain":0,"player_choice":"Success","damage_taken":7,"relics_obtained":["Grinning Jar"],"max_hp_gain":0,"max_hp_loss":0,"event_name":"Scrap Ooze","floor":3,"gold_loss":0},{"cards_removed":["Strike_B"],"damage_healed":0,"gold_gain":0,"player_choice":"Card Removal","damage_taken":7,"max_hp_gain":0,"max_hp_loss":0,"event_name":"Golden Wing","floor":5,"gold_loss":0}],"is_beta":false,"boss_relics":[],"items_purged_floors":[12],"is_endless":false,"potions_floor_spawned":[2,10,13],"killed_by":"Fading Forest","ascension_level":0}}