{"host":"zk71suw73lg2r165","time":1611582021,"event":{"mods":["BaseMod","Colored Map","Minty Spire (QoL Compilation)","Permanent Neow","Relic Stats","StSLib"],"gold_per_floor":[109,159,177,196,196,225,244,244,244],"floor_reached":8,"language":"ENG","playtime":252,"items_purged":[],"score":116,"play_id":"6b110572-fb79-4882-ae6b-7ab5065925cf","local_time":"20210125084021","is_ascension_mode":true,"campfire_choices":[],"circlet_count":0,"master_deck":["AscendersBane","Strike_R","Strike_R","Strike_R","Strike_R","Strike_R","Defend_R+1","Defend_R","Defend_R+1","Defend_R","Bash","Power Through","True Grit","Cleave","Wild Strike","Juggernaut"],"relics":["Burning Blood","CaptainsWheel","Nunchaku"],"acts_visited":["Exordium"],"potions_floor_usage":[6],"damage_taken":[{"damage":4,"enemies":"2 Louse","floor":1,"turns":3},{"damage":6,"enemies":"Cultist","floor":3,"turns":4},{"damage":0,"enemies":"Small Slimes","floor":4,"turns":3},{"damage":47,"enemies":"Lagavulin","floor":6,"turns":8},{"damage":1,"enemies":"Blue Slaver","floor":7,"turns":4},{"damage":12,"enemies":"Gremlin Nob","floor":8,"turns":3}],"seed_played":"5000569885742403049","potions_obtained":[{"floor":4,"key":"Ancient Potion"},{"floor":6,"key":"DuplicationPotion"}],"is_trial":false,"path_per_floor":["M","?","M","M","?","E","M","E"],"character_chosen":"IRONCLAD","items_purchased":[],"campfire_rested":0,"item_purchase_floors":[],"current_hp_per_floor":[68,62,62,68,48,7,12,0,0],"gold":244,"neow_bonus":"ONE_RARE_RELIC","is_daily":false,"chose_seed":false,"campfire_upgraded":0,"win_rate":0.0,"timestamp":1611582021,"path_taken":["M","?","M","?","?","E","M","E"],"items_purchased_type":[],"build_version":"2020-12-22","purchased_purges":0,"victory":false,"max_hp_per_floor":[68,68,68,68,68,68,68,68,68],"relic_stats":{"Nunchaku":[1],"counters":[6,25],"obtain_stats":[{"CaptainsWheel":0,"Nunchaku":6,"Burning Blood":0},{"CaptainsWheel":0,"Nunchaku":4,"Burning Blood":0},{"CaptainsWheel":0,"Nunchaku":18,"Burning Blood":0}],"Burning Blood":28},"card_choices":[{"not_picked":["Armaments","Warcry"],"picked":"Power Through","floor":1},{"not_picked":["Clash","Clothesline"],"picked":"True Grit","floor":3},{"not_picked":["Wild Strike","Thunderclap"],"picked":"Cleave","floor":4},{"not_picked":["Twin Strike","Rupture"],"picked":"Wild Strike","floor":6},{"not_picked":["Anger","Clothesline"],"picked":"Juggernaut","floor":7}],"player_experience":1364593,"relics_obtained":[{"floor":6,"key":"Nunchaku"}],"event_choices":[{"damage_healed":0,"gold_gain":50,"player_choice":"Touch","damage_taken":6,"max_hp_gain":0,"max_hp_loss":0,"event_name":"FaceTrader","floor":2,"gold_loss":0},{"damage_healed":0,"gold_gain":0,"player_choice":"Entered Light","damage_taken":20,"max_hp_gain":0,"max_hp_loss":0,"event_name":"Shining Light","floor":5,"gold_loss":0,"cards_upgraded":["Defend_R","Defend_R"]}],"is_beta":false,"boss_relics":[],"items_purged_floors":[],"is_endless":false,"potions_floor_spawned":[4,6],"killed_by":"Gremlin Nob","ascension_level":20}}