{"host":"kmbz9ox1244sqnmw","time":1611544646,"event":{"mods":["BaseMod","Downfall","Minty Spire (QoL Compilation)","StSLib"],"gold_per_floor":[99,199,199,124,143,155,180,193,11,30,47,147,173,193,210,305,305,155,170,170,190,53,81,81,31,31,16,16,35,35,35,47,47,47,47],"floor_reached":33,"language":"ENG","playtime":2392,"items_purged":["downfall:Bewildered","Slimebound:Strike_Slimebound"],"score":392,"play_id":"5f7b3841-26eb-4e9e-b87b-c0e35963f826","local_time":"20210124191726","is_ascension_mode":false,"campfire_choices":[{"floor":1,"key":"RECALL"},{"floor":18,"key":"DIG"},{"floor":25,"key":"DIG"},{"floor":28,"key":"DIG"},{"floor":30,"key":"REST"}],"circlet_count":0,"master_deck":["Slimebound:Tackle","Slimebound:Defend_Slimebound+1","Slimebound:Defend_Slimebound+1","Slimebound:Split","Slimebound:CorrosiveSpit","Slimebound:SplitBruiser+1","CurseOfTheBell","CurseOfTheBell","Slimebound:SelfFormingGoo","Clumsy","downfall:Malfunctioning","Slimebound:SlimeBarrage","Slimebound:SplitAcid","Slimebound:Dissolve","Slimebound:GoopSpray","Slimebound:LeadByExample+1","Slimebound:Schlurp","Slimebound:Repurpose","Slimebound:LeechingTouch","Slimebound:OneTwoCombo","Slimebound:Prepare","Slimebound:MinionMaster","Slimebound:LeechLife","Slimebound:ComboTackle","Slimebound:PressTheAttack","Slimebound:PressTheAttack+1","Slimebound:GoopTackle","Slimebound:SlimeSlap","Slimebound:CheckThePlaybook","Slimebound:SlimeBrawl"],"relics":["Slimebound:AbsorbEndCombat","downfall:ExtraCursedBell","Potion Belt","The Courier","Shovel","Slimebound:GreedOozeRelic","Pantograph","Velvet Choker","downfall:HeartBlessingBlue","Nunchaku","Letter Opener","Bottled Flame","Omamori","Oddly Smooth Stone"],"acts_visited":["Exordium","TheCity"],"potions_floor_usage":[9,17,21],"damage_taken":[{"damage":5,"enemies":"2 Louse","floor":5,"turns":2},{"damage":0,"enemies":"Small Slimes","floor":6,"turns":3},{"damage":3,"enemies":"Jaw Worm","floor":8,"turns":2},{"damage":8,"enemies":"downfall:FleeingMerchant","floor":9,"turns":4},{"damage":3,"enemies":"Blue Slaver","floor":10,"turns":3},{"damage":0,"enemies":"Exordium Wildlife","floor":11,"turns":2},{"damage":22,"enemies":"downfall:Heads","floor":12,"turns":6},{"damage":2,"enemies":"3 Sentries","floor":13,"turns":5},{"damage":3,"enemies":"2 Fungi Beasts","floor":14,"turns":4},{"damage":11,"enemies":"Large Slime","floor":15,"turns":4},{"damage":14,"enemies":"IC_STATUS_ARCHETYPE","floor":16,"turns":8},{"damage":20,"enemies":"Chosen","floor":19,"turns":5},{"damage":0,"enemies":"3 Cultists","floor":21,"turns":4},{"damage":10,"enemies":"downfall:FleeingMerchant","floor":22,"turns":4},{"damage":18,"enemies":"Gremlin Leader","floor":23,"turns":6},{"damage":26,"enemies":"downfall:FleeingMerchant","floor":27,"turns":4},{"damage":6,"enemies":"Cultist and Chosen","floor":29,"turns":3},{"damage":34,"enemies":"Snake Plant","floor":32,"turns":3}],"seed_played":"3863536918953943719","potions_obtained":[{"floor":8,"key":"champ:CounterPotion"},{"floor":10,"key":"Dexterity Potion"},{"floor":11,"key":"Fruit Juice"},{"floor":14,"key":"SteroidPotion"},{"floor":16,"key":"sneckomod:MuddlingPotion"},{"floor":19,"key":"PowerPotion"},{"floor":23,"key":"Fire Potion"},{"floor":32,"key":"ColorlessPotion"}],"is_trial":false,"path_per_floor":["R","?","?","?","M","M","T","M","$","M","M","?","E","M","M","B",null,"R","M","?","M","$","E","T","R","?","$","R","M","R","?","M","B"],"character_chosen":"SLIMEBOUND","items_purchased":["Slimebound:LeadByExample","Slimebound:Schlurp","Slimebound:PressTheAttack"],"campfire_rested":1,"item_purchase_floors":[9,9,22],"current_hp_per_floor":[65,70,70,70,65,65,65,64,60,59,61,47,47,46,39,58,75,85,67,51,57,67,55,55,55,55,33,33,36,63,63,29,0,0,0],"gold":47,"neow_bonus":"TRANSFORM_CARD","is_daily":false,"chose_seed":false,"campfire_upgraded":0,"win_rate":0.0,"timestamp":1611544646,"path_taken":["R","?","?","?","M","?","T","M","$","M","M","?","E","M","M","BOSS","R","M","?","M","$","E","T","R","?","?","R","M","R","?","M","BOSS"],"items_purchased_type":["Card","Card","Card"],"build_version":"2020-12-22","purchased_purges":2,"victory":false,"max_hp_per_floor":[65,70,70,70,70,70,70,70,70,70,70,70,70,70,70,70,75,85,85,90,90,90,90,90,90,90,90,90,90,90,90,90,90,90,90],"card_choices":[{"not_picked":["Slimebound:HauntingLick","Slimebound:SlimeSpikes"],"picked":"Slimebound:SlimeBarrage","floor":5},{"not_picked":["Slimebound:DisruptingSlam","Slimebound:TongueLash"],"picked":"Slimebound:SplitAcid","floor":6},{"not_picked":["Slimebound:AcidTongue","Slimebound:RainOfGoop"],"picked":"Slimebound:Dissolve","floor":8},{"not_picked":["Slimebound:SplitAcid","Slimebound:MegaLick"],"picked":"Slimebound:GoopSpray","floor":9},{"not_picked":["Slimebound:ItLooksTasty","Slimebound:SplitBruiser","Slimebound:RainOfGoop"],"picked":"SKIP","floor":10},{"not_picked":["Slimebound:LeechingTouch","Slimebound:ComboTackle"],"picked":"Slimebound:Repurpose","floor":11},{"not_picked":["Slimebound:SamplingLick","Slimebound:Gluttony"],"picked":"Slimebound:OneTwoCombo","floor":13},{"not_picked":["Slimebound:RollThrough","Slimebound:GoopSpray","Slimebound:LeechingTouch"],"picked":"SKIP","floor":14},{"not_picked":["Slimebound:SplitLeeching","Slimebound:HauntingLick"],"picked":"Slimebound:Prepare","floor":15},{"not_picked":["Slimebound:SelfFormingGoo","Slimebound:RallyTheTroops"],"picked":"Slimebound:MinionMaster","floor":16},{"not_picked":["Slimebound:SplitLeeching+1","Slimebound:ComboTackle","Slimebound:GoopSpray+1"],"picked":"SKIP","floor":19},{"not_picked":["Slimebound:LeechingTouch","Slimebound:PressTheAttack"],"picked":"Slimebound:LeechLife","floor":21},{"not_picked":["Slimebound:LeechingTouch","Slimebound:SplitBruiser"],"picked":"Slimebound:ComboTackle","floor":22},{"not_picked":["Slimebound:ProtectTheBoss","Slimebound:SlimeBrawl"],"picked":"Slimebound:PressTheAttack+1","floor":23},{"not_picked":["Slimebound:SpikyOuterGoop","Slimebound:Overexert","Slimebound:ComboTackle"],"picked":"SKIP","floor":27},{"not_picked":["Slimebound:Replication","Slimebound:DisruptingSlam","Slimebound:SlimeSpikes+1"],"picked":"SKIP","floor":29},{"not_picked":["Slimebound:SplitBruiser","Slimebound:ComboTackle"],"picked":"Slimebound:SlimeBrawl","floor":32}],"player_experience":601287,"relics_obtained":[{"floor":2,"key":"Potion Belt"},{"floor":2,"key":"The Courier"},{"floor":2,"key":"Shovel"},{"floor":13,"key":"Pantograph"},{"floor":18,"key":"Nunchaku"},{"floor":23,"key":"Letter Opener"},{"floor":24,"key":"Bottled Flame"},{"floor":25,"key":"Omamori"},{"floor":28,"key":"Oddly Smooth Stone"}],"event_choices":[{"damage_healed":0,"gold_gain":0,"cards_transformed":["Slimebound:Defend_Slimebound","Slimebound:Defend_Slimebound"],"player_choice":"Became Test Subject","damage_taken":0,"max_hp_gain":0,"max_hp_loss":0,"event_name":"Drug Dealer","floor":26,"gold_loss":0,"cards_obtained":["Slimebound:GoopTackle","Slimebound:SlimeSlap"]}],"is_beta":false,"boss_relics":[{"not_picked":["Snecko Eye","Runic Dome"],"picked":"Velvet Choker"}],"items_purged_floors":[9,22],"is_endless":false,"potions_floor_spawned":[8,10,11,14,16,19,23,32],"killed_by":"WA_ARCHETYPE_CALM","ascension_level":0}}