{"host":"c3lc60y5x60jlt1y","time":1611568582,"event":{"mods":["AchievementEnabler","BaseMod","Bestiary","Colored Map","Minty Spire (QoL Compilation)","Quick Restart","StSLib","ojb\u0027s Info Mod"],"gold_per_floor":[115,115,40,40,65,93,93,168,218,252,252,263,263,263,263,342,342,360,393,393,412,83,83,83,83],"floor_reached":24,"language":"ENG","playtime":1067,"items_purged":["Defend_B"],"score":496,"play_id":"27f9dc5a-2717-4202-9222-1d17298ac5d2","local_time":"20210125115622","is_ascension_mode":true,"campfire_choices":[{"data":"Beam Cell","floor":7.0,"key":"SMITH"},{"data":"Ball Lightning","floor":11.0,"key":"SMITH"},{"data":"Buffer","floor":13.0,"key":"SMITH"},{"data":"Undo","floor":15.0,"key":"SMITH"},{"floor":23,"key":"REST"}],"circlet_count":0,"master_deck":["AscendersBane","Strike_B","Defend_B","Defend_B+1","Defend_B","Zap","Dualcast+1","Beam Cell+1","Storm","Compile Driver","Ball Lightning+1","Buffer+1","Undo+1","Amplify","Streamline+1","Auto Shields","Ball Lightning","Sweeping Beam"],"relics":["Cracked Core","NeowsBlessing","War Paint","Darkstone Periapt","Oddly Smooth Stone","Bronze Scales","Runic Pyramid","Red Mask","Pen Nib"],"acts_visited":["Exordium","TheCity"],"potions_floor_usage":[18,24],"damage_taken":[{"damage":0.0,"enemies":"2 Louse","floor":1.0,"turns":1.0},{"damage":0.0,"enemies":"Gremlin Nob","floor":6.0,"turns":1.0},{"damage":0.0,"enemies":"3 Sentries","floor":10.0,"turns":1.0},{"damage":6.0,"enemies":"Jaw Worm","floor":12.0,"turns":2.0},{"damage":11,"enemies":"The Guardian","floor":16,"turns":10},{"damage":9,"enemies":"2 Thieves","floor":18,"turns":4},{"damage":52,"enemies":"Masked Bandits","floor":19,"turns":5},{"damage":0,"enemies":"Chosen","floor":21,"turns":4},{"damage":28,"enemies":"Slavers","floor":24,"turns":4}],"seed_played":"-7696691569794677274","potions_obtained":[{"floor":6.0,"key":"PotionOfCapacity"},{"floor":10.0,"key":"Block Potion"}],"is_trial":false,"path_per_floor":["M","?","?","$","T","E","R","?","T","E","R","M","R","?","R","B",null,"M","?","?","M","$","R","E"],"character_chosen":"DEFECT","items_purchased":["Pen Nib","Sweeping Beam","SkillPotion"],"campfire_rested":1,"item_purchase_floors":[22,22,22],"current_hp_per_floor":[64,64,64,64,64,64,64,53,53,53,53,47,47,47,47,36,62,53,1,1,1,1,22,0,0],"gold":83,"neow_bonus":"THREE_ENEMY_KILL","is_daily":false,"chose_seed":false,"campfire_upgraded":4,"win_rate":0.0,"timestamp":1611568582,"path_taken":["M","?","?","?","?","E","R","?","T","E","R","M","R","?","R","BOSS","M","?","?","?","$","R","E"],"items_purchased_type":["Relic","Card","Potion"],"build_version":"2020-12-22","purchased_purges":1,"victory":false,"max_hp_per_floor":[71,71,71,71,71,71,71,71,71,71,71,71,71,71,71,71,71,71,71,71,71,71,71,71,71],"card_choices":[{"not_picked":["Steam","Capacitor"],"picked":"Beam Cell","floor":1.0},{"not_picked":["Go for the Eyes","Turbo"],"picked":"Compile Driver","floor":6.0},{"not_picked":["Rebound","Turbo"],"picked":"Ball Lightning","floor":10.0},{"not_picked":["Steam","Compile Driver"],"picked":"Buffer","floor":12.0},{"not_picked":["Fission","Biased Cognition"],"picked":"Amplify","floor":16},{"not_picked":["Chaos","Barrage"],"picked":"Streamline+1","floor":18},{"not_picked":["Compile Driver","Doom and Gloom"],"picked":"Auto Shields","floor":19},{"not_picked":["Gash","Scrape"],"picked":"Ball Lightning","floor":21}],"player_experience":8552490,"relics_obtained":[{"floor":5.0,"key":"War Paint"},{"floor":6.0,"key":"Darkstone Periapt"},{"floor":9.0,"key":"Oddly Smooth Stone"},{"floor":10.0,"key":"Bronze Scales"},{"floor":19,"key":"Red Mask"}],"event_choices":[{"damage_healed":0.0,"max_hp_gain":0.0,"max_hp_loss":0.0,"gold_gain":0.0,"cards_transformed":["Strike_B"],"event_name":"Living Wall","player_choice":"Change","floor":2.0,"gold_loss":0.0,"damage_taken":0.0,"cards_obtained":["Storm"]},{"cards_removed":["Strike_B"],"damage_healed":0.0,"max_hp_gain":0.0,"max_hp_loss":0.0,"gold_gain":0.0,"event_name":"The Cleric","player_choice":"Card Removal","floor":3.0,"gold_loss":75.0,"damage_taken":0.0},{"damage_healed":0.0,"max_hp_gain":0.0,"max_hp_loss":0.0,"gold_gain":75.0,"event_name":"World of Goop","player_choice":"Gather Gold","floor":8.0,"gold_loss":0.0,"damage_taken":11.0},{"damage_healed":0.0,"max_hp_gain":0.0,"max_hp_loss":0.0,"gold_gain":0.0,"event_name":"Match and Keep!","player_choice":"1 cards matched","floor":14.0,"gold_loss":0.0,"damage_taken":0.0,"cards_obtained":["Undo"]},{"damage_healed":0,"gold_gain":0,"player_choice":"Fought Bandits","damage_taken":0,"max_hp_gain":0,"max_hp_loss":0,"event_name":"Masked Bandits","floor":19,"gold_loss":0},{"cards_removed":["Strike_B"],"damage_healed":0,"gold_gain":0,"player_choice":"Elegance","damage_taken":0,"max_hp_gain":0,"max_hp_loss":0,"event_name":"Back to Basics","floor":20,"gold_loss":0}],"is_beta":false,"boss_relics":[{"not_picked":["SacredBark","Tiny House"],"picked":"Runic Pyramid"}],"items_purged_floors":[22],"is_endless":false,"potions_floor_spawned":[6,10],"killed_by":"Slavers","ascension_level":20}}