{"host":"emhkbx8w48tb1pjr","time":1611573113,"event":{"mods":["AchievementEnabler","BaseMod","Better Note","Colored Map","Colored Powertips","DeckTracker","Downfall","Googly Eyes","Minty Spire (QoL Compilation)","Quick Restart","Rare Cards Sparkle","StSLib","The Jungle","everything is the same but u backflip on backflip"],"gold_per_floor":[99,99,99,64,78,63,116,126,126,126,153,169,182,193,206,206,206,206],"floor_reached":16,"language":"ENG","playtime":2227,"items_purged":[],"score":102,"play_id":"d479e662-f708-4a7a-9047-a0298c3a006c","local_time":"20210125121153","is_ascension_mode":false,"campfire_choices":[{"data":"hexamod:Float","floor":1,"key":"SMITH"},{"data":"hexamod:HeatShield","floor":9,"key":"SMITH"}],"circlet_count":0,"master_deck":["hexamod:Strike","hexamod:Strike","hexamod:Strike","hexamod:Strike","hexamod:Defend","hexamod:Defend","hexamod:Defend","hexamod:Defend","hexamod:Sear","hexamod:Float+1","hexamod:PhantomFireball","hexamod:HeatShield+1","hexamod:Firestarter","hexamod:PhantomFireball","hexamod:BurningTouch","hexamod:Hexaguard","hexamod:SoulSteal"],"relics":["hexamod:SpiritBrand","downfall:HeartsMalice","Bag of Marbles","Pen Nib"],"acts_visited":["Exordium"],"potions_floor_usage":[16,16],"damage_taken":[{"damage":0,"enemies":"Cultist","floor":2,"turns":1},{"damage":0,"enemies":"Jaw Worm","floor":3,"turns":1},{"damage":0,"enemies":"downfall:FleeingMerchant","floor":4,"turns":1},{"damage":0,"enemies":"Small Slimes","floor":5,"turns":3},{"damage":0,"enemies":"downfall:FleeingMerchant","floor":6,"turns":4},{"damage":0,"enemies":"3 Louse","floor":8,"turns":3},{"damage":13,"enemies":"3 Sentries","floor":11,"turns":8},{"damage":0,"enemies":"Blue Slaver","floor":12,"turns":2},{"damage":10,"enemies":"Exordium Wildlife","floor":13,"turns":5},{"damage":4,"enemies":"2 Fungi Beasts","floor":14,"turns":2},{"damage":0,"enemies":"Gremlin Gang","floor":15,"turns":2},{"damage":109,"enemies":"WA_ARCHETYPE_RETAIN","floor":16,"turns":13}],"seed_played":"-1449717763842410538","potions_obtained":[{"floor":5,"key":"SneckoOil"},{"floor":8,"key":"Dexterity Potion"},{"floor":12,"key":"FairyPotion"},{"floor":13,"key":"ColorlessPotion"}],"is_trial":false,"path_per_floor":["R","M","M","$","M","$","T","M","R","?","E","M","M","M","M","B"],"character_chosen":"THE_SPIRIT","items_purchased":["hexamod:PhantomFireball"],"campfire_rested":0,"item_purchase_floors":[4],"current_hp_per_floor":[70,70,70,70,70,70,70,70,70,70,57,57,47,43,43,0,0,0],"gold":206,"neow_bonus":"THREE_ENEMY_KILL","is_daily":false,"chose_seed":false,"campfire_upgraded":2,"win_rate":0.0,"timestamp":1611573113,"path_taken":["R","M","M","?","M","$","T","M","R","?","E","M","?","M","M","BOSS"],"items_purchased_type":["Card"],"build_version":"2020-12-22","purchased_purges":0,"victory":false,"max_hp_per_floor":[70,70,70,70,70,70,70,70,70,70,70,70,70,70,70,70,70,70],"card_choices":[{"not_picked":["hexamod:Hexaguard","hexamod:HeatCrush"],"picked":"hexamod:PhantomFireball","floor":2},{"not_picked":["hexamod:BurningTouch","hexamod:InspiringFlames"],"picked":"hexamod:HeatShield","floor":3},{"not_picked":["hexamod:SpectersWail","hexamod:BurningTouch"],"picked":"hexamod:Firestarter","floor":4},{"not_picked":["hexamod:NightmareGuise","hexamod:Hexaguard"],"picked":"hexamod:BurningTouch","floor":5},{"not_picked":["hexamod:HauntingEcho","hexamod:NightmareGuise"],"picked":"hexamod:Hexaguard","floor":6},{"not_picked":["hexamod:PowerFromBeyond","hexamod:FlamesFromBeyond","hexamod:NightmareStrike"],"picked":"SKIP","floor":8},{"not_picked":["hexamod:SkipABeat","hexamod:InspiringFlames"],"picked":"hexamod:SoulSteal","floor":11},{"not_picked":["hexamod:PowerFromBeyond","hexamod:RadiantFlame","hexamod:ThermalTransfer"],"picked":"SKIP","floor":12},{"not_picked":["hexamod:BacktrackSmack","hexamod:TurnItUp","hexamod:PowerFromBeyond"],"picked":"SKIP","floor":13},{"not_picked":["hexamod:BacktrackSmack","hexamod:TurnItUp","hexamod:PowerFromBeyond"],"picked":"SKIP","floor":13},{"not_picked":["hexamod:ChargedBarrage","hexamod:CatchUp","hexamod:SpectersWail"],"picked":"SKIP","floor":14},{"not_picked":["hexamod:RetreatToShadows","hexamod:InspiringFlames","hexamod:ShieldOfDarkness"],"picked":"SKIP","floor":15}],"player_experience":26728,"relics_obtained":[{"floor":7,"key":"Bag of Marbles"},{"floor":11,"key":"Pen Nib"}],"event_choices":[{"cards_removed":["hexamod:Hexaguard"],"damage_healed":0,"gold_gain":0,"player_choice":"Give","damage_taken":0,"max_hp_gain":0,"max_hp_loss":0,"event_name":"betterNote:BetterNote","floor":10,"gold_loss":0,"cards_obtained":["None"]}],"is_beta":false,"boss_relics":[],"items_purged_floors":[],"is_endless":false,"potions_floor_spawned":[5,8,12,13],"killed_by":"WA_ARCHETYPE_RETAIN","ascension_level":0}}