{"host":"edndssuekvzbh3is","time":1611533883,"event":{"mods":["BaseMod","Colored Map","Colored Powertips","Minty Spire (QoL Compilation)","SuperFastMode"],"gold_per_floor":[109,124,124,135,150,180,180,200,223,245,245,264,264,307,307,307,307],"floor_reached":16,"language":"ENG","playtime":385,"items_purged":[],"score":202,"play_id":"4cf68013-0262-49df-8411-ac6cdeea8cae","local_time":"20210124191803","is_ascension_mode":true,"campfire_choices":[{"data":"Bludgeon","floor":7,"key":"SMITH"},{"data":"True Grit","floor":11,"key":"SMITH"},{"data":"Bloodletting","floor":13,"key":"SMITH"},{"floor":15,"key":"REST"}],"circlet_count":0,"master_deck":["Strike_R","Strike_R","Strike_R","Strike_R","Strike_R","Defend_R","Defend_R","Defend_R","Defend_R","Bash","Headbutt","Cleave+1","Bludgeon+1","Bloodletting+1","True Grit+1","True Grit","Demon Form"],"relics":["Burning Blood","WingedGreaves","Charon\u0027s Ashes","CeramicFish","Bronze Scales"],"acts_visited":["Exordium"],"potions_floor_usage":[6,6,16],"damage_taken":[{"damage":10,"enemies":"2 Louse","floor":1,"turns":3},{"damage":0,"enemies":"Small Slimes","floor":2,"turns":3},{"damage":14,"enemies":"Jaw Worm","floor":4,"turns":3},{"damage":40,"enemies":"Large Slime","floor":5,"turns":5},{"damage":0,"enemies":"Lagavulin","floor":6,"turns":3},{"damage":9,"enemies":"Red Slaver","floor":8,"turns":3},{"damage":17,"enemies":"Exordium Thugs","floor":10,"turns":2},{"damage":8,"enemies":"Blue Slaver","floor":12,"turns":2},{"damage":43,"enemies":"Gremlin Nob","floor":14,"turns":5},{"damage":34,"enemies":"Slime Boss","floor":16,"turns":7}],"seed_played":"-7168703163949358596","potions_obtained":[{"floor":1,"key":"DistilledChaos"},{"floor":2,"key":"FairyPotion"},{"floor":5,"key":"Strength Potion"},{"floor":8,"key":"SneckoOil"},{"floor":14,"key":"Dexterity Potion"}],"is_trial":false,"path_per_floor":["M","M","?","M","M","E","R","M","T","M","R","M","R","E","R","B"],"character_chosen":"IRONCLAD","items_purchased":[],"campfire_rested":1,"item_purchase_floors":[],"current_hp_per_floor":[68,72,72,64,30,36,36,33,33,22,22,20,20,13,34,0,0],"gold":307,"neow_bonus":"ONE_RARE_RELIC","is_daily":false,"chose_seed":false,"campfire_upgraded":3,"win_rate":0.0,"timestamp":1611533883,"path_taken":["M","M","?","M","M","E","R","M","T","M","R","M","R","E","R","BOSS"],"items_purchased_type":[],"build_version":"2020-12-22","purchased_purges":0,"victory":false,"max_hp_per_floor":[72,72,72,72,72,72,72,72,72,72,72,72,72,72,72,72,72],"card_choices":[{"not_picked":["Entrench","Perfected Strike"],"picked":"Headbutt","floor":1},{"not_picked":["Pommel Strike","Body Slam"],"picked":"Cleave","floor":2},{"not_picked":["Clash","Warcry","Heavy Blade"],"picked":"SKIP","floor":4},{"not_picked":["Clothesline","Perfected Strike"],"picked":"Bludgeon","floor":5},{"not_picked":["Headbutt","Clash","Cleave"],"picked":"SKIP","floor":6},{"not_picked":["Warcry","Havoc"],"picked":"Bloodletting","floor":8},{"not_picked":["Sword Boomerang","Carnage"],"picked":"True Grit","floor":10},{"not_picked":["Headbutt","Perfected Strike"],"picked":"True Grit","floor":12},{"not_picked":["Flex","Headbutt"],"picked":"Demon Form","floor":14}],"player_experience":329227,"relics_obtained":[{"floor":6,"key":"Charon\u0027s Ashes"},{"floor":9,"key":"CeramicFish"},{"floor":14,"key":"Bronze Scales"}],"event_choices":[{"damage_healed":0,"gold_gain":0,"player_choice":"Grow","damage_taken":0,"max_hp_gain":0,"max_hp_loss":0,"event_name":"Living Wall","floor":3,"gold_loss":0,"cards_upgraded":["Cleave"]}],"is_beta":false,"boss_relics":[],"items_purged_floors":[],"is_endless":false,"potions_floor_spawned":[1,2,5,8,14],"killed_by":"Slime Boss","ascension_level":9}}