{"host":"y7b1p9nkx4idorr2","time":1611561766,"event":{"mods":["AchievementEnabler","Act Like it!","BaseMod","Colored Map","Downfall","GifTheSpireLib","Googly Eyes","Highlight Path","Mimic Mod","Minty Spire (QoL Compilation)","Shop Mod","Spicy Shops","StSLib","Unceasing Turn Reminder"],"gold_per_floor":[99,111,161,17,75,75,126,126,26,26,26,26,61,76,96,195,195,95,105,28,81,2,15,15,48,48,48,206,106,122,222,241,342,342,342,356,375,393,7,107,147,147,167,182,217,217,217],"floor_reached":45,"language":"ENG","playtime":2431,"items_purged":["Normality","Delirium","Slimebound:Strike_Slimebound"],"score":642,"play_id":"796e63dd-30a8-4028-b4a0-60109be78930","local_time":"20210125020246","is_ascension_mode":true,"campfire_choices":[{"floor":1.0,"key":"RECALL"},{"data":"Slimebound:RainOfGoop","floor":6.0,"key":"SMITH"},{"data":"Slimebound:SplitAcid","floor":9.0,"key":"SMITH"},{"data":"Slimebound:Split","floor":12.0,"key":"SMITH"},{"data":"Slimebound:SelfFormingGoo","floor":18.0,"key":"SMITH"},{"data":"Crow Ritual","floor":26.0,"key":"SMITH"},{"data":"Mind Blast","floor":29.0,"key":"SMITH"},{"data":"Bludgeon","floor":35.0,"key":"SMITH"}],"circlet_count":79,"master_deck":["Slimebound:Strike_Slimebound","Slimebound:Strike_Slimebound","Slimebound:Tackle","Slimebound:Defend_Slimebound","Slimebound:Defend_Slimebound","Slimebound:Defend_Slimebound","Slimebound:Defend_Slimebound","Slimebound:Split+1","Slimebound:CorrosiveSpit","Slimebound:RainOfGoop+1","Slimebound:SplitAcid+1","Slimebound:GoopSpray+1","Parasite","Swift Strike","Slimebound:Nibble","Decay","Slimebound:SelfFormingGoo+1","Backstab","sneckomod:SoulDraw","Regret","Madness","Madness+1","Mind Blast+1","Swift Strike","Glass Knife","Madness","Slimebound:SplitAcid","Backflip","Madness","Slimebound:DisruptingSlam+1","Madness","Bludgeon+1","Leg Sweep+1","Decay","Slimebound:RallyTheTroops"],"relics":["Slimebound:AbsorbEndCombat","Circlet","Membership Card","PrismaticShard","downfall:HeartBlessingRed","Shuriken","downfall:HeartBlessingGreen","Du-Vu Doll","Kunai","Pen Nib","downfall:HeartBlessingBlue","Blue Candle","Omamori","Sling"],"acts_visited":["Exordium","TheCity","TheBeyond"],"potions_floor_usage":[],"damage_taken":[{"damage":2.0,"enemies":"Cultist","floor":2.0,"turns":4.0},{"damage":13.0,"enemies":"downfall:FleeingMerchant","floor":4.0,"turns":4.0},{"damage":5.0,"enemies":"2 Louse","floor":5.0,"turns":3.0},{"damage":14.0,"enemies":"3 Sentries","floor":13.0,"turns":6.0},{"damage":0.0,"enemies":"Jaw Worm","floor":14.0,"turns":2.0},{"damage":0.0,"enemies":"Large Slime","floor":15.0,"turns":3.0},{"damage":59.0,"enemies":"WA_ARCHETYPE_RETAIN","floor":16.0,"turns":7.0},{"damage":7.0,"enemies":"Shell Parasite","floor":19.0,"turns":4.0},{"damage":11.0,"enemies":"downfall:FleeingMerchant","floor":20.0,"turns":4.0},{"damage":4.0,"enemies":"downfall:FleeingMerchant","floor":22.0,"turns":4.0},{"damage":10.0,"enemies":"Chosen","floor":23.0,"turns":2.0},{"damage":10.0,"enemies":"Centurion and Healer","floor":25.0,"turns":3.0},{"damage":0.0,"enemies":"downfall:FleeingMerchant","floor":28.0,"turns":1.0},{"damage":10.0,"enemies":"Centurion and Healer","floor":30.0,"turns":3.0},{"damage":12.0,"enemies":"Gremlin Leader","floor":31.0,"turns":4.0},{"damage":7.0,"enemies":"Shelled Parasite and Fungi","floor":32.0,"turns":3.0},{"damage":39.0,"enemies":"IC_MUSHROOM_ARCHETYPE","floor":33.0,"turns":6.0},{"damage":0.0,"enemies":"Orb Walker","floor":36.0,"turns":1.0},{"damage":12.0,"enemies":"3 Shapes","floor":37.0,"turns":6.0},{"damage":6.0,"enemies":"Sphere and 2 Shapes","floor":38.0,"turns":3.0},{"damage":28.0,"enemies":"Giant Head","floor":40.0,"turns":6.0},{"damage":10.0,"enemies":"Jaw Worm Horde","floor":41.0,"turns":3.0},{"damage":2.0,"enemies":"Jaw Worm Horde","floor":43.0,"turns":3.0},{"damage":0.0,"enemies":"Maw","floor":44.0,"turns":2.0},{"damage":9.0,"enemies":"R_Hoarder","floor":45.0,"turns":4.0}],"seed_played":"-8872871081223342825","potions_obtained":[{"floor":13.0,"key":"Doom Potion"},{"floor":14.0,"key":"Regen Potion"},{"floor":21.0,"key":"Languid Potion"},{"floor":30.0,"key":"ColorlessPotion"},{"floor":33.0,"key":"hexamod:SoulburnPotion"},{"floor":37.0,"key":"Regen Potion"}],"is_trial":false,"path_per_floor":["R","M","?","$","M","R","T","?","R","?","T","R","E","M","M","B",null,"R","M","$","?","$","M","T","MIM","R","?","$","R","M","E","M","B",null,"R","M","M","M","$","E","MIM","?","M","M","E"],"character_chosen":"SLIMEBOUND","items_purchased":["Slimebound:GoopSpray+1","hubris:SphereOfDissonance","PrismaticShard","Du-Vu Doll","ReplayTheSpireMod:ShopPack","StuffTheSpire:BottledEssence","Pen Nib","Omamori","ReplayTheSpireMod:CursedCoin","StuffTheSpire:DarkSteelAnvil","StuffTheSpire:SapphireSignet","Sling"],"campfire_rested":0,"item_purchase_floors":[4,4,4,20,22,28,28,39,39,39,39,39],"current_hp_per_floor":[59,63,63,58,55,55,55,55,55,55,55,55,49,51,57,6,77,77,73,68,68,70,60,60,63,63,48,50,60,52,46,45,14,87,87,87,79,75,75,53,47,47,51,55,48,48,48],"gold":217,"neow_bonus":"TWENTY_PERCENT_HP_BONUS","is_daily":false,"chose_seed":false,"campfire_upgraded":7,"win_rate":0.0,"timestamp":1611561766,"path_taken":["R","M","?","$","M","R","T","?","R","?","?","R","E","?","M","BOSS","R","M","$","?","?","M","T","?","R","?","$","R","M","E","M","BOSS","R","M","M","M","$","E","MIM","?","M","M","E"],"items_purchased_type":["Card","Undefined","Relic","Relic","Undefined","Undefined","Relic","Relic","Undefined","Undefined","Undefined","Relic"],"build_version":"2020-12-22","purchased_purges":3,"victory":false,"max_hp_per_floor":[77,77,77,77,77,77,77,77,77,77,77,77,77,77,77,77,77,77,77,77,77,77,77,77,77,77,77,77,87,87,87,87,87,87,87,87,87,87,87,87,87,87,87,87,87,87,87],"card_choices":[{"not_picked":["Slimebound:HauntingLick","Slimebound:SplitLeeching"],"picked":"Slimebound:RainOfGoop","floor":2.0},{"not_picked":["Slimebound:SlimeTap","Slimebound:ItLooksTasty"],"picked":"Slimebound:SplitAcid","floor":4.0},{"not_picked":["bronze:OilSpill","champ:BringItOn","CutThroughFate"],"picked":"SKIP","floor":5.0},{"not_picked":["The Bomb","Deep Breath"],"picked":"Swift Strike","floor":10.0},{"not_picked":["bronze:DelayedSlice","bronze:BuggyMess","sneckomod:WideSting"],"picked":"SKIP","floor":13.0},{"not_picked":["Guardian:ShieldCharger","sneckomod:UnknownClassTHE_CHAMP_GRAY","Tempest"],"picked":"SKIP","floor":14.0},{"not_picked":["sneckomod:SoulRoll","Guardian:BronzeArmor"],"picked":"Slimebound:Nibble","floor":15.0},{"not_picked":["Corpse Explosion","Slimebound:CheckThePlaybook"],"picked":"Slimebound:SelfFormingGoo","floor":16.0},{"not_picked":["Cleave","StuffTheSpire:BrimstoneBlast"],"picked":"Backstab","floor":19.0},{"not_picked":["ReplayTheSpireMod:Necrogeddon","Guardian:DonusPower"],"picked":"sneckomod:SoulDraw","floor":20.0},{"not_picked":["Go for the Eyes","bronze:BurnOut","champ:DefensiveShout"],"picked":"SKIP","floor":22.0},{"not_picked":["Secret Technique","HandOfGreed"],"picked":"Crow Ritual","floor":22.0},{"not_picked":["Replay:Bootleg Shield Generator","Good Instincts"],"picked":"Mind Blast","floor":22.0},{"not_picked":["Transmutation","Replay:Sssssssssshield"],"picked":"Swift Strike","floor":22.0},{"not_picked":["Prepared+1","Guardian:Orbwalk"],"picked":"Glass Knife","floor":23.0},{"not_picked":["Forethought+1","StuffTheSpire:RockThrow+1"],"picked":"Slimebound:SplitAcid","floor":28.0},{"not_picked":["StuffTheSpire:Injection","sneckomod:MasterEye"],"picked":"Backflip","floor":30.0},{"not_picked":["bronze:WhirlingStrike","sneckomod:DiceCrush","Bloodletting"],"picked":"SKIP","floor":31.0},{"not_picked":["Reckless Charge","Guardian:ChargeCore"],"picked":"Slimebound:DisruptingSlam+1","floor":32.0},{"not_picked":["Guardian:SphericShield","ReplayTheSpireMod:Brewmster"],"picked":"Bludgeon","floor":33.0},{"not_picked":["Replay:Hum+1","bronze:OilSpill","sneckomod:QuickBite"],"picked":"SKIP","floor":36.0},{"not_picked":["champ:StanceDance+1","Replay:ManipulateFuture","Guardian:Orbwalk+1"],"picked":"SKIP","floor":37.0},{"not_picked":["bronze:Allocate","Recycle"],"picked":"Leg Sweep+1","floor":38.0},{"not_picked":["Guardian:Gem_Green","bronze:BuggyMess+1"],"picked":"Slimebound:RallyTheTroops","floor":40.0},{"not_picked":["Slimebound:HungryTackle","StuffTheSpire:Incursion+1","Guardian:Suspension+1"],"picked":"SKIP","floor":43.0},{"not_picked":["bronze:DelayedGuard","Replay:DivineShield+1","Clash+1"],"picked":"SKIP","floor":44.0}],"player_experience":2183024,"relics_obtained":[{"floor":3.0,"key":"Ring of Greed"},{"floor":3.0,"key":"ReplayTheSpireMod:Ring of Challenge"},{"floor":3.0,"key":"Membership Card"},{"floor":3.0,"key":"Blue Doll"},{"floor":11.0,"key":"Shuriken"},{"floor":13.0,"key":"StuffTheSpire:TintedRock"},{"floor":21.0,"key":"StuffTheSpire:Gunfinga"},{"floor":24.0,"key":"aspiration:AnachronicSnailShell"},{"floor":25.0,"key":"Kunai"},{"floor":31.0,"key":"Blue Candle"},{"floor":40.0,"key":"ReplayTheSpireMod:Lightbulb"},{"floor":41.0,"key":"hubris:GlazedTorus"},{"floor":45,"key":"Circlet"}],"event_choices":[{"damage_healed":0.0,"max_hp_gain":0.0,"max_hp_loss":0.0,"gold_gain":0.0,"event_name":"conspire:Investor","player_choice":"Leave","floor":8.0,"gold_loss":0.0,"damage_taken":0.0},{"damage_healed":0.0,"max_hp_gain":0.0,"max_hp_loss":0.0,"gold_gain":1.0,"event_name":"betterStone:BetterStone","player_choice":"1","floor":10.0,"gold_loss":0.0,"damage_taken":0.0}],"is_beta":false,"boss_relics":[{"not_picked":["hubris:ScarierMask","Runic Dome"],"picked":"StuffTheSpire:RunicConfusion"},{"not_picked":["Empty Cage","Slimebound:AbsorbEndCombatUpgraded"],"picked":"ChewingGum"}],"items_purged_floors":[28,39,39],"is_endless":false,"potions_floor_spawned":[13,14,30,31,33,37,38,44,45],"killed_by":"R_Hoarder","ascension_level":1}}