{"host":"pletss163z7s8pvv","time":1611543870,"event":{"mods":["AchievementEnabler","BaseMod","Better Altar","Better Match","Better Note","Better Sensory Stone","Better Skull","Better Third Choice","BetterRewards","CapriCore","ChefMod","Colored Map","Colored Powertips","Conspire","Energized Spire","Evolution","GifTheSpireLib","Hermit","Ironclad Rager","Marked Mod","Minty Spire (QoL Compilation)","Retaliation","Spicy Shops","StS++","StSLib","The Blue Laboratory","The Cursed","The Disciple","The Forsaken"],"gold_per_floor":[113,131,131,131,131,165,165,192,216,216,233,252,5,105,105,206,206,225,225,243,49,67,67,83,83,109,129,139,139,21,36,36,138,88,101,118,5,1004,1004,1004],"floor_reached":39,"language":"ENG","playtime":1662,"items_purged":[],"score":441,"play_id":"086d4204-094d-4766-9cfb-dc3033856bb7","local_time":"20210124210430","is_ascension_mode":false,"campfire_choices":[{"floor":7.0,"key":"REST"},{"floor":10.0,"key":"REST"},{"floor":15.0,"key":"REST"},{"floor":23,"key":"REST"},{"data":"chefmod:TodaysSpecial","floor":25,"key":"SMITH"},{"floor":32,"key":"REST"}],"circlet_count":0,"master_deck":["chefmod:Strike","chefmod:Strike","chefmod:Strike","chefmod:Strike","chefmod:QuickThaw","chefmod:Defend","chefmod:Defend","chefmod:Defend","chefmod:Defend","chefmod:TodaysSpecial+1","chefmod:DimSum","chefmod:SliceAndDice","chefmod:FireUp","chefmod:Escargot+1","chefmod:FryPan","chefmod:OrderUp+1","chefmod:FireUp+1","theForsaken:SpreadingPlague+1","chefmod:FireUp","chefmod:ColdSteel","chefmod:FiveAlarmChili+1","chefmod:FarmersMarket","chefmod:Strike","chefmod:Omelette","chefmod:FryPan","Normality","Normality"],"relics":["chefmod:TrustyPot","EVO:Axolotl","Centennial Puzzle","Frozen Egg 2","theForsaken:Lifeblossom","Singing Bowl","energizedSpire:DeadBattery","Membership Card","MutagenicStrength","chefmod:CookieJar","energizedSpire:HugeHouse","Juzu Bracelet"],"acts_visited":["Exordium","TheCity","TheBeyond"],"potions_floor_usage":[33,33],"damage_taken":[{"damage":2.0,"enemies":"Small Slimes","floor":1.0,"turns":5.0},{"damage":0.0,"enemies":"2 Louse","floor":2.0,"turns":4.0},{"damage":44.0,"enemies":"Gremlin Nob","floor":6.0,"turns":8.0},{"damage":20.0,"enemies":"Lagavulin","floor":8.0,"turns":10.0},{"damage":0.0,"enemies":"Jaw Worm","floor":11.0,"turns":4.0},{"damage":10.0,"enemies":"Lots of Slimes","floor":12.0,"turns":4.0},{"damage":33.0,"enemies":"The Guardian","floor":16.0,"turns":13.0},{"damage":11,"enemies":"3 Byrds","floor":18,"turns":6},{"damage":1,"enemies":"Shell Parasite","floor":20,"turns":6},{"damage":44,"enemies":"Sentry and Sphere","floor":22,"turns":6},{"damage":12,"enemies":"Centurion and Healer","floor":24,"turns":6},{"damage":4,"enemies":"Snake Plant","floor":27,"turns":4},{"damage":15,"enemies":"Chosen and Byrds","floor":28,"turns":7},{"damage":22,"enemies":"Centurion and Healer","floor":31,"turns":7},{"damage":31,"enemies":"Collector","floor":33,"turns":9},{"damage":47,"enemies":"Orb Walker","floor":35,"turns":6},{"damage":48,"enemies":"3 Shapes","floor":36,"turns":4},{"damage":0,"enemies":"3 Darklings","floor":39,"turns":1}],"seed_played":"8136999389480339186","potions_obtained":[{"floor":2.0,"key":"StSpp:InhibitionPotion"},{"floor":8.0,"key":"StSpp:ScatteredPotion"},{"floor":18,"key":"SteroidPotion"},{"floor":20,"key":"DistilledChaos"},{"floor":31,"key":"LiquidBronze"}],"is_trial":false,"path_per_floor":["M","M","?","?","?","E","R","E","T","R","M","M","$","?","R","B",null,"M","?","M","$","M","R","M","R","T","M","M","?","$","M","R","B",null,"M","M","$","?","M"],"character_chosen":"THE_CHEF","items_purchased":["Singing Bowl","Membership Card","chefmod:FireUp","chefmod:ColdSteel","chefmod:CookieJar","chefmod:FiveAlarmChili+1","Juzu Bracelet","blueLaboratory:FrostheartPotion","chefmod:FryPan"],"campfire_rested":5,"item_purchase_floors":[13,21,21,21,30,30,37,37,37],"current_hp_per_floor":[81,81,81,81,81,37,61,41,41,65,71,67,67,67,83,51,83,73,73,80,80,44,70,66,66,66,70,63,63,63,47,74,51,90,46,6,6,6,6,6],"gold":1004,"neow_bonus":"TEN_PERCENT_HP_BONUS","is_daily":false,"chose_seed":false,"campfire_upgraded":1,"win_rate":0.0,"timestamp":1611543870,"path_taken":["M","M","?","?","?","E","R","E","T","R","M","?","?","?","R","BOSS","M","?","M","$","?","R","M","R","T","M","M","?","?","M","R","BOSS","M","M","$","?","M"],"items_purchased_type":["Relic","Relic","Card","Card","Relic","Card","Relic","Potion","Card"],"build_version":"2020-12-22","purchased_purges":0,"victory":false,"max_hp_per_floor":[83,83,83,83,83,83,83,83,83,83,83,83,83,83,83,83,83,83,83,85,85,87,87,89,89,89,91,93,93,93,93,93,95,90,92,94,94,94,94,94],"card_choices":[{"not_picked":["chefmod:ColdSteel","chefmod:AllYouCanEat"],"picked":"chefmod:DimSum","floor":1.0},{"not_picked":["chefmod:QuickChop","chefmod:DinoKale"],"picked":"chefmod:SliceAndDice","floor":2.0},{"not_picked":["chefmod:DinoKale","chefmod:Chop"],"picked":"chefmod:SearedScallops","floor":6.0},{"not_picked":["chefmod:Omelette","chefmod:Flambe"],"picked":"chefmod:FireUp","floor":8.0},{"not_picked":["chefmod:ColdSteel","chefmod:Leftovers"],"picked":"chefmod:Escargot+1","floor":11.0},{"not_picked":["chefmod:FreshProduce+1","chefmod:PrepCook+1"],"picked":"chefmod:FryPan","floor":12.0},{"not_picked":["chefmod:DeepFreeze","chefmod:DeathByChocolate"],"picked":"chefmod:OrderUp+1","floor":16.0},{"not_picked":["chefmod:NewMenu","chefmod:DinoKale+1"],"picked":"chefmod:FireUp+1","floor":18},{"not_picked":["chefmod:ZaruSoba+1","chefmod:DinoKale","chefmod:SaveForLater"],"picked":"Singing Bowl","floor":20},{"not_picked":["chefmod:BaoBuns","chefmod:IcePick","chefmod:Defrost"],"picked":"Singing Bowl","floor":22},{"not_picked":["chefmod:SaveForLater","chefmod:IceCreamCone","chefmod:Puree"],"picked":"Singing Bowl","floor":24},{"not_picked":["chefmod:Gelato","chefmod:Sorbet","chefmod:IcePick+1"],"picked":"Singing Bowl","floor":27},{"not_picked":["chefmod:NoSoupForYou","chefmod:Granita+1","chefmod:HotSoup"],"picked":"Singing Bowl","floor":28},{"not_picked":["chefmod:ZaruSoba","chefmod:Puree"],"picked":"chefmod:FarmersMarket","floor":31},{"not_picked":["chefmod:PrepCook+1","chefmod:DeepFreeze","chefmod:FullCourseMeal+1"],"picked":"Singing Bowl","floor":33},{"not_picked":["chefmod:Chop+1","chefmod:BaoBuns+1","chefmod:LocoMoco+1"],"picked":"Singing Bowl","floor":35},{"not_picked":["chefmod:BaoBuns+1","chefmod:Fillet+1","chefmod:Flambe"],"picked":"Singing Bowl","floor":36}],"player_experience":445939,"relics_obtained":[{"floor":6.0,"key":"Centennial Puzzle"},{"floor":8.0,"key":"Frozen Egg 2"},{"floor":9.0,"key":"theForsaken:Lifeblossom"}],"event_choices":[{"damage_healed":0.0,"max_hp_gain":0.0,"max_hp_loss":0.0,"gold_gain":0.0,"event_name":"The Cleric","player_choice":"Leave","floor":3.0,"gold_loss":0.0,"damage_taken":0.0},{"damage_healed":0.0,"max_hp_gain":0.0,"max_hp_loss":0.0,"gold_gain":0.0,"event_name":"Golden Wing","player_choice":"Ignored","floor":5.0,"gold_loss":0.0,"damage_taken":0.0},{"damage_healed":0.0,"max_hp_gain":0.0,"max_hp_loss":0.0,"gold_gain":100.0,"event_name":"Wheel of Change","player_choice":"Gold","floor":14.0,"gold_loss":0.0,"damage_taken":0.0},{"cards_removed":["chefmod:Escargot"],"damage_healed":0,"gold_gain":0,"player_choice":"Take \u0026 Give","damage_taken":0,"max_hp_gain":0,"max_hp_loss":0,"event_name":"betterNote:BetterNote","floor":19,"gold_loss":0,"cards_obtained":["theForsaken:SpreadingPlague"]},{"damage_healed":0,"gold_gain":0,"player_choice":"Inject Mutagens","damage_taken":0,"relics_obtained":["MutagenicStrength"],"max_hp_gain":0,"max_hp_loss":0,"event_name":"Drug Dealer","floor":29,"gold_loss":0},{"damage_healed":0,"gold_gain":999,"player_choice":"Gold","damage_taken":0,"max_hp_gain":0,"max_hp_loss":0,"event_name":"MindBloom","floor":38,"gold_loss":0,"cards_obtained":["Normality","Normality"]}],"is_beta":false,"boss_relics":[{"not_picked":["energizedSpire:OgreHead","conspire:RunicOctahedron"],"picked":"energizedSpire:DeadBattery"},{"not_picked":["Coffee Dripper","Busted Crown"],"picked":"energizedSpire:HugeHouse"}],"items_purged_floors":[],"is_endless":false,"potions_floor_spawned":[2,8,18,20,31],"killed_by":"3 Darklings","ascension_level":0}}