{"host":"f0gpob8hq9vgebej","time":1611581738,"event":{"mods":["AchievementEnabler","BaseMod","Minty Spire (QoL Compilation)","Quick Restart","SuperFastMode"],"gold_per_floor":[109,109,125,137,153,153,170,198,198,213,223,234,234,112,112,211,211,224,224,237,255,255,255],"floor_reached":22,"language":"KOR","playtime":518,"items_purged":["Strike_B"],"score":278,"play_id":"9764aaab-740a-443e-83b8-4659714a03cf","local_time":"20210125223538","is_ascension_mode":true,"campfire_choices":[{"data":"Zap","floor":6,"key":"SMITH"},{"floor":15,"key":"REST"}],"circlet_count":0,"master_deck":["Strike_B","Strike_B","Defend_B","Defend_B","Defend_B","Defend_B","Zap+1","Dualcast","Ball Lightning","Capacitor","Static Discharge","Static Discharge+1","Capacitor+1","Cold Snap","Electrodynamics+1","Barrage+1","Glacier+1"],"relics":["Cracked Core","Orichalcum","Frozen Egg 2","Inserter"],"acts_visited":["Exordium","TheCity"],"potions_floor_usage":[10,16,16,16,21,21],"damage_taken":[{"damage":4.0,"enemies":"Jaw Worm","floor":1.0,"turns":4.0},{"damage":3.0,"enemies":"2 Louse","floor":3.0,"turns":3.0},{"damage":0.0,"enemies":"Small Slimes","floor":4.0,"turns":3.0},{"damage":8,"enemies":"Blue Slaver","floor":5,"turns":2},{"damage":7,"enemies":"Looter","floor":7,"turns":4},{"damage":20,"enemies":"Lagavulin","floor":8,"turns":6},{"damage":0,"enemies":"3 Louse","floor":10,"turns":2},{"damage":10,"enemies":"Exordium Wildlife","floor":11,"turns":4},{"damage":14,"enemies":"2 Fungi Beasts","floor":12,"turns":4},{"damage":9,"enemies":"Hexaghost","floor":16,"turns":8},{"damage":6,"enemies":"Spheric Guardian","floor":18,"turns":3},{"damage":29,"enemies":"2 Thieves","floor":20,"turns":3},{"damage":17,"enemies":"Snecko","floor":21,"turns":4},{"damage":20,"enemies":"Centurion and Healer","floor":22,"turns":2}],"seed_played":"-4967494206562369608","potions_obtained":[{"floor":1.0,"key":"Explosive Potion"},{"floor":4.0,"key":"CultistPotion"},{"floor":10,"key":"Strength Potion"},{"floor":12,"key":"Fire Potion"},{"floor":16,"key":"ColorlessPotion"},{"floor":20,"key":"AttackPotion"}],"is_trial":false,"path_per_floor":["M","?","M","M","M","R","M","E","T","M","M","M","?","$","R","B",null,"M","?","M","M","M"],"character_chosen":"DEFECT","items_purchased":["Cold Snap"],"campfire_rested":1,"item_purchase_floors":[14],"current_hp_per_floor":[71,71,68,68,60,60,53,33,33,33,23,9,2,2,26,17,66,60,60,31,14,0,0],"gold":255,"neow_bonus":"TEN_PERCENT_HP_BONUS","is_daily":false,"chose_seed":false,"campfire_upgraded":1,"win_rate":0.0,"timestamp":1611581738,"path_taken":["M","?","M","M","M","R","M","E","T","M","M","M","?","$","R","BOSS","M","?","M","M","M"],"items_purchased_type":["Card"],"build_version":"2020-12-22","purchased_purges":1,"victory":false,"max_hp_per_floor":[82,82,82,82,82,82,82,82,82,82,82,82,82,82,82,82,82,82,82,82,82,82,82],"card_choices":[{"not_picked":["Melter","Redo","Aggregate"],"picked":"SKIP","floor":1.0},{"not_picked":["Aggregate","Leap"],"picked":"Ball Lightning","floor":3.0},{"not_picked":["Static Discharge","Compile Driver"],"picked":"Capacitor","floor":4.0},{"not_picked":["Hello World","Leap","Cold Snap"],"picked":"SKIP","floor":5},{"not_picked":["Coolheaded","Rebound","Hologram"],"picked":"SKIP","floor":7},{"not_picked":["Streamline","Reboot"],"picked":"Static Discharge","floor":8},{"not_picked":["Turbo","Skim"],"picked":"Static Discharge+1","floor":10},{"not_picked":["Cold Snap","Darkness"],"picked":"Capacitor+1","floor":11},{"not_picked":["Compile Driver","Streamline","Go for the Eyes"],"picked":"SKIP","floor":12},{"not_picked":["Amplify","Seek"],"picked":"Electrodynamics+1","floor":16},{"not_picked":["FTL+1","Cold Snap"],"picked":"Barrage+1","floor":18},{"not_picked":["Streamline","Hologram+1"],"picked":"Glacier+1","floor":20},{"not_picked":["FTL","Cold Snap","Reinforced Body"],"picked":"SKIP","floor":21}],"player_experience":245995,"relics_obtained":[{"floor":8,"key":"Orichalcum"},{"floor":9,"key":"Frozen Egg 2"}],"event_choices":[{"damage_healed":0.0,"max_hp_gain":0.0,"max_hp_loss":0.0,"gold_gain":0.0,"event_name":"Golden Idol","player_choice":"Ignored","floor":2.0,"gold_loss":0.0,"damage_taken":0.0},{"cards_removed":["Strike_B"],"damage_healed":0,"gold_gain":0,"player_choice":"Card Removal","damage_taken":7,"max_hp_gain":0,"max_hp_loss":0,"event_name":"Golden Wing","floor":13,"gold_loss":0},{"damage_healed":0,"gold_gain":0,"player_choice":"Ignored","damage_taken":0,"max_hp_gain":0,"max_hp_loss":0,"event_name":"Ghosts","floor":19,"gold_loss":0}],"is_beta":false,"boss_relics":[{"not_picked":["Pandora\u0027s Box","Velvet Choker"],"picked":"Inserter"}],"items_purged_floors":[14],"is_endless":false,"potions_floor_spawned":[1,4,10,12,16,20],"killed_by":"Centurion and Healer","ascension_level":9}}