{"host":"ukx402utdi8v8522","time":1611574379,"event":{"mods":["AchievementEnabler","BaseMod","Colored Map","Downfall","Minty Spire (QoL Compilation)","StSLib"],"gold_per_floor":[99,115,128,147,147,47,47,47,76,91,108,126,151,171,183,278,278,278,294,314,328,328,13,13,41,41,141,160,186,196,196,196,196],"floor_reached":31,"language":"ENG","playtime":1787,"items_purged":["downfall:Bewildered"],"score":404,"play_id":"f5bb9198-2d6f-4a7c-9fff-7a8452c315c9","local_time":"20210125223259","is_ascension_mode":true,"campfire_choices":[{"floor":1,"key":"RECALL"},{"data":"Slimebound:Split","floor":6,"key":"SMITH"},{"data":"Slimebound:SplitSpecialist","floor":8,"key":"SMITH"},{"data":"Slimebound:SlimeBrawl","floor":18,"key":"SMITH"},{"data":"Slimebound:LevelUp","floor":26,"key":"SMITH"}],"circlet_count":0,"master_deck":["Slimebound:Strike_Slimebound","Slimebound:Strike_Slimebound","Slimebound:Strike_Slimebound","Slimebound:Tackle","Slimebound:Defend_Slimebound","Slimebound:Defend_Slimebound","Slimebound:Defend_Slimebound","Slimebound:Defend_Slimebound","Slimebound:Split+1","Slimebound:CorrosiveSpit","Slimebound:GoopSpray","Slimebound:SplitAcid","Slimebound:SplitSpecialist+1","Slimebound:Schlurp","Slimebound:SlimeSpikes","Slimebound:SplitBruiser","Slimebound:SlimeBrawl+1","Slimebound:Repurpose","Slimebound:Repurpose","Slimebound:TagTeam","Slimebound:LivingWall+1","Slimebound:LevelUp+1","Decay","Regret","Writhe","Slimebound:Darklings","bronze:BronzeArmor","Sweeping Beam"],"relics":["Slimebound:AbsorbEndCombat","downfall:HeartBlessingRed","Pear","Bag of Marbles","Mummified Hand","Black Star","sneckomod:BabySnecko","PrismaticShard","Du-Vu Doll","Ice Cream","downfall:ExtraCursedKey","Prayer Wheel","Thread and Needle"],"acts_visited":["Exordium","TheCity"],"potions_floor_usage":[9,16,25,29,29,31],"damage_taken":[{"damage":6,"enemies":"Small Slimes","floor":2,"turns":4},{"damage":0,"enemies":"Cultist","floor":3,"turns":3},{"damage":1,"enemies":"2 Louse","floor":4,"turns":2},{"damage":18,"enemies":"Gremlin Nob","floor":9,"turns":4},{"damage":8,"enemies":"Large Slime","floor":10,"turns":5},{"damage":6,"enemies":"Lots of Slimes","floor":11,"turns":2},{"damage":6,"enemies":"Red Slaver","floor":12,"turns":3},{"damage":26,"enemies":"3 Sentries","floor":13,"turns":6},{"damage":0,"enemies":"2 Fungi Beasts","floor":14,"turns":3},{"damage":0,"enemies":"Blue Slaver","floor":15,"turns":3},{"damage":36,"enemies":"DF_ARCHETYPE_STREAMLINE","floor":16,"turns":14},{"damage":21,"enemies":"3 Byrds","floor":19,"turns":3},{"damage":24,"enemies":"Chosen and Byrds","floor":20,"turns":5},{"damage":9,"enemies":"Shelled Parasite and Fungi","floor":21,"turns":5},{"damage":3,"enemies":"downfall:FleeingMerchant","floor":23,"turns":4},{"damage":0,"enemies":"Gremlin Leader","floor":25,"turns":6},{"damage":28,"enemies":"3 Cultists","floor":28,"turns":4},{"damage":12,"enemies":"Slavers","floor":29,"turns":3},{"damage":5,"enemies":"Chosen and Byrds","floor":30,"turns":3},{"damage":23,"enemies":"Book of Stabbing","floor":31,"turns":3}],"seed_played":"-5572704519829037146","potions_obtained":[{"floor":3,"key":"Guardian:BlockOnCardUsePotion"},{"floor":13,"key":"LiquidBronze"},{"floor":14,"key":"DuplicationPotion"},{"floor":15,"key":"LiquidBronze"},{"floor":19,"key":"hexamod:SoulburnPotion"},{"floor":25,"key":"Strength Potion"},{"floor":28,"key":"LiquidMemories"},{"floor":30,"key":"bronze:BurnAndBuffPotion"}],"is_trial":false,"path_per_floor":["R","M","M","M","?","R","T","R","E","M","M","M","E","M","M","B",null,"R","M","M","M","?","$","T","E","R","?","M","E","M","E"],"character_chosen":"SLIMEBOUND","items_purchased":["Slimebound:LevelUp","PrismaticShard"],"campfire_rested":0,"item_purchase_floors":[23,23],"current_hp_per_floor":[71,69,71,71,71,71,81,81,63,61,55,51,29,31,33,5,81,81,62,42,39,39,42,42,46,46,51,27,21,20,0,0,0],"gold":196,"neow_bonus":"TEN_PERCENT_HP_BONUS","is_daily":false,"chose_seed":false,"campfire_upgraded":4,"win_rate":0.0,"timestamp":1611574379,"path_taken":["R","M","M","M","?","R","T","R","E","?","M","M","E","M","M","BOSS","R","M","M","?","?","$","T","E","R","?","M","E","M","E"],"items_purchased_type":["Card","Relic"],"build_version":"2020-12-22","purchased_purges":1,"victory":false,"max_hp_per_floor":[71,71,71,71,71,71,81,81,81,81,81,81,81,81,81,81,81,81,81,81,81,81,81,81,81,81,86,86,86,86,86,86,86],"card_choices":[{"not_picked":["Slimebound:SlimeSpikes","Slimebound:Schlurp"],"picked":"Slimebound:GoopSpray","floor":2},{"not_picked":["Slimebound:Grow","Slimebound:SamplingLick"],"picked":"Slimebound:SplitAcid","floor":3},{"not_picked":["Slimebound:SplitAcid","Slimebound:GoopSpray"],"picked":"Slimebound:SplitSpecialist","floor":4},{"not_picked":["Slimebound:Prepare","Slimebound:Recollect"],"picked":"Slimebound:Schlurp","floor":9},{"not_picked":["Slimebound:WasteNot","Slimebound:Schlurp"],"picked":"Slimebound:SlimeSpikes","floor":10},{"not_picked":["Slimebound:SlimeSpikes","Slimebound:SplitAcid"],"picked":"Slimebound:SplitBruiser","floor":11},{"not_picked":["Slimebound:SplitAcid","Slimebound:GrowthPunch"],"picked":"Slimebound:SlimeBrawl","floor":12},{"not_picked":["Slimebound:ItLooksTasty","Slimebound:SlimeBarrage"],"picked":"Slimebound:Repurpose","floor":13},{"not_picked":["Slimebound:PrepareCrush","Slimebound:RollThrough","Slimebound:Prepare"],"picked":"SKIP","floor":14},{"not_picked":["Slimebound:RollThrough","Slimebound:ForwardTackle"],"picked":"Slimebound:Repurpose","floor":15},{"not_picked":["Slimebound:DouseInSlime","Slimebound:OozeBath"],"picked":"Slimebound:TagTeam","floor":16},{"not_picked":["Slimebound:ItLooksTasty+1","Slimebound:FinishingTackle","Slimebound:TongueLash"],"picked":"SKIP","floor":19},{"not_picked":["Slimebound:SamplingLick","Slimebound:GoopSpray"],"picked":"Slimebound:LivingWall+1","floor":20},{"not_picked":["Slimebound:SamplingLick","Slimebound:Recollect","Slimebound:SplitMire"],"picked":"SKIP","floor":21},{"not_picked":["Slimebound:RainOfGoop","Slimebound:SplitSpecialist","Slimebound:Recollect"],"picked":"SKIP","floor":23},{"not_picked":["Brilliance","sneckomod:DiceBlock","hexamod:GhostflameBarrier"],"picked":"SKIP","floor":25},{"not_picked":["Poisoned Stab","champ:Circumvent","Blade Dance+1"],"picked":"SKIP","floor":28},{"not_picked":["Guardian:RevengeProtocol","sneckomod:UnknownClassBLUE+1","champ:Backstep"],"picked":"SKIP","floor":29},{"not_picked":["EmptyBody","sneckomod:UnknownCommonSkill+1"],"picked":"bronze:BronzeArmor","floor":30},{"not_picked":["Auto Shields+1","Go for the Eyes"],"picked":"Sweeping Beam","floor":30}],"player_experience":528881,"relics_obtained":[{"floor":7,"key":"Pear"},{"floor":9,"key":"Bag of Marbles"},{"floor":13,"key":"Mummified Hand"},{"floor":25,"key":"Du-Vu Doll"},{"floor":25,"key":"Ice Cream"},{"floor":29,"key":"Prayer Wheel"},{"floor":29,"key":"Thread and Needle"}],"event_choices":[{"damage_healed":0,"gold_gain":0,"player_choice":"Full Heal","damage_taken":0,"max_hp_gain":0,"max_hp_loss":0,"event_name":"Wheel of Change","floor":5,"gold_loss":0}],"is_beta":false,"boss_relics":[{"not_picked":["Runic Pyramid","Slimebound:AbsorbEndCombatUpgraded"],"picked":"Black Star"}],"items_purged_floors":[23],"is_endless":false,"potions_floor_spawned":[3,13,14,15,19,25,28,30],"killed_by":"Book of Stabbing","ascension_level":4}}