{"host":"0bfi5m9qgchoxkt9","time":1611561527,"event":{"mods":["Act Like it!","BaseMod","Minty Spire (QoL Compilation)","Permanent Neow","Quick Restart","StSLib"],"gold_per_floor":[117,117,42,69,69,89,103,103,103,3,3,3,17,70,70,147,147,165,90,90,101,101,127,138,167,190,65,65,95,95,105,105,183,183,194,194,206,221,292,292,325,325,352,352,352,378,397,247,247,261,261,261,261,261,261,86,113,113],"floor_reached":59,"language":"ZHS","playtime":1803,"items_purged":["Dash","Blade Dance","Neutralize","Endless Agony","Survivor"],"score":3590,"play_id":"d70fb7f3-8c6e-4ad0-bf77-5cfc5c56b482","local_time":"20210125155847","is_ascension_mode":true,"campfire_choices":[{"data":"Calculated Gamble","floor":11,"key":"SMITH"},{"data":"Reflex","floor":15,"key":"SMITH"},{"data":"Eviscerate","floor":32,"key":"SMITH"},{"data":"Venomology","floor":40,"key":"SMITH"},{"data":"Tactician","floor":42,"key":"SMITH"},{"data":"Terror","floor":49,"key":"SMITH"},{"floor":51,"key":"RECALL"},{"data":"Backflip","floor":55,"key":"SMITH"}],"circlet_count":0,"master_deck":["AscendersBane","Venomology+1","Expertise+1","Tactician+1","Reflex+1","Calculated Gamble+1","Terror+1","Backflip+1","Eviscerate+1"],"relics":["Pandora\u0027s Box","Toy Ornithopter","SacredBark","Letter Opener","Frozen Egg 2","Centennial Puzzle","WristBlade","Mercury Hourglass","Anchor","Incense Burner","Snake Skull","Oddly Smooth Stone"],"acts_visited":["Exordium","TheCity","TheBeyond","TheEnding"],"potions_floor_usage":[6,13,14,16,18,21,24,25,29,31,31,31,33,33,37,38,39,41,46,47,50,52,53,57,58,58,58],"damage_taken":[{"damage":0.0,"enemies":"2 Louse","floor":1.0,"turns":3.0},{"damage":6,"enemies":"Cultist","floor":6,"turns":3},{"damage":2,"enemies":"Small Slimes","floor":7,"turns":3},{"damage":3,"enemies":"Looter","floor":13,"turns":2},{"damage":7,"enemies":"Large Slime","floor":14,"turns":5},{"damage":0,"enemies":"Hexaghost","floor":16,"turns":2},{"damage":0,"enemies":"3 Byrds","floor":18,"turns":2},{"damage":6,"enemies":"2 Thieves","floor":21,"turns":3},{"damage":0,"enemies":"Book of Stabbing","floor":23,"turns":2},{"damage":6,"enemies":"Shelled Parasite and Fungi","floor":24,"turns":2},{"damage":0,"enemies":"Slavers","floor":25,"turns":1},{"damage":0,"enemies":"Gremlin Leader","floor":29,"turns":1},{"damage":0,"enemies":"Snecko","floor":31,"turns":4},{"damage":6,"enemies":"Champ","floor":33,"turns":2},{"damage":0,"enemies":"3 Darklings","floor":35,"turns":1},{"damage":11,"enemies":"Orb Walker","floor":37,"turns":2},{"damage":0,"enemies":"Jaw Worm Horde","floor":38,"turns":1},{"damage":0,"enemies":"Sphere and 2 Shapes","floor":39,"turns":1},{"damage":0,"enemies":"Nemesis","floor":41,"turns":1},{"damage":0,"enemies":"Reptomancer","floor":46,"turns":1},{"damage":0,"enemies":"4 Shapes","floor":47,"turns":1},{"damage":0,"enemies":"Transient","floor":50,"turns":2},{"damage":0,"enemies":"Donu and Deca","floor":52,"turns":1},{"damage":0,"enemies":"Time Eater","floor":53,"turns":2},{"damage":0,"enemies":"Shield and Spear","floor":57,"turns":1},{"damage":7,"enemies":"The Heart","floor":58,"turns":5}],"seed_played":"596367361675823211","potions_obtained":[{"floor":1.0,"key":"ColorlessPotion"},{"floor":16,"key":"SteroidPotion"},{"floor":37,"key":"Block Potion"}],"is_trial":false,"path_per_floor":["M","?","$","T","?","M","M","?","T","$","R","?","M","M","R","B",null,"M","?","?","M","?","E","M","E","T","$","?","E","?","M","R","B",null,"M","?","M","M","M","R","E","R","T","T","?","E","M","$","R","M","R","B","B",null,"R","$","E","B",null],"character_chosen":"THE_SILENT","items_purchased":[],"campfire_rested":0,"item_purchase_floors":[],"current_hp_per_floor":[59,59,59,59,59,58,56,61,61,61,61,61,63,61,61,66,70,71,71,71,65,65,65,64,69,69,69,69,71,71,71,71,70,71,71,67,61,66,67,67,67,67,67,67,57,62,67,67,67,67,67,67,67,67,67,67,67,60],"gold":113,"neow_bonus":"BOSS_RELIC","is_daily":false,"chose_seed":false,"campfire_upgraded":7,"win_rate":0.0,"timestamp":1611561527,"path_taken":["M","?","$","?","?","M","M","?","T","?","R","?","M","?","R","BOSS","M","?","?","M","?","E","M","E","T","$","?","E","?","M","R","BOSS","M","?","M","M","M","R","E","R","T","T","?","E","M","$","R","M","R","BOSS","BOSS","R","$","E","BOSS"],"items_purchased_type":[],"build_version":"2020-12-22","purchased_purges":5,"victory":true,"max_hp_per_floor":[66,66,66,66,66,66,66,71,71,71,71,71,71,71,71,71,71,71,71,71,71,71,71,71,71,71,71,71,71,71,71,71,71,71,71,67,67,67,67,67,67,67,67,67,67,67,67,67,67,67,67,67,67,67,67,67,67,67],"card_choices":[{"not_picked":["Deadly Poison","Dodge and Roll"],"picked":"Calculated Gamble","floor":1.0},{"not_picked":["Masterful Stab","Dagger Spray","Blade Dance"],"picked":"SKIP","floor":6},{"not_picked":["Quick Slash","Dagger Spray"],"picked":"Backflip","floor":7},{"not_picked":["Flying Knee","Predator","Deflect"],"picked":"SKIP","floor":13},{"not_picked":["Cloak And Dagger","Deflect","Night Terror"],"picked":"SKIP","floor":14},{"not_picked":["Slice","Backflip","Catalyst"],"picked":"SKIP","floor":18},{"not_picked":["Backstab","Dagger Throw","Accuracy"],"picked":"SKIP","floor":21},{"not_picked":["Sucker Punch","Prepared","Bane"],"picked":"SKIP","floor":23},{"not_picked":["Prepared","Leg Sweep","Poisoned Stab"],"picked":"SKIP","floor":24},{"not_picked":["Catalyst+1","PiercingWail","Bane"],"picked":"SKIP","floor":25},{"not_picked":["Caltrops+1","Heel Hook","All Out Attack"],"picked":"SKIP","floor":29},{"not_picked":["Cloak And Dagger+1","Dodge and Roll","Heel Hook"],"picked":"SKIP","floor":31},{"not_picked":["Dagger Throw","Terror","Slice"],"picked":"SKIP","floor":35},{"not_picked":["Tactician+1","Backflip","Endless Agony"],"picked":"SKIP","floor":37},{"not_picked":["Expertise","Footwork+1","Quick Slash"],"picked":"SKIP","floor":38},{"not_picked":["Prepared","Dagger Spray","Poisoned Stab"],"picked":"SKIP","floor":39},{"not_picked":["Deflect+1","Dagger Spray","Die Die Die"],"picked":"SKIP","floor":41},{"not_picked":["Dagger Throw+1","Riddle With Holes","Sucker Punch"],"picked":"SKIP","floor":46},{"not_picked":["Expertise","Backflip","Eviscerate"],"picked":"SKIP","floor":47},{"not_picked":["Blur+1","Blade Dance+1","Terror"],"picked":"SKIP","floor":50},{"not_picked":["Escape Plan","Tactician","Slice"],"picked":"SKIP","floor":57}],"player_experience":969107,"relics_obtained":[{"floor":4.0,"key":"Toy Ornithopter"},{"floor":23,"key":"Letter Opener"},{"floor":25,"key":"Frozen Egg 2"},{"floor":26,"key":"Centennial Puzzle"},{"floor":41,"key":"Mercury Hourglass"},{"floor":43,"key":"Anchor"},{"floor":44,"key":"Incense Burner"},{"floor":46,"key":"Snake Skull"},{"floor":57,"key":"Oddly Smooth Stone"}],"event_choices":[{"damage_healed":0.0,"max_hp_gain":0.0,"max_hp_loss":0.0,"gold_gain":0.0,"cards_transformed":["Expertise"],"event_name":"Transmorgrifier","player_choice":"Transformed","floor":2.0,"gold_loss":0.0,"damage_taken":0.0,"cards_obtained":["Terror"]},{"damage_healed":0,"gold_gain":0,"player_choice":"Fled","damage_taken":0,"max_hp_gain":0,"max_hp_loss":0,"event_name":"Scrap Ooze","floor":5,"gold_loss":0},{"damage_healed":0,"gold_gain":0,"player_choice":"Donut","damage_taken":0,"max_hp_gain":5,"max_hp_loss":0,"event_name":"Big Fish","floor":8,"gold_loss":0},{"damage_healed":0,"gold_gain":0,"player_choice":"Forge","damage_taken":0,"max_hp_gain":0,"max_hp_loss":0,"event_name":"Accursed Blacksmith","floor":12,"gold_loss":0,"cards_upgraded":["Expertise"]},{"cards_removed":["Envenom"],"damage_healed":0,"gold_gain":0,"player_choice":"Gave Gold","damage_taken":0,"max_hp_gain":0,"max_hp_loss":0,"event_name":"Beggar","floor":19,"gold_loss":75},{"damage_healed":0,"gold_gain":0,"player_choice":"Read","damage_taken":0,"max_hp_gain":0,"max_hp_loss":0,"event_name":"The Library","floor":20,"gold_loss":0,"cards_obtained":["Eviscerate"]},{"damage_healed":0,"gold_gain":0,"player_choice":"Ignored","damage_taken":0,"max_hp_gain":0,"max_hp_loss":0,"event_name":"Ghosts","floor":22,"gold_loss":0},{"cards_removed":["Infinite Blades"],"damage_healed":0,"gold_gain":0,"player_choice":"Elegance","damage_taken":0,"max_hp_gain":0,"max_hp_loss":0,"event_name":"Back to Basics","floor":28,"gold_loss":0},{"damage_healed":0,"gold_gain":0,"player_choice":"Ignored","damage_taken":0,"max_hp_gain":0,"max_hp_loss":0,"event_name":"The Mausoleum","floor":30,"gold_loss":0},{"damage_healed":0,"gold_gain":0,"player_choice":"Max HP","damage_taken":0,"max_hp_gain":0,"max_hp_loss":4,"event_name":"Winding Halls","floor":36,"gold_loss":0},{"damage_healed":0,"gold_gain":0,"player_choice":"Memory 3","damage_taken":10,"max_hp_gain":0,"max_hp_loss":0,"event_name":"SensoryStone","floor":45,"gold_loss":0}],"is_beta":false,"boss_relics":[{"not_picked":["Calling Bell","Fusion Hammer"],"picked":"SacredBark"},{"not_picked":["HoveringKite","Runic Dome"],"picked":"WristBlade"}],"items_purged_floors":[3,10,27,48,56],"is_endless":false,"potions_floor_spawned":[1,16,23,24,25,29,37,38,46,47],"ascension_level":20}}