{"host":"9kesdg97wkrx2bva","time":1611611101,"event":{"mods":["AchievementEnabler","BaseMod","Colored Map","GifTheSpireLib","Infinite Spire","Minty Spire (QoL Compilation)","Replay The Spire","StSLib"],"gold_per_floor":[114,131,131,142,162,162,162,187,187,187,197,2,2,28,28,116,416,446,371,371,394,394,436,436,476,528,228,228,228,247,265,358,444,444,472,506,531,558,579,593,593],"floor_reached":40,"language":"ENG","playtime":1496,"items_purged":["Accuracy","Languid","Injury"],"score":885,"play_id":"74bd94e6-cff8-4bc6-b60d-9d36df8d4bd5","local_time":"20210125154501","is_ascension_mode":true,"campfire_choices":[{"data":"ReplayTheSpireMod:Speed Training","floor":6.0,"key":"SMITH"},{"data":"Survivor","floor":10,"key":"SMITH"},{"data":"infinitespire:Neurotoxin","floor":13,"key":"SMITH"},{"data":"Neutralize","floor":15,"key":"SMITH"},{"floor":24,"key":"REST"},{"floor":28,"key":"REST"}],"circlet_count":0,"master_deck":["AscendersBane","Strike_G","Strike_G","Strike_G","Strike_G","Defend_G","Defend_G","Defend_G","Defend_G","Defend_G","Survivor+1","Neutralize+1","ReplayTheSpireMod:Speed Training+1","Deflect","Bane","Underhanded Strike+1","infinitespire:Neurotoxin+1","Poisoned Stab","Atom Bomb","Underhanded Strike","Deadly Poison","infinitespire:NeuralNetwork","Quick Slash+1","Footwork","Replay:Poison Smokescreen","Terror","infinitespire:Neurotoxin","Bullet Time"],"relics":["Ring of the Snake","NeowsBlessing","infinitespire:PuzzleCube","ReplayTheSpireMod:Shallot","Membership Card","Replay:Bandana","Replay:Ancient Bell","Replay:Baseball","Question Card","Old Coin","Pen Nib","infinitespire:EmpoweringShard","Pen Nib","ReplayFunnel","MealTicket","Velvet Choker"],"acts_visited":["Exordium","TheCity","TheBeyond"],"potions_floor_usage":[14,16,23,25,33,33,39,40],"damage_taken":[{"damage":0.0,"enemies":"Cultist","floor":1.0,"turns":1.0},{"damage":0.0,"enemies":"Small Slimes","floor":2.0,"turns":2.0},{"damage":0.0,"enemies":"2 Louse","floor":4.0,"turns":1.0},{"damage":10.0,"enemies":"Exordium Wildlife","floor":5.0,"turns":10.0},{"damage":6,"enemies":"Exordium Thugs","floor":11,"turns":5},{"damage":6,"enemies":"3 Sentries","floor":14,"turns":9},{"damage":32,"enemies":"Fading Forest","floor":16,"turns":11},{"damage":20,"enemies":"2 Thieves","floor":18,"turns":3},{"damage":4,"enemies":"Chosen","floor":21,"turns":2},{"damage":23,"enemies":"Book of Stabbing","floor":23,"turns":4},{"damage":0,"enemies":"Replay:Snechameleon","floor":25,"turns":3},{"damage":6,"enemies":"Centurion and Healer","floor":30,"turns":5},{"damage":0,"enemies":"Shelled Parasite and Fungi","floor":31,"turns":1},{"damage":36,"enemies":"Automaton","floor":33,"turns":9},{"damage":0,"enemies":"Orb Walker","floor":35,"turns":2},{"damage":17,"enemies":"3 Darklings","floor":36,"turns":3},{"damage":0,"enemies":"Transient","floor":37,"turns":5},{"damage":9,"enemies":"Spire Growth","floor":38,"turns":3},{"damage":7,"enemies":"Writhing Mass","floor":39,"turns":3},{"damage":28,"enemies":"Giant Head","floor":40,"turns":5}],"seed_played":"2145116938285830941","potions_obtained":[{"floor":1.0,"key":"Elixir"},{"floor":4.0,"key":"Energy Potion"},{"floor":11,"key":"LiquidMemories"},{"floor":21,"key":"SteroidPotion"},{"floor":23,"key":"Adrenaline Potion"},{"floor":33,"key":"Swift Potion"},{"floor":35,"key":"Dexterity Potion"}],"is_trial":false,"path_per_floor":["M","M","?","M","M","R","?","T","T","R","M","$","R","E","R","B",null,"M","?","?","M","AVR","E","R","E","T","$","R","?","M","M","R_BF","B",null,"M","M","M","M","M","E"],"character_chosen":"THE_SILENT","items_purchased":["Membership Card","Footwork","GhostInAJar","MealTicket","Replay:Poison Smokescreen","Fire Potion"],"campfire_rested":2,"item_purchase_floors":[12,27,27,27,27,27],"current_hp_per_floor":[59,59,59,59,49,49,49,49,49,49,43,43,43,37,37,9,52,32,32,32,28,28,5,24,24,24,24,43,56,50,50,50,14,53,53,36,36,27,20,0,0],"gold":593,"neow_bonus":"THREE_ENEMY_KILL","is_daily":false,"chose_seed":false,"campfire_upgraded":4,"win_rate":0.0,"timestamp":1611611101,"path_taken":["M","?","?","M","?","R","?","?","T","R","?","$","R","E","R","BOSS","M","?","?","M","AVR","E","R","E","T","$","R","?","M","M","R_BF","BOSS","M","M","M","M","M","E"],"items_purchased_type":["Relic","Card","Potion","Relic","Card","Potion"],"build_version":"2020-12-22","purchased_purges":3,"victory":false,"max_hp_per_floor":[66,66,66,66,66,66,66,66,66,66,66,66,66,66,66,66,66,66,66,66,66,66,66,66,66,66,66,66,66,66,66,66,66,66,66,66,66,66,66,66,66],"card_choices":[{"not_picked":["Bouncing Flask","Well Laid Plans"],"picked":"ReplayTheSpireMod:Speed Training","floor":1.0},{"not_picked":["Backflip","Acrobatics"],"picked":"Bane","floor":2.0},{"not_picked":["ReplayTheSpireMod:Exploit Weakness","Dagger Throw"],"picked":"Deflect","floor":4.0},{"not_picked":["Backstab","Escape Plan"],"picked":"Bane","floor":5.0},{"not_picked":["Endless Agony","Deflect"],"picked":"infinitespire:Neurotoxin","floor":11},{"not_picked":["Prepared","Skewer"],"picked":"Poisoned Stab","floor":14},{"not_picked":["Night Terror","ReplayTheSpireMod:Necrosis"],"picked":"Atom Bomb","floor":16},{"not_picked":["ReplayTheSpireMod:Doomed","AbeCurse","Regret"],"picked":"Languid","floor":17},{"not_picked":["Doubt","Overencumbered","Pain"],"picked":"Decay","floor":17},{"not_picked":["infinitespire:Pacifist","Doubt","Spreading Infection"],"picked":"Injury","floor":17},{"not_picked":["Quick Slash","Slice","Blur"],"picked":"Underhanded Strike","floor":18},{"not_picked":["ReplayTheSpireMod:The Works","Riddle With Holes","Quick Slash"],"picked":"Deadly Poison","floor":21},{"not_picked":["Sucker Punch","Flying Knee","Bane"],"picked":"Quick Slash+1","floor":23},{"not_picked":["ReplayTheSpireMod:From All Sides","Flying Knee","Dagger Spray","Sucker Punch+1"],"picked":"SKIP","floor":25},{"not_picked":["Blade Dance","Quick Slash","Finisher+1","Cloak And Dagger"],"picked":"SKIP","floor":30},{"not_picked":["Endless Agony","Acrobatics","Accuracy"],"picked":"Terror","floor":31},{"not_picked":["Die Die Die","Corpse Explosion","Glass Knife"],"picked":"infinitespire:Neurotoxin","floor":33},{"not_picked":["ReplayTheSpireMod:Shiv Toss+1","Poisoned Stab","Flying Knee","Heel Hook+1"],"picked":"SKIP","floor":35},{"not_picked":["Deadly Poison","Predator","Outmaneuver","Setup"],"picked":"SKIP","floor":36},{"not_picked":["Slice","Quick Slash","Sucker Punch+1","ReplayTheSpireMod:Exploit Weakness+1"],"picked":"SKIP","floor":37},{"not_picked":["Outmaneuver+1","Caltrops","Choke","Dagger Spray"],"picked":"SKIP","floor":38},{"not_picked":["Slice","Acrobatics","Sucker Punch+1"],"picked":"Bullet Time","floor":39}],"player_experience":966191,"relics_obtained":[{"floor":8,"key":"infinitespire:PuzzleCube"},{"floor":9,"key":"ReplayTheSpireMod:Shallot"},{"floor":14,"key":"Replay:Bandana"},{"floor":23,"key":"infinitespire:EmpoweringShard"},{"floor":25,"key":"Pen Nib"},{"floor":26,"key":"ReplayFunnel"}],"event_choices":[{"damage_healed":0.0,"max_hp_gain":0.0,"max_hp_loss":0.0,"gold_gain":0.0,"cards_transformed":["Strike_G"],"event_name":"Transmorgrifier","player_choice":"Transformed","floor":3.0,"gold_loss":0.0,"damage_taken":0.0,"cards_obtained":["Accuracy"]},{"cards_removed":["Decay"],"damage_healed":0,"gold_gain":0,"player_choice":"Gave Gold","damage_taken":0,"max_hp_gain":0,"max_hp_loss":0,"event_name":"Beggar","floor":19,"gold_loss":75},{"damage_healed":13,"gold_gain":0,"player_choice":"Heal","damage_taken":0,"max_hp_gain":0,"max_hp_loss":0,"event_name":"The Library","floor":29,"gold_loss":0}],"is_beta":false,"boss_relics":[{"not_picked":["Runic Dome","Honey Jar"],"picked":"Replay:Ancient Bell"},{"not_picked":["Orichalcum","Simple Rune"],"picked":"Replay:Baseball"},{"not_picked":["Gremlin Horn","Garlic"],"picked":"Question Card"},{"not_picked":["Tough Bandages","Unceasing Top"],"picked":"Old Coin"},{"not_picked":["Cursed Key","Sozu"],"picked":"Velvet Choker"}],"items_purged_floors":[12,22,27],"is_endless":false,"potions_floor_spawned":[1,4,11,21,23,31,33,35,38],"killed_by":"Giant Head","ascension_level":16}}