{"host":"oi6p1guiqfwwvxym","time":1611604315,"event":{"mods":["BaseMod","Bestiary","Colored Map","Minty Spire (QoL Compilation)","Relic Stats"],"gold_per_floor":[116,136,156,172,172,198,198,215,215,247,305,6,6,21,21,21,21],"floor_reached":16,"language":"ENG","playtime":843,"items_purged":["Strike_R"],"score":218,"play_id":"afeadf31-5b96-4f2e-b5fd-e1f91eb23025","local_time":"20210125115155","is_ascension_mode":true,"campfire_choices":[{"data":"Immolate","floor":7,"key":"SMITH"},{"floor":15,"key":"REST"}],"circlet_count":0,"master_deck":["AscendersBane","Strike_R","Strike_R","Defend_R","Defend_R","Defend_R","Defend_R","Bash","Immolate+1","Whirlwind","Clothesline","True Grit","Burning Pact","Disarm","Limit Break","Armaments","Rampage","Thunderclap","Rage"],"relics":["Burning Blood","TungstenRod","Prayer Wheel","Darkstone Periapt"],"acts_visited":["Exordium"],"potions_floor_usage":[6,11,16,16],"damage_taken":[{"damage":1,"enemies":"Cultist","floor":1,"turns":3},{"damage":9,"enemies":"2 Louse","floor":2,"turns":2},{"damage":4,"enemies":"Small Slimes","floor":3,"turns":3},{"damage":1,"enemies":"2 Fungi Beasts","floor":4,"turns":2},{"damage":28,"enemies":"3 Sentries","floor":6,"turns":5},{"damage":4,"enemies":"Red Slaver","floor":8,"turns":3},{"damage":17,"enemies":"Gremlin Nob","floor":10,"turns":4},{"damage":17,"enemies":"Gremlin Nob","floor":11,"turns":4},{"damage":6,"enemies":"Large Slime","floor":14,"turns":5},{"damage":43,"enemies":"The Guardian","floor":16,"turns":13}],"seed_played":"-5091022214265285061","potions_obtained":[{"floor":1,"key":"Explosive Potion"},{"floor":8,"key":"EssenceOfSteel"},{"floor":11,"key":"SkillPotion"}],"is_trial":false,"path_per_floor":["M","M","M","M","?","E","R","M","T","E","?","$","?","M","R","B"],"character_chosen":"IRONCLAD","items_purchased":["LiquidMemories","Armaments","Rampage"],"campfire_rested":1,"item_purchase_floors":[12,12,12],"current_hp_per_floor":[68,65,67,68,61,39,39,41,41,30,19,19,19,19,39,0,0],"gold":21,"neow_bonus":"THREE_RARE_CARDS","is_daily":false,"chose_seed":false,"campfire_upgraded":1,"win_rate":0.0,"timestamp":1611604315,"path_taken":["M","?","M","M","?","E","R","M","T","E","?","$","?","?","R","BOSS"],"items_purchased_type":["Potion","Card","Card"],"build_version":"2020-12-22","purchased_purges":1,"victory":false,"max_hp_per_floor":[68,68,68,68,68,68,68,68,68,68,68,68,68,68,68,68,68],"relic_stats":{"Darkstone Periapt":0,"counters":[10,44],"Prayer Wheel":1,"obtain_stats":[{"Darkstone Periapt":11,"Prayer Wheel":10,"Burning Blood":0,"TungstenRod":6},{"Darkstone Periapt":8,"Prayer Wheel":7,"Burning Blood":0,"TungstenRod":5},{"Darkstone Periapt":26,"Prayer Wheel":22,"Burning Blood":0,"TungstenRod":15}],"Burning Blood":45,"TungstenRod":13},"card_choices":[{"not_picked":["Juggernaut","Brutality"],"picked":"Immolate","floor":0},{"not_picked":["Dual Wield","Clash"],"picked":"Whirlwind","floor":1},{"not_picked":["Wild Strike","Iron Wave","Seeing Red"],"picked":"SKIP","floor":2},{"not_picked":["Perfected Strike","Wild Strike"],"picked":"Clothesline","floor":3},{"not_picked":["Twin Strike","Iron Wave"],"picked":"True Grit","floor":4},{"not_picked":["Heavy Blade","Twin Strike"],"picked":"Burning Pact","floor":6},{"not_picked":["Barricade","Body Slam"],"picked":"Disarm","floor":8},{"not_picked":["Twin Strike","Clothesline"],"picked":"Limit Break","floor":10},{"not_picked":["Dropkick","Clothesline"],"picked":"Thunderclap","floor":14},{"not_picked":["Clothesline","Havoc"],"picked":"Rage","floor":14}],"player_experience":391868,"relics_obtained":[{"floor":6,"key":"TungstenRod"},{"floor":10,"key":"Prayer Wheel"},{"floor":11,"key":"Darkstone Periapt"}],"event_choices":[{"cards_removed":["Strike_R"],"damage_healed":0,"gold_gain":0,"player_choice":"Card Removal","damage_taken":7,"max_hp_gain":0,"max_hp_loss":0,"event_name":"Golden Wing","floor":5,"gold_loss":0},{"damage_healed":0,"gold_gain":0,"player_choice":"Searched \u00271\u0027 times","damage_taken":0,"max_hp_gain":0,"max_hp_loss":0,"event_name":"Dead Adventurer","floor":11,"gold_loss":0},{"cards_removed":["Strike_R"],"damage_healed":0,"gold_gain":0,"player_choice":"Offered Basic","damage_taken":0,"max_hp_gain":0,"max_hp_loss":0,"event_name":"Bonfire Elementals","floor":13,"gold_loss":0}],"is_beta":false,"boss_relics":[],"items_purged_floors":[12],"is_endless":false,"potions_floor_spawned":[1,8,11],"killed_by":"The Guardian","ascension_level":19}}