{"host":"om3vwxs2fz5vu4gd","time":1611550397,"event":{"mods":["BaseMod","Downfall","Minty Spire (QoL Compilation)","Robot Space Explorer","StSLib"],"gold_per_floor":[99,109,125,125,125,151,151,171,46,75,75,75,85,112,122,122,122,122],"floor_reached":16,"language":"ENG","playtime":984,"items_purged":["downfall:Bewildered"],"score":152,"play_id":"5fd6092c-9ec3-4403-979b-ca5539ae10e7","local_time":"20210125155317","is_ascension_mode":true,"campfire_choices":[{"data":"bronze:Replicate","floor":1.0,"key":"SMITH"},{"data":"bronze:Repulsor","floor":11.0,"key":"SMITH"}],"circlet_count":0,"master_deck":["bronze:Strike","bronze:Strike","bronze:Strike","bronze:Strike","bronze:Defend","bronze:Defend","bronze:Defend","bronze:Defend","bronze:Replicate+1","bronze:Goto","Enlightenment+1","bronze:MaxOutput+1","bronze:FindAndReplace","bronze:DigitalCarnage","bronze:Repulsor+1","bronze:BuggyMess","bronze:Frontload","bronze:Constructor"],"relics":["bronze:BronzeCore","Gremlin Horn","Darkstone Periapt","Eternal Feather","Bag of Preparation","Pear"],"acts_visited":["Exordium"],"potions_floor_usage":[],"damage_taken":[{"damage":2.0,"enemies":"Small Slimes","floor":2.0,"turns":5.0},{"damage":1.0,"enemies":"Cultist","floor":3.0,"turns":4.0},{"damage":28.0,"enemies":"Gremlin Nob","floor":6.0,"turns":5.0},{"damage":7.0,"enemies":"2 Louse","floor":8.0,"turns":4.0},{"damage":0.0,"enemies":"downfall:FleeingMerchant","floor":9.0,"turns":4.0},{"damage":0.0,"enemies":"3 Sentries","floor":10.0,"turns":3.0},{"damage":2.0,"enemies":"Blue Slaver","floor":13.0,"turns":3.0},{"damage":18.0,"enemies":"Lagavulin","floor":14.0,"turns":4.0},{"damage":8,"enemies":"2 Fungi Beasts","floor":15,"turns":3},{"damage":41,"enemies":"WA_ARCHETYPE_RETAIN","floor":16,"turns":10}],"seed_played":"-2656794038164007360","potions_obtained":[{"floor":8.0,"key":"bronze:BuildAFunctionPotion"},{"floor":13.0,"key":"Strength Potion"},{"floor":15,"key":"bronze:BurnAndBuffPotion"}],"is_trial":false,"path_per_floor":["R","M","M","?","?","E","T","M","$","E","R","?","M","E","M","B"],"character_chosen":"THE_AUTOMATON","items_purchased":["bronze:Repulsor"],"campfire_rested":0,"item_purchase_floors":[9],"current_hp_per_floor":[70,68,67,67,67,39,39,32,32,32,41,34,32,24,16,0,0,0],"gold":122,"neow_bonus":"RANDOM_COLORLESS","is_daily":false,"chose_seed":false,"campfire_upgraded":2,"win_rate":0.0,"timestamp":1611550397,"path_taken":["R","M","M","?","?","E","T","?","?","E","R","?","M","E","M","BOSS"],"items_purchased_type":["Card"],"build_version":"2020-12-22","purchased_purges":1,"victory":false,"max_hp_per_floor":[70,70,70,70,70,70,70,70,70,70,70,70,70,80,80,80,80,80],"card_choices":[{"not_picked":["Deep Breath","Purity"],"picked":"Enlightenment","floor":0.0},{"not_picked":["bronze:FineTuning","bronze:Philosophize"],"picked":"bronze:MaxOutput","floor":2.0},{"not_picked":["bronze:ForLoop","bronze:Overload","bronze:Frontload"],"picked":"SKIP","floor":3.0},{"not_picked":["bronze:BugBarrage","bronze:Branch"],"picked":"bronze:FindAndReplace","floor":6.0},{"not_picked":["bronze:ItsAFeature","bronze:CutThrough"],"picked":"bronze:DigitalCarnage","floor":8.0},{"not_picked":["bronze:Overload","bronze:Repair","bronze:GetLatest"],"picked":"SKIP","floor":9.0},{"not_picked":["bronze:Separator","bronze:DelayedGuard"],"picked":"bronze:BuggyMess","floor":10.0},{"not_picked":["bronze:ItsAFeature","bronze:WildBeam","bronze:Invalidate"],"picked":"SKIP","floor":13.0},{"not_picked":["bronze:Deprecate","bronze:FollowUp"],"picked":"bronze:Frontload","floor":14.0},{"not_picked":["bronze:DigitalCarnage","bronze:Branch"],"picked":"bronze:Constructor","floor":15}],"player_experience":430943,"relics_obtained":[{"floor":6.0,"key":"Gremlin Horn"},{"floor":7.0,"key":"Darkstone Periapt"},{"floor":10.0,"key":"Eternal Feather"},{"floor":14.0,"key":"Pear"}],"event_choices":[{"damage_healed":0.0,"max_hp_gain":0.0,"max_hp_loss":0.0,"gold_gain":0.0,"event_name":"Scrap Ooze","player_choice":"Success","floor":12.0,"gold_loss":0.0,"damage_taken":7.0,"relics_obtained":["Bag of Preparation"]}],"is_beta":false,"boss_relics":[],"items_purged_floors":[9],"is_endless":false,"potions_floor_spawned":[8,13,15],"killed_by":"WA_ARCHETYPE_RETAIN","ascension_level":1}}