{"host":"2hea6pl5vmah38iy","time":1611572218,"event":{"mods":["AchievementEnabler","BaseMod","Colored Map","DeckTracker","Keyboard Shortcuts","Minty Spire (QoL Compilation)","Rare Cards Sparkle","StSLib","SuperFastMode","everything is the same but u backflip on backflip"],"gold_per_floor":[369,383,61,61,80,80,97,97,97,97,97,97,120,143,143,236,236,252,272,172,87,87,87,111,124,124,155,171,192,205,224,224,313,313,326,340,673,548,548,581,111,111,111,128,128,147,147,147],"floor_reached":47,"language":"KOR","playtime":6308,"items_purged":["Strike_B","Defend_B","Strike_B","Strike_B"],"score":896,"play_id":"5e55266d-7db3-49a2-ba68-5262295d8202","local_time":"20210125195658","is_ascension_mode":true,"campfire_choices":[{"data":"Sunder","floor":6.0,"key":"SMITH"},{"floor":8.0,"key":"REST"},{"floor":15.0,"key":"REST"},{"data":"Chaos","floor":23.0,"key":"SMITH"},{"floor":32.0,"key":"REST"},{"data":"Consume","floor":42,"key":"SMITH"},{"floor":45,"key":"REST"}],"circlet_count":0,"master_deck":["AscendersBane","Defend_B","Defend_B","Zap","Dualcast","Chaos+1","Turbo","Genetic Algorithm","Sunder+1","Glacier","Defragment","Reinforced Body","Seek","Hologram+1","Ball Lightning+1","Biased Cognition","Skim","Redo+1","Compile Driver+1","Consume+1","FTL+1","Loop","Seek","Turbo","Compile Driver+1","Chaos+1","Self Repair","Darkness+1","Undo","Darkness+1"],"relics":["FrozenCore","Lantern","Inserter","Torii","Nloth\u0027s Gift","Thread and Needle","Prayer Wheel","Whetstone","DataDisk","DollysMirror"],"acts_visited":["TheCity","TheBeyond"],"potions_floor_usage":[40,40,44],"damage_taken":[{"damage":14.0,"enemies":"Small Slimes","floor":1.0,"turns":3.0},{"damage":12.0,"enemies":"Cultist","floor":2.0,"turns":4.0},{"damage":5.0,"enemies":"2 Louse","floor":5.0,"turns":4.0},{"damage":0.0,"enemies":"Large Slime","floor":7.0,"turns":4.0},{"damage":16.0,"enemies":"2 Fungi Beasts","floor":13.0,"turns":3.0},{"damage":1.0,"enemies":"Exordium Thugs","floor":14.0,"turns":4.0},{"damage":17.0,"enemies":"Hexaghost","floor":16.0,"turns":12.0},{"damage":1.0,"enemies":"Chosen","floor":18.0,"turns":5.0},{"damage":5.0,"enemies":"Shell Parasite","floor":19.0,"turns":8.0},{"damage":12.0,"enemies":"Snecko","floor":24.0,"turns":5.0},{"damage":0.0,"enemies":"Centurion and Healer","floor":25.0,"turns":9.0},{"damage":1.0,"enemies":"Gremlin Leader","floor":27.0,"turns":10.0},{"damage":1.0,"enemies":"3 Cultists","floor":28.0,"turns":5.0},{"damage":27.0,"enemies":"Cultist and Chosen","floor":29.0,"turns":6.0},{"damage":0.0,"enemies":"Sentry and Sphere","floor":30.0,"turns":5.0},{"damage":13.0,"enemies":"Snecko","floor":31.0,"turns":5.0},{"damage":1.0,"enemies":"Automaton","floor":33.0,"turns":9.0},{"damage":10,"enemies":"Orb Walker","floor":35,"turns":4},{"damage":0,"enemies":"3 Shapes","floor":36,"turns":5},{"damage":29,"enemies":"Nemesis","floor":40,"turns":13},{"damage":1,"enemies":"Spire Growth","floor":44,"turns":6},{"damage":15,"enemies":"Writhing Mass","floor":46,"turns":6},{"damage":0,"enemies":"Reptomancer","floor":47,"turns":2}],"seed_played":"-3081651484532330746","potions_obtained":[{"floor":1.0,"key":"Fire Potion"},{"floor":13.0,"key":"FearPotion"},{"floor":16.0,"key":"FairyPotion"},{"floor":18.0,"key":"BlessingOfTheForge"},{"floor":28.0,"key":"AttackPotion"},{"floor":29.0,"key":"PotionOfCapacity"},{"floor":35,"key":"ColorlessPotion"},{"floor":36,"key":"AttackPotion"},{"floor":40,"key":"Block Potion"}],"is_trial":false,"path_per_floor":["M","M","$","?","M","R","M","R","T","?","?","?","M","M","R","B",null,"M","M","$","?","?","R","M","M","T","E","M","M","M","M","R","B",null,"M","M","?","$","?","E","$","R","T","M","R","M","E"],"character_chosen":"DEFECT","items_purchased":["Lantern","Genetic Algorithm","DataDisk","DollysMirror"],"campfire_rested":4,"item_purchase_floors":[3,3,41,41],"current_hp_per_floor":[32,20,20,20,15,15,15,36,36,29,29,29,13,12,31,14,52,51,46,46,46,46,46,34,34,34,33,32,5,5,12,31,30,56,46,46,46,46,46,17,17,17,17,16,34,26,26,26],"gold":147,"neow_bonus":"TWO_FIFTY_GOLD","is_daily":false,"chose_seed":false,"campfire_upgraded":3,"win_rate":0.0,"timestamp":1611572218,"path_taken":["M","M","$","?","M","R","?","R","T","?","?","?","M","M","R","BOSS","M","M","$","?","?","R","M","M","T","E","M","M","M","M","R","BOSS","M","M","?","$","?","E","?","R","T","M","R","M","E"],"items_purchased_type":["Relic","Card","Relic","Relic"],"build_version":"2020-12-22","purchased_purges":4,"victory":false,"max_hp_per_floor":[71,71,71,71,71,71,71,71,71,71,64,64,64,64,64,64,64,64,64,64,64,64,64,64,64,64,64,64,64,64,64,64,64,64,64,64,64,64,61,61,61,61,61,61,61,61,61,61],"card_choices":[{"not_picked":["Steam Power","Sweeping Beam"],"picked":"Chaos","floor":1.0},{"not_picked":["Steam","Redo"],"picked":"Turbo","floor":2.0},{"not_picked":["Sweeping Beam","Chill"],"picked":"Sunder","floor":5.0},{"not_picked":["BootSequence","Recycle"],"picked":"Glacier","floor":7.0},{"not_picked":["BootSequence","Reprogram"],"picked":"Defragment","floor":13.0},{"not_picked":["Tempest","Conserve Battery"],"picked":"Reinforced Body","floor":14.0},{"not_picked":["Machine Learning","Hyperbeam"],"picked":"Seek","floor":16.0},{"not_picked":["Rebound","Sweeping Beam"],"picked":"Hologram+1","floor":18.0},{"not_picked":["Rebound","Cold Snap"],"picked":"Ball Lightning","floor":19.0},{"not_picked":["Leap","Reprogram+1","Redo"],"picked":"SKIP","floor":24.0},{"not_picked":["Doom and Gloom","Loop"],"picked":"Biased Cognition","floor":25.0},{"not_picked":["Gash+1","Doom and Gloom","Tempest"],"picked":"SKIP","floor":27.0},{"not_picked":["Steam Power","Machine Learning"],"picked":"Skim","floor":28.0},{"not_picked":["Streamline+1","Barrage"],"picked":"Redo+1","floor":28.0},{"not_picked":["Genetic Algorithm","Capacitor"],"picked":"Compile Driver","floor":29.0},{"not_picked":["Rebound","Leap"],"picked":"Consume","floor":29.0},{"not_picked":["Beam Cell","Melter"],"picked":"FTL+1","floor":30.0},{"not_picked":["Barrage","Sweeping Beam","Beam Cell"],"picked":"SKIP","floor":30.0},{"not_picked":["Conserve Battery","Scrape"],"picked":"Loop","floor":31.0},{"not_picked":["Beam Cell+1","Rip and Tear","Blizzard"],"picked":"SKIP","floor":31.0},{"not_picked":["Fission","Rainbow"],"picked":"Seek","floor":33.0},{"not_picked":["Redo","Gash"],"picked":"Turbo","floor":35},{"not_picked":["Defragment","Doom and Gloom","Redo+1"],"picked":"SKIP","floor":35},{"not_picked":["Loop","Rainbow"],"picked":"Compile Driver+1","floor":36},{"not_picked":["Stack","Go for the Eyes","Reinforced Body"],"picked":"SKIP","floor":36},{"not_picked":["Hello World+1","Fusion","Heatsinks"],"picked":"SKIP","floor":40},{"not_picked":["Gash","Ball Lightning"],"picked":"Self Repair","floor":44},{"not_picked":["Chill","Recycle"],"picked":"Darkness+1","floor":44},{"not_picked":["Seek","Cold Snap"],"picked":"Undo","floor":46},{"not_picked":["Beam Cell+1","FTL+1","Darkness+1"],"picked":"SKIP","floor":46},{"not_picked":["Beam Cell+1","FTL+1"],"picked":"Darkness+1","floor":46}],"player_experience":519449,"relics_obtained":[{"floor":9.0,"key":"CaptainsWheel"},{"floor":26.0,"key":"Thread and Needle"},{"floor":27.0,"key":"Prayer Wheel"},{"floor":40,"key":"Whetstone"}],"event_choices":[{"cards_removed":["Defend_B"],"damage_healed":0.0,"max_hp_gain":0.0,"max_hp_loss":0.0,"gold_gain":0.0,"event_name":"Bonfire Elementals","player_choice":"Offered Basic","floor":4.0,"gold_loss":0.0,"damage_taken":0.0},{"cards_removed":["Strike_B"],"damage_healed":0.0,"max_hp_gain":0.0,"max_hp_loss":0.0,"gold_gain":0.0,"event_name":"Golden Wing","player_choice":"Card Removal","floor":10.0,"gold_loss":0.0,"damage_taken":7.0},{"damage_healed":0.0,"max_hp_gain":0.0,"max_hp_loss":7.0,"gold_gain":0.0,"event_name":"Golden Idol","player_choice":"Lose Max HP","floor":11.0,"gold_loss":0.0,"damage_taken":0.0,"relics_obtained":["Golden Idol"]},{"damage_healed":0.0,"max_hp_gain":0.0,"max_hp_loss":0.0,"gold_gain":0.0,"event_name":"Scrap Ooze","player_choice":"Fled","floor":12.0,"gold_loss":0.0,"damage_taken":0.0},{"damage_healed":0.0,"max_hp_gain":0.0,"max_hp_loss":0.0,"gold_gain":0.0,"event_name":"Addict","player_choice":"Obtained Relic","floor":21.0,"gold_loss":85.0,"damage_taken":0.0,"relics_obtained":["Torii"]},{"damage_healed":0.0,"max_hp_gain":0.0,"max_hp_loss":0.0,"gold_gain":0.0,"event_name":"N\u0027loth","player_choice":"Traded Relic","floor":22.0,"relics_lost":["CaptainsWheel"],"gold_loss":0.0,"damage_taken":0.0,"relics_obtained":["Nloth\u0027s Gift"]},{"damage_healed":0,"gold_gain":333,"player_choice":"Gave Idol","damage_taken":0,"max_hp_gain":0,"max_hp_loss":0,"event_name":"The Moai Head","floor":37,"relics_lost":["Golden Idol"],"gold_loss":0},{"damage_healed":0,"gold_gain":0,"player_choice":"Max HP","damage_taken":0,"max_hp_gain":0,"max_hp_loss":3,"event_name":"Winding Halls","floor":39,"gold_loss":0}],"is_beta":false,"boss_relics":[{"not_picked":["Empty Cage","Snecko Eye"],"picked":"Inserter"},{"not_picked":["Philosopher\u0027s Stone","Busted Crown"],"picked":"FrozenCore"}],"items_purged_floors":[3,20,38,41],"is_endless":false,"potions_floor_spawned":[1,13,16,18,24,28,29,30,35,36,40],"killed_by":"Reptomancer","ascension_level":17}}