{"host":"7ignn9ecrhg4n0rm","time":1611597429,"event":{"mods":["BaseMod","Minty Spire (QoL Compilation)","Relic Stats","StSLib"],"gold_per_floor":[116,116,135,35,35,70,88,120,147,181,181,181,197,207,207,281,281,292,316,335,250,276,276,276],"floor_reached":23,"language":"ENG","playtime":1056,"items_purged":["Strike_G"],"score":398,"play_id":"f3ae61e9-ba6e-4c46-9c43-193cb8f18a20","local_time":"20210125095709","is_ascension_mode":true,"campfire_choices":[{"data":"Catalyst","floor":11,"key":"SMITH"},{"data":"After Image","floor":15,"key":"SMITH"}],"circlet_count":0,"master_deck":["AscendersBane","Strike_G","Strike_G","Strike_G","Defend_G","Defend_G","Defend_G","Defend_G","Defend_G","Survivor","Neutralize+1","Backflip","Crippling Poison","Deadly Poison","Bouncing Flask","Catalyst+1","Backflip","After Image+1","Heel Hook","Noxious Fumes","After Image","Flechettes+1"],"relics":["Ring of the Snake","NeowsBlessing","Whetstone","Nunchaku","Omamori","Tingsha","Runic Pyramid","Blood Vial","Juzu Bracelet","Red Mask"],"acts_visited":["Exordium","TheCity"],"potions_floor_usage":[8,22,22,23],"damage_taken":[{"damage":0,"enemies":"2 Louse","floor":1,"turns":1},{"damage":0,"enemies":"Cultist","floor":3,"turns":1},{"damage":0,"enemies":"Lagavulin","floor":6,"turns":1},{"damage":7,"enemies":"Small Slimes","floor":7,"turns":3},{"damage":18,"enemies":"3 Sentries","floor":8,"turns":8},{"damage":7,"enemies":"Lagavulin","floor":10,"turns":5},{"damage":6,"enemies":"Looter","floor":13,"turns":3},{"damage":1,"enemies":"Red Slaver","floor":14,"turns":3},{"damage":11,"enemies":"Hexaghost","floor":16,"turns":7},{"damage":1,"enemies":"3 Byrds","floor":18,"turns":6},{"damage":21,"enemies":"2 Thieves","floor":20,"turns":4},{"damage":22,"enemies":"Masked Bandits","floor":22,"turns":6},{"damage":34,"enemies":"Slavers","floor":23,"turns":3}],"seed_played":"8459972570347911335","potions_obtained":[{"floor":1,"key":"BlessingOfTheForge"},{"floor":2,"key":"LiquidMemories"},{"floor":2,"key":"GhostInAJar"},{"floor":10,"key":"Regen Potion"},{"floor":22,"key":"AttackPotion"}],"is_trial":false,"path_per_floor":["M","?","M","$","?","E","M","E","T","E","R","?","M","M","R","B",null,"M","T","M","?","?","E"],"character_chosen":"THE_SILENT","items_purchased":["Deadly Poison"],"campfire_rested":0,"item_purchase_floors":[4],"current_hp_per_floor":[59,59,59,59,64,64,57,39,39,32,32,32,26,25,25,14,57,56,56,37,37,32,0,0],"gold":276,"neow_bonus":"THREE_ENEMY_KILL","is_daily":false,"chose_seed":false,"campfire_upgraded":2,"win_rate":0.0,"timestamp":1611597429,"path_taken":["M","?","M","?","?","E","M","E","T","E","R","?","?","M","R","BOSS","M","?","M","?","?","E"],"items_purchased_type":["Card"],"build_version":"2020-12-22","purchased_purges":1,"victory":false,"max_hp_per_floor":[66,66,66,66,71,71,71,71,71,71,71,71,71,71,71,71,71,71,71,71,71,71,71,71],"relic_stats":{"Blood Vial":6,"Nunchaku":[2],"counters":[13,51],"Tingsha":[21],"Juzu Bracelet":0,"Whetstone":["Neutralize","Strike_G"],"obtain_stats":[{"Blood Vial":19,"Nunchaku":8,"NeowsBlessing":0,"Tingsha":10,"Omamori":9,"Juzu Bracelet":21,"Red Mask":22,"Whetstone":6,"Ring of the Snake":0,"Runic Pyramid":17},{"Blood Vial":10,"Nunchaku":5,"NeowsBlessing":0,"Tingsha":6,"Omamori":5,"Juzu Bracelet":11,"Red Mask":12,"Whetstone":3,"Ring of the Snake":0,"Runic Pyramid":9},{"Blood Vial":38,"Nunchaku":14,"NeowsBlessing":0,"Tingsha":19,"Omamori":14,"Juzu Bracelet":42,"Red Mask":48,"Whetstone":3,"Ring of the Snake":0,"Runic Pyramid":32}],"Ring of the Snake":[26]},"card_choices":[{"not_picked":["Endless Agony","Cloak And Dagger"],"picked":"Backflip","floor":1},{"not_picked":["Endless Agony","Calculated Gamble"],"picked":"Crippling Poison","floor":3},{"not_picked":["Terror","Prepared"],"picked":"Bouncing Flask","floor":6},{"not_picked":["Skewer","Noxious Fumes"],"picked":"Catalyst","floor":7},{"not_picked":["Finisher","Reflex","Sucker Punch"],"picked":"SKIP","floor":8},{"not_picked":["Cloak And Dagger","Terror"],"picked":"Backflip","floor":10},{"not_picked":["Infinite Blades","Flechettes"],"picked":"Heel Hook","floor":13},{"not_picked":["Slice","Poisoned Stab"],"picked":"Noxious Fumes","floor":14},{"not_picked":["Venomology","Storm of Steel"],"picked":"After Image","floor":16},{"not_picked":["Expertise","Backflip","Deadly Poison"],"picked":"SKIP","floor":18},{"not_picked":["Bane","Reflex","Dagger Spray"],"picked":"SKIP","floor":20},{"not_picked":["Setup","Blade Dance"],"picked":"Flechettes+1","floor":22}],"player_experience":233342,"relics_obtained":[{"floor":6,"key":"Whetstone"},{"floor":8,"key":"Nunchaku"},{"floor":9,"key":"Omamori"},{"floor":10,"key":"Tingsha"},{"floor":19,"key":"Blood Vial"},{"floor":22,"key":"Red Mask"}],"event_choices":[{"damage_healed":0,"gold_gain":0,"player_choice":"Got Potions","damage_taken":0,"max_hp_gain":0,"max_hp_loss":0,"event_name":"Lab","floor":2,"gold_loss":0},{"damage_healed":0,"gold_gain":0,"player_choice":"Donut","damage_taken":0,"max_hp_gain":5,"max_hp_loss":0,"event_name":"Big Fish","floor":5,"gold_loss":0},{"damage_healed":0,"gold_gain":0,"cards_transformed":["Strike_G"],"player_choice":"Transformed","damage_taken":0,"max_hp_gain":0,"max_hp_loss":0,"event_name":"Transmorgrifier","floor":12,"gold_loss":0,"cards_obtained":["After Image"]},{"damage_healed":0,"gold_gain":0,"player_choice":"Obtained Relic","damage_taken":0,"relics_obtained":["Juzu Bracelet"],"max_hp_gain":0,"max_hp_loss":0,"event_name":"Addict","floor":21,"gold_loss":85},{"damage_healed":0,"gold_gain":0,"player_choice":"Fought Bandits","damage_taken":0,"max_hp_gain":0,"max_hp_loss":0,"event_name":"Masked Bandits","floor":22,"gold_loss":0}],"is_beta":false,"boss_relics":[{"not_picked":["SlaversCollar","Velvet Choker"],"picked":"Runic Pyramid"}],"items_purged_floors":[4],"is_endless":false,"potions_floor_spawned":[1,7,10,14,16,22],"killed_by":"Slavers","ascension_level":14}}