{"host":"qgrlfjrqk9z96gfi","time":1611537228,"event":{"mods":["BaseMod","Block Reminder","Colored Map","Custom Start","DeckTracker","Minty Spire (QoL Compilation)"],"gold_per_floor":[113,113,0,0,0,29,29,63,86,86,118,43,71,85,85,85,85],"floor_reached":16,"language":"ENG","playtime":349,"items_purged":[],"score":348,"play_id":"3bce0a6a-ad1a-4256-803c-d7dbb1452330","local_time":"20210124151348","is_ascension_mode":true,"campfire_choices":[{"data":"All Out Attack","floor":10,"key":"SMITH"},{"data":"Footwork","floor":15,"key":"SMITH"}],"circlet_count":0,"master_deck":["AscendersBane","Strike_G","Strike_G","Strike_G","Defend_G","Defend_G+1","Defend_G","Defend_G","Defend_G","Survivor","Neutralize","Dagger Throw","Outmaneuver+1","All Out Attack+1","Footwork+1","Malaise","Underhanded Strike","Glass Knife","Calculated Gamble"],"relics":["Ring of the Snake","NeowsBlessing","Ninja Scroll","MealTicket","Potion Belt","PreservedInsect","Ancient Tea Set","War Paint"],"acts_visited":["Exordium"],"potions_floor_usage":[13,16],"damage_taken":[{"damage":0,"enemies":"2 Louse","floor":1,"turns":1},{"damage":0,"enemies":"3 Sentries","floor":6,"turns":1},{"damage":0,"enemies":"Gremlin Nob","floor":8,"turns":1},{"damage":6,"enemies":"3 Sentries","floor":11,"turns":6},{"damage":13,"enemies":"Lagavulin","floor":13,"turns":4},{"damage":0,"enemies":"Small Slimes","floor":14,"turns":3},{"damage":48,"enemies":"Hexaghost","floor":16,"turns":11}],"seed_played":"6395377541442581582","potions_obtained":[{"floor":6,"key":"FearPotion"},{"floor":8,"key":"Poison Potion"},{"floor":11,"key":"SteroidPotion"}],"is_trial":false,"path_per_floor":["M","?","$","?","?","E","$","E","T","R","E","?","E","M","R","B"],"character_chosen":"THE_SILENT","items_purchased":["Outmaneuver","All Out Attack"],"campfire_rested":0,"item_purchase_floors":[3,3],"current_hp_per_floor":[59,52,52,41,63,63,66,66,66,66,60,60,47,47,47,0,0],"gold":85,"neow_bonus":"THREE_ENEMY_KILL","is_daily":false,"chose_seed":false,"campfire_upgraded":2,"win_rate":0.0,"timestamp":1611537228,"path_taken":["M","?","$","?","?","E","$","E","T","R","E","?","E","M","R","BOSS"],"items_purchased_type":["Card","Card"],"build_version":"2020-12-22","purchased_purges":0,"victory":false,"max_hp_per_floor":[66,66,66,66,66,66,66,66,66,66,66,66,66,66,66,66,66],"card_choices":[{"not_picked":["Deflect","Acrobatics"],"picked":"Dagger Throw","floor":1},{"not_picked":["Leg Sweep","Bane"],"picked":"Footwork","floor":6},{"not_picked":["Quick Slash","Dagger Throw"],"picked":"Malaise","floor":8},{"not_picked":["Blade Dance","Sucker Punch"],"picked":"Underhanded Strike","floor":11},{"not_picked":["Flying Knee","Dodge and Roll"],"picked":"Glass Knife","floor":13},{"not_picked":["Underhanded Strike","Prepared"],"picked":"Calculated Gamble","floor":14}],"player_experience":1057788,"relics_obtained":[{"floor":6,"key":"MealTicket"},{"floor":8,"key":"Potion Belt"},{"floor":9,"key":"PreservedInsect"},{"floor":11,"key":"Ancient Tea Set"},{"floor":13,"key":"War Paint"}],"event_choices":[{"cards_removed":["Strike_G"],"damage_healed":0,"gold_gain":0,"player_choice":"Card Removal","damage_taken":7,"max_hp_gain":0,"max_hp_loss":0,"event_name":"Golden Wing","floor":2,"gold_loss":0},{"damage_healed":0,"gold_gain":0,"player_choice":"Success","damage_taken":11,"relics_obtained":["Ninja Scroll"],"max_hp_gain":0,"max_hp_loss":0,"event_name":"Scrap Ooze","floor":4,"gold_loss":0},{"damage_healed":22,"gold_gain":0,"player_choice":"Banana","damage_taken":0,"max_hp_gain":0,"max_hp_loss":0,"event_name":"Big Fish","floor":5,"gold_loss":0},{"cards_removed":["Strike_G"],"damage_healed":0,"gold_gain":0,"player_choice":"Card Removal","damage_taken":0,"max_hp_gain":0,"max_hp_loss":0,"event_name":"The Cleric","floor":12,"gold_loss":75}],"is_beta":false,"boss_relics":[],"items_purged_floors":[],"is_endless":false,"potions_floor_spawned":[6,8,11],"killed_by":"Hexaghost","ascension_level":20}}