{"host":"yyfz7fpozqrhk2m1","time":1611539716,"event":{"mods":["BaseMod","Minty Spire (QoL Compilation)"],"gold_per_floor":[118,118,42,58,75,75,92,108,135,135,135,135,163,174,174,278,278,290,205,225,241,340,340,27,57,57,57,74,94,94,4,4,109,109,124,140,140,160,12,12,62,62,86,0,0,31,44,75,75,75,75],"floor_reached":50,"language":"ENG","playtime":7824,"items_purged":["Strike_B","Strike_B"],"score":624,"play_id":"4c4c2857-e15e-4ff9-b3be-fb3c08bb7131","local_time":"20210124205516","is_ascension_mode":true,"campfire_choices":[{"data":"Genetic Algorithm","floor":6.0,"key":"SMITH"},{"data":"Zap","floor":10.0,"key":"SMITH"},{"floor":12.0,"key":"REST"},{"floor":15.0,"key":"REST"},{"floor":23.0,"key":"REST"},{"data":"Defragment","floor":27.0,"key":"SMITH"},{"floor":30.0,"key":"REST"},{"floor":32.0,"key":"REST"},{"data":"Fusion","floor":40,"key":"SMITH"},{"data":"Defragment","floor":42,"key":"SMITH"},{"floor":45,"key":"REST"},{"floor":49,"key":"REST"}],"circlet_count":0,"master_deck":["Strike_B","Strike_B","Defend_B","Defend_B","Defend_B","Defend_B","Zap+1","Dualcast","Go for the Eyes","Fusion+1","All For One","Genetic Algorithm+1","Defragment+1","Ball Lightning","Turbo","Defragment+1","Cold Snap","Core Surge","Ball Lightning","Ball Lightning+1","Compile Driver+1","Hologram","Coolheaded+1","Redo+1","Echo Form","Loop","Rainbow","Lockon","Self Repair","Consume+1","Double Energy"],"relics":["FrozenCore","Nunchaku","Ancient Tea Set","Omamori","Smiling Mask","Kunai","Toy Ornithopter","White Beast Statue","Calling Bell","Potion Belt","Sundial","Pocketwatch","DataDisk","Ice Cream","Art of War","Red Mask","Bronze Scales","Turnip"],"acts_visited":["TheCity","TheBeyond"],"potions_floor_usage":[36,38,46,46,47,47,47,48,50],"damage_taken":[{"damage":7.0,"enemies":"Small Slimes","floor":1.0,"turns":3.0},{"damage":3.0,"enemies":"Cultist","floor":4.0,"turns":4.0},{"damage":0.0,"enemies":"2 Louse","floor":5.0,"turns":2.0},{"damage":9.0,"enemies":"2 Fungi Beasts","floor":7.0,"turns":4.0},{"damage":20.0,"enemies":"Exordium Wildlife","floor":8.0,"turns":5.0},{"damage":39.0,"enemies":"Lagavulin","floor":13.0,"turns":9.0},{"damage":13.0,"enemies":"Blue Slaver","floor":14.0,"turns":3.0},{"damage":27.0,"enemies":"The Guardian","floor":16.0,"turns":11.0},{"damage":1.0,"enemies":"Spheric Guardian","floor":18.0,"turns":5.0},{"damage":16.0,"enemies":"3 Byrds","floor":20.0,"turns":6.0},{"damage":25.0,"enemies":"Centurion and Healer","floor":21.0,"turns":8.0},{"damage":21.0,"enemies":"Gremlin Leader","floor":25.0,"turns":7.0},{"damage":18.0,"enemies":"Snecko","floor":28.0,"turns":5.0},{"damage":6.0,"enemies":"3 Cultists","floor":29.0,"turns":5.0},{"damage":41.0,"enemies":"Champ","floor":33.0,"turns":10.0},{"damage":7,"enemies":"3 Shapes","floor":35,"turns":5},{"damage":11,"enemies":"Orb Walker","floor":36,"turns":4},{"damage":41,"enemies":"4 Shapes","floor":38,"turns":6},{"damage":0,"enemies":"Mind Bloom Boss Battle","floor":41,"turns":6},{"damage":63,"enemies":"Reptomancer","floor":46,"turns":6},{"damage":15,"enemies":"Spire Growth","floor":47,"turns":5},{"damage":41,"enemies":"Nemesis","floor":48,"turns":6},{"damage":48,"enemies":"Donu and Deca","floor":50,"turns":3}],"seed_played":"-1387035175575335634","potions_obtained":[{"floor":5.0,"key":"LiquidBronze"},{"floor":7.0,"key":"ColorlessPotion"},{"floor":8.0,"key":"Explosive Potion"},{"floor":18.0,"key":"Block Potion"},{"floor":28.0,"key":"Energy Potion"},{"floor":29.0,"key":"Energy Potion"},{"floor":33.0,"key":"Strength Potion"},{"floor":35,"key":"SkillPotion"},{"floor":36,"key":"Regen Potion"},{"floor":38,"key":"PotionOfCapacity"},{"floor":41,"key":"FocusPotion"},{"floor":46,"key":"AttackPotion"},{"floor":47,"key":"Regen Potion"},{"floor":48,"key":"Fire Potion"}],"is_trial":false,"path_per_floor":["M","?","$","M","M","R","M","M","T","R","?","R","E","M","R","B",null,"M","?","M","M","?","R","$","E","T","R","M","M","R","$","R","B",null,"M","M","?","M","$","R","?","R","T","?","R","E","M","E","R","B"],"character_chosen":"DEFECT","items_purchased":["Genetic Algorithm","Hologram","Kunai","Loop","DataDisk"],"campfire_rested":7,"item_purchase_floors":[3,24,24,31,39],"current_hp_per_floor":[68,68,68,65,65,65,56,36,36,36,36,58,19,6,28,1,75,74,74,58,33,33,55,55,34,34,34,16,15,37,37,59,18,75,68,62,75,34,34,34,48,48,48,48,70,29,36,12,34,0,0],"gold":75,"neow_bonus":"RANDOM_COMMON_RELIC","is_daily":false,"chose_seed":false,"campfire_upgraded":5,"win_rate":0.0,"timestamp":1611539716,"path_taken":["M","?","?","M","M","R","M","M","T","R","?","R","E","M","R","BOSS","M","?","M","M","?","R","$","E","T","R","M","M","R","$","R","BOSS","M","M","?","M","?","R","?","R","T","?","R","E","M","E","R","BOSS"],"items_purchased_type":["Card","Card","Relic","Card","Relic"],"build_version":"2020-12-22","purchased_purges":2,"victory":false,"max_hp_per_floor":[75,75,75,75,75,75,75,75,75,75,75,75,75,75,75,75,75,75,75,75,75,75,75,75,75,75,75,75,75,75,75,75,75,75,75,75,75,75,75,75,75,75,75,75,75,75,75,75,75,75,75],"card_choices":[{"not_picked":["Conserve Battery","Sweeping Beam"],"picked":"Go for the Eyes","floor":1.0},{"not_picked":["Redo","Cold Snap"],"picked":"Defragment","floor":4.0},{"not_picked":["Go for the Eyes","Gash","Beam Cell"],"picked":"SKIP","floor":5.0},{"not_picked":["Aggregate","Stack"],"picked":"Ball Lightning","floor":7.0},{"not_picked":["Static Discharge","Double Energy"],"picked":"Turbo","floor":8.0},{"not_picked":["Machine Learning","Fission"],"picked":"Defragment","floor":13.0},{"not_picked":["Streamline","Aggregate"],"picked":"Cold Snap","floor":14.0},{"not_picked":["Thunder Strike","Fission"],"picked":"Core Surge","floor":16.0},{"not_picked":["Barrage","Leap"],"picked":"Ball Lightning","floor":18.0},{"not_picked":["Leap","Beam Cell"],"picked":"Ball Lightning+1","floor":20.0},{"not_picked":["Coolheaded","Streamline+1"],"picked":"Compile Driver+1","floor":21.0},{"not_picked":["Chaos","Stack"],"picked":"Coolheaded+1","floor":25.0},{"not_picked":["Chaos","Stack"],"picked":"Redo+1","floor":28.0},{"not_picked":["Beam Cell","Coolheaded"],"picked":"Echo Form","floor":29.0},{"not_picked":["All For One","Amplify"],"picked":"Rainbow","floor":33.0},{"not_picked":["Steam+1","Barrage"],"picked":"Lockon","floor":35},{"not_picked":["Steam","Hologram","Cold Snap"],"picked":"SKIP","floor":36},{"not_picked":["Glacier","Steam Power"],"picked":"Self Repair","floor":38},{"not_picked":["Rip and Tear+1","Reinforced Body+1"],"picked":"Consume+1","floor":41},{"not_picked":["Steam","Rebound"],"picked":"Double Energy","floor":46},{"not_picked":["Barrage","Chill","Beam Cell"],"picked":"SKIP","floor":47},{"not_picked":["Rip and Tear+1","Compile Driver+1","Hello World+1"],"picked":"SKIP","floor":48}],"player_experience":604768,"relics_obtained":[{"floor":9.0,"key":"Ancient Tea Set"},{"floor":13.0,"key":"Omamori"},{"floor":25.0,"key":"Toy Ornithopter"},{"floor":26.0,"key":"White Beast Statue"},{"floor":34,"key":"Potion Belt"},{"floor":34,"key":"Sundial"},{"floor":34,"key":"Pocketwatch"},{"floor":41,"key":"Ice Cream"},{"floor":43,"key":"Art of War"},{"floor":46,"key":"Bronze Scales"},{"floor":48,"key":"Turnip"}],"event_choices":[{"damage_healed":0.0,"max_hp_gain":0.0,"max_hp_loss":0.0,"gold_gain":0.0,"event_name":"Match and Keep!","player_choice":"2 cards matched","floor":2.0,"gold_loss":0.0,"damage_taken":0.0,"cards_obtained":["Fusion","All For One"]},{"damage_healed":0.0,"max_hp_gain":0.0,"max_hp_loss":0.0,"gold_gain":0.0,"event_name":"Liars Game","player_choice":"Ignored","floor":11.0,"gold_loss":0.0,"damage_taken":0.0},{"damage_healed":0.0,"max_hp_gain":0.0,"max_hp_loss":0.0,"gold_gain":0.0,"event_name":"Addict","player_choice":"Obtained Relic","floor":19.0,"gold_loss":85.0,"damage_taken":0.0,"relics_obtained":["Smiling Mask"]},{"damage_healed":0.0,"max_hp_gain":0.0,"max_hp_loss":0.0,"gold_gain":99.0,"event_name":"Nest","player_choice":"Stole From Cult","floor":22.0,"gold_loss":0.0,"damage_taken":0.0},{"damage_healed":19,"gold_gain":0,"player_choice":"Writhe","damage_taken":0,"max_hp_gain":0,"max_hp_loss":0,"event_name":"Winding Halls","floor":37,"gold_loss":0,"cards_obtained":["Writhe"]},{"damage_healed":0,"gold_gain":0,"player_choice":"Fight","damage_taken":0,"max_hp_gain":0,"max_hp_loss":0,"event_name":"MindBloom","floor":41,"gold_loss":0},{"damage_healed":0,"gold_gain":0,"player_choice":"Paid","damage_taken":0,"relics_obtained":["Red Mask"],"max_hp_gain":0,"max_hp_loss":0,"event_name":"Tomb of Lord Red Mask","floor":44,"gold_loss":86}],"is_beta":false,"boss_relics":[{"not_picked":["Runic Pyramid","Empty Cage"],"picked":"FrozenCore"},{"not_picked":["Tiny House","Astrolabe"],"picked":"Calling Bell"}],"items_purged_floors":[24,31],"is_endless":false,"potions_floor_spawned":[5,7,8,18,28,29,33,35,36,38,41,46,47,48],"killed_by":"Donu and Deca","ascension_level":4}}