{"host":"uv5ws9rdk87e8i5k","time":1611538506,"event":{"mods":["AchievementEnabler","BaseMod","Colored Map","Minty Spire (QoL Compilation)","StSLib","SuperFastMode","The Necromancer"],"gold_per_floor":[15,27,44,62,12,41,41,75,102,117,148,162,162,172,172,276,276,296,313,331,331,531,566,584,584,584,584,611,622,622,657,657,760,760,775,789,799,813,95,95,108,138,165,165,191,205,205,205,205,205,205],"floor_reached":50,"language":"ENG","playtime":1520,"items_purged":["Strike_W"],"score":645,"play_id":"29b886d4-ee2f-422f-bfc9-4335c79880eb","local_time":"20210124193506","is_ascension_mode":true,"campfire_choices":[{"data":"Summon_Vampire_Lady","floor":7.0,"key":"SMITH"},{"data":"Thousand_Bone_Knives","floor":13.0,"key":"SMITH"},{"data":"Exploit","floor":15.0,"key":"SMITH"},{"data":"Summon_Lich","floor":25.0,"key":"SMITH"},{"data":"Bone_Shift","floor":27.0,"key":"SMITH"},{"data":"Uncharnel","floor":30.0,"key":"SMITH"},{"data":"Spectral_Walk","floor":32.0,"key":"SMITH"},{"floor":40.0,"key":"REST"},{"floor":44.0,"key":"REST"},{"data":"Summon_Death_Knight","floor":49.0,"key":"SMITH"}],"circlet_count":0,"master_deck":["Strike_W","Strike_W","Defend_W","Defend_W","Defend_W+1","Defend_W+1","Negative_Energy_Arrows","Bone_Wall","Summon_Vampire_Lady+1","Vampiric_Strike","Necrotic_Claws","Finger_Of_Death","Spectral_Armor","Thousand_Bone_Knives+1","Bone_Shift+1","Exploit+1","Bone_Shift","Hellfire","Thousand_Bone_Knives+1","Summon_Lich+1","Stop_Heart","Uncharnel+1","Negative_Energy_Mist+1","Spectral_Walk+1","Summon_Death_Knight+1","Summon_Lich","Summon_Undead_Army+1","Summon_Undead+1","Madness","Madness"],"relics":["Vampire_Amulet","Smiling Mask","Boot","Toy Ornithopter","Nunchaku","Velvet Choker","Enchiridion","Bottled Lightning","Matryoshka","Bag of Marbles","Eternal Feather","Philosopher\u0027s Stone","Letter Opener","Darkstone Periapt","InkBottle","MealTicket","War Paint","HornCleat"],"acts_visited":["Exordium","TheCity","TheBeyond"],"potions_floor_usage":[],"damage_taken":[{"damage":18.0,"enemies":"2 Louse","floor":1.0,"turns":3.0},{"damage":5.0,"enemies":"Jaw Worm","floor":2.0,"turns":4.0},{"damage":0.0,"enemies":"Cultist","floor":3.0,"turns":3.0},{"damage":0.0,"enemies":"2 Fungi Beasts","floor":4.0,"turns":2.0},{"damage":30.0,"enemies":"Lagavulin","floor":6.0,"turns":8.0},{"damage":15.0,"enemies":"3 Sentries","floor":8.0,"turns":9.0},{"damage":8.0,"enemies":"Large Slime","floor":10.0,"turns":3.0},{"damage":14.0,"enemies":"Lagavulin","floor":11.0,"turns":7.0},{"damage":20.0,"enemies":"Lots of Slimes","floor":12.0,"turns":3.0},{"damage":14.0,"enemies":"3 Louse","floor":14.0,"turns":3.0},{"damage":49.0,"enemies":"Hexaghost","floor":16.0,"turns":8.0},{"damage":0.0,"enemies":"Chosen","floor":18.0,"turns":3.0},{"damage":23.0,"enemies":"Spheric Guardian","floor":19.0,"turns":4.0},{"damage":12.0,"enemies":"Snake Plant","floor":20.0,"turns":3.0},{"damage":31.0,"enemies":"Slavers","floor":23.0,"turns":4.0},{"damage":31.0,"enemies":"Shelled Parasite and Fungi","floor":24.0,"turns":4.0},{"damage":29.0,"enemies":"Gremlin Leader","floor":28.0,"turns":5.0},{"damage":0.0,"enemies":"Sentry and Sphere","floor":29.0,"turns":3.0},{"damage":19.0,"enemies":"Book of Stabbing","floor":31.0,"turns":4.0},{"damage":43.0,"enemies":"Collector","floor":33.0,"turns":7.0},{"damage":40.0,"enemies":"3 Darklings","floor":35.0,"turns":5.0},{"damage":17.0,"enemies":"3 Shapes","floor":36.0,"turns":4.0},{"damage":42.0,"enemies":"Spire Growth","floor":37.0,"turns":5.0},{"damage":29.0,"enemies":"3 Darklings","floor":38.0,"turns":4.0},{"damage":39.0,"enemies":"Jaw Worm Horde","floor":41.0,"turns":4.0},{"damage":26.0,"enemies":"Giant Head","floor":42.0,"turns":7.0},{"damage":58.0,"enemies":"Nemesis","floor":45.0,"turns":5.0},{"damage":25.0,"enemies":"4 Shapes","floor":46.0,"turns":3.0},{"damage":71,"enemies":"Time Eater","floor":50,"turns":6}],"seed_played":"-608876249978863731","potions_obtained":[{"floor":2.0,"key":"AttackPotion"},{"floor":4.0,"key":"SpeedPotion"},{"floor":8.0,"key":"Regen Potion"},{"floor":11.0,"key":"Energy Potion"},{"floor":12.0,"key":"EssenceOfSteel"},{"floor":18.0,"key":"Ancient Potion"},{"floor":19.0,"key":"AttackPotion"},{"floor":29.0,"key":"BlessingOfTheForge"},{"floor":31.0,"key":"Energy Potion"},{"floor":37.0,"key":"Swift Potion"},{"floor":38.0,"key":"LiquidBronze"},{"floor":45.0,"key":"LiquidBronze"}],"is_trial":false,"path_per_floor":["M","M","M","M","?","E","R","E","T","M","E","M","R","M","R","B",null,"M","M","M","?","?","E","M","R","T","R","E","M","R","E","R","B",null,"M","M","M","M","$","R","M","E","T","R","E","M","?","?","R","B"],"character_chosen":"NECROMANCER","items_purchased":["Letter Opener","Summon_Lich","Darkstone Periapt","FairyPotion"],"campfire_rested":2,"item_purchase_floors":[39,39,39,39],"current_hp_per_floor":[66,71,75,75,75,56,56,73,73,75,69,67,67,68,68,44,75,75,55,60,44,44,28,34,34,34,34,32,45,45,46,61,51,75,41,30,17,8,8,45,19,20,20,57,13,33,24,66,66,0,0],"gold":205,"neow_bonus":"THREE_RARE_CARDS","is_daily":false,"chose_seed":false,"campfire_upgraded":8,"win_rate":0.0,"timestamp":1611538506,"path_taken":["M","M","M","M","?","E","R","E","T","M","E","M","R","M","R","BOSS","M","M","M","?","?","E","M","R","T","R","E","?","R","E","R","BOSS","M","M","M","M","$","R","M","E","T","R","E","M","?","?","R","BOSS"],"items_purchased_type":["Relic","Card","Relic","Potion"],"build_version":"2020-12-22","purchased_purges":1,"victory":false,"max_hp_per_floor":[75,75,75,75,75,75,75,75,75,75,75,75,75,75,75,75,75,75,75,75,75,75,75,75,75,75,75,75,75,75,75,75,75,75,75,75,75,75,75,75,75,75,75,75,75,75,75,66,66,66,66],"card_choices":[{"not_picked":["Cloudkill","Blood_Magic"],"picked":"Summon_Vampire_Lady","floor":0.0},{"not_picked":["Blood_Curse","Death_March_Dance"],"picked":"Vampiric_Strike","floor":1.0},{"not_picked":["Blood_Shield","Blood_Whip","Toxic_Smoke_Screen"],"picked":"SKIP","floor":2.0},{"not_picked":["Scare","Negative_Energy_Shield"],"picked":"Necrotic_Claws","floor":3.0},{"not_picked":["Toxic_Smoke_Screen","Blood_Shield"],"picked":"Finger_Of_Death","floor":4.0},{"not_picked":["Blood_Curse","Toxic_Smoke_Screen"],"picked":"Spectral_Armor","floor":6.0},{"not_picked":["Epidemic","Vampiric_Strike"],"picked":"Thousand_Bone_Knives","floor":8.0},{"not_picked":["Death_Coil","Negative_Energy_Sphere"],"picked":"Bone_Shift","floor":10.0},{"not_picked":["Plague_Bolt","Cloudkill"],"picked":"Exploit","floor":11.0},{"not_picked":["Toxic_Smoke_Screen","Chill_Blood"],"picked":"Bone_Shift","floor":12.0},{"not_picked":["Blood_Wake","Bone_Shift","Scare"],"picked":"SKIP","floor":14.0},{"not_picked":["Detonate_Bones","Requiem"],"picked":"Hellfire","floor":16.0},{"not_picked":["Negative_Energy_Mist","Violent_Necrosis"],"picked":"Thousand_Bone_Knives+1","floor":18.0},{"not_picked":["Death_Coil","Negative_Energy_Mist"],"picked":"Summon_Lich","floor":19.0},{"not_picked":["Blood_Magic","Toxic_Smoke_Screen","Death_March_Dance"],"picked":"SKIP","floor":20.0},{"not_picked":["Blood_Whip+1","Finger_Of_Death"],"picked":"Stop_Heart","floor":23.0},{"not_picked":["Negative_Energy_Javelin","Toxic_Smoke_Screen"],"picked":"Uncharnel","floor":24.0},{"not_picked":["Cloudkill","Scare","Shackles_Of_Pain"],"picked":"SKIP","floor":28.0},{"not_picked":["Toxic_Smoke_Screen","Corrupt+1"],"picked":"Negative_Energy_Mist+1","floor":29.0},{"not_picked":["Bone_Bullets","Stop_Heart+1"],"picked":"Spectral_Walk","floor":31.0},{"not_picked":["Cloudkill","Summon_Vampire_Lady"],"picked":"Summon_Death_Knight","floor":33.0},{"not_picked":["Negative_Energy_Sphere+1","Acid_Javelin+1","Bones_to_Steel"],"picked":"SKIP","floor":35.0},{"not_picked":["Chill_Blood","Toxic_Smoke_Screen+1","Bone_Shift+1"],"picked":"SKIP","floor":36.0},{"not_picked":["Bone_Spikes+1","Necrotic_Claws","Epidemic+1"],"picked":"SKIP","floor":37.0},{"not_picked":["Consume_Illness+1","Flesh_Made_Foul","Necromantic_Selection"],"picked":"SKIP","floor":38.0},{"not_picked":["Shackles_Of_Pain+1","Reap_The_Weak"],"picked":"Summon_Undead_Army+1","floor":41.0},{"not_picked":["Negative_Energy_Burst+1","Blood_Magic"],"picked":"Summon_Undead+1","floor":42.0},{"not_picked":["Negative_Energy_Mist+1","Negative_Energy_Sphere","Vampiric_Strike"],"picked":"SKIP","floor":45.0},{"not_picked":["Deaths_Shadow","Acid_Javelin+1","Bone_Bullets+1"],"picked":"SKIP","floor":46.0}],"player_experience":245922,"relics_obtained":[{"floor":6.0,"key":"Smiling Mask"},{"floor":8.0,"key":"Boot"},{"floor":9.0,"key":"Toy Ornithopter"},{"floor":11.0,"key":"Nunchaku"},{"floor":21.0,"key":"Enchiridion"},{"floor":23.0,"key":"Bottled Lightning"},{"floor":26.0,"key":"Matryoshka"},{"floor":28.0,"key":"Bag of Marbles"},{"floor":31.0,"key":"Eternal Feather"},{"floor":42.0,"key":"InkBottle"},{"floor":43.0,"key":"MealTicket"},{"floor":43.0,"key":"War Paint"},{"floor":45.0,"key":"HornCleat"}],"event_choices":[{"cards_removed":["Strike_W"],"damage_healed":0.0,"max_hp_gain":0.0,"max_hp_loss":0.0,"gold_gain":0.0,"event_name":"The Cleric","player_choice":"Card Removal","floor":5.0,"gold_loss":50.0,"damage_taken":0.0},{"damage_healed":0.0,"max_hp_gain":0.0,"max_hp_loss":0.0,"gold_gain":0.0,"event_name":"Cursed Tome","player_choice":"Obtained Book","floor":21.0,"gold_loss":0.0,"damage_taken":16.0},{"damage_healed":0.0,"max_hp_gain":0.0,"max_hp_loss":0.0,"gold_gain":200.0,"event_name":"Wheel of Change","player_choice":"Gold","floor":22.0,"gold_loss":0.0,"damage_taken":0.0},{"damage_healed":0.0,"max_hp_gain":0.0,"max_hp_loss":0.0,"gold_gain":0.0,"event_name":"Winding Halls","player_choice":"Embrace Madness","floor":47.0,"gold_loss":0.0,"damage_taken":9.0,"cards_obtained":["Madness","Madness"]},{"damage_healed":66.0,"max_hp_gain":0.0,"max_hp_loss":9.0,"gold_gain":0.0,"event_name":"The Moai Head","player_choice":"Heal","floor":48.0,"gold_loss":0.0,"damage_taken":0.0}],"is_beta":false,"boss_relics":[{"not_picked":["Busted Crown","Cursed Key"],"picked":"Velvet Choker"},{"not_picked":["Empty Cage","SlaversCollar"],"picked":"Philosopher\u0027s Stone"}],"items_purged_floors":[39],"is_endless":false,"potions_floor_spawned":[2,4,8,11,12,14,18,19,29,31,37,38,45],"killed_by":"Time Eater","ascension_level":2}}