{"host":"g3eueebv62qighx3","time":1611542659,"event":{"mods":["AchievementEnabler","BaseMod","BetterRewards","Colored Map","Downfall","Duelist Mod","Hermit","Hubris","Infinite Spire","Marisa????????","Minty Spire (QoL Compilation)","Remilia??????","Replay The Spire","StSLib","The Animator","The Bug Knight","The Construct","The Cursed","The Necromancer","The Runesmith","The Servant 0.9.4"],"gold_per_floor":[119,169,169,94,113,244,244,244,289,312,333,12,45,68,68,179,179,208,234,234,258,258,308,326,326,352,7,107,126,246,276,276,514,514,572,775,775,875,968,968,1063,1063,1118,1118,1118,1230,1230,1230,1230,1248],"floor_reached":51,"language":"ENG","playtime":2739,"items_purged":["animator:Curse_GriefSeed"],"score":1082,"play_id":"f2204a8e-0798-4c97-be9d-65d912270698","local_time":"20210124214419","is_ascension_mode":false,"campfire_choices":[{"data":"Maim","floor":7,"key":"SMITH"},{"floor":15,"key":"REST"},{"floor":23,"key":"REST"},{"floor":25,"key":"REST"},{"floor":32,"key":"REST"},{"floor":40,"key":"REST"},{"floor":42,"key":"REST"},{"data":"KillingBlow","floor":44,"key":"SMITH"}],"circlet_count":0,"master_deck":["Strike_RM+1","Strike_RM","Strike_RM","Strike_RM","Defend_RM","Defend_RM","Defend_RM","Defend_RM","RedMoon","ScarletShoot","BloodHunter","Maim+1","UnstableMagic","ScarletSymphony","ScarletDream","ChainGang+1","EndlessAdversity","Parasite","Maim","Ultimatum","hubris:Envy","BloodyHallows","TwelveNightmare","MillenniumVampire","MiserableFate","TwelveNightmare+1","MiserableFate","hubris:Sloth","HunterOfTheNight+1","FitfulNightmare","MiserableFate+1","VampireSweep","HunterOfTheNight+1","ScarletDevil","Amnesia","ScarletDevilSign","SuperhumanBloodyKnife+1","Spreading Infection","Decay","KillingBlow+1","Ultimatum+1","theDuelist:SummoningCurse","hubris:Greed","ChainGang+1","Injury","BloodyMagicSquare+1","VampireClaw+1","hubris:Sloth","downfall:Icky","downfall:Bewildered","ReplayTheSpireMod:Book of Names","ScarletSymphony+1","ReplayTheSpireMod:Doomed","Wraith","hubris:Greed","hubris:Greed"],"relics":["ScarletHat","NeowsBlessing","ReplayTheSpireMod:Ring of Collecting","Ring of Greed","hubris:MobiusCoin","Replay:Bandana","infinitespire:Golems Mask","Bag of Marbles","Whetstone","HandDrill","Runesmith:AutoHammer","hubris:ScarierMask","Iron Hammer","Smiling Mask","Nunchaku","infinitespire:EvilPickle","ScarletEmblem","Ring of Misfortune","Ancient Tea Set"],"acts_visited":["Exordium","TheCity","TheBeyond"],"potions_floor_usage":[33,33],"damage_taken":[{"damage":0,"enemies":"2 Louse","floor":1,"turns":1},{"damage":0,"enemies":"Small Slimes","floor":5,"turns":2},{"damage":0,"enemies":"3 Sentries","floor":6,"turns":2},{"damage":0,"enemies":"Jaw Worm","floor":10,"turns":5},{"damage":3,"enemies":"2 Fungi Beasts","floor":11,"turns":4},{"damage":0,"enemies":"Gremlin Nob","floor":13,"turns":2},{"damage":1,"enemies":"Large Slime","floor":14,"turns":5},{"damage":37,"enemies":"Slime Boss","floor":16,"turns":11},{"damage":18,"enemies":"Chosen","floor":18,"turns":5},{"damage":33,"enemies":"Shell Parasite","floor":19,"turns":2},{"damage":4,"enemies":"Centurion and Healer","floor":21,"turns":3},{"damage":7,"enemies":"Snake Plant","floor":24,"turns":3},{"damage":9,"enemies":"Shelled Parasite and Fungi","floor":29,"turns":6},{"damage":0,"enemies":"Centurion and Healer","floor":30,"turns":1},{"damage":1,"enemies":"Cultist and Chosen","floor":31,"turns":4},{"damage":43,"enemies":"Pondfish","floor":33,"turns":8},{"damage":0,"enemies":"3 Shapes","floor":35,"turns":1},{"damage":12,"enemies":"3 Darklings","floor":39,"turns":4},{"damage":30,"enemies":"Spire Growth","floor":41,"turns":5},{"damage":0,"enemies":"Jaw Worm Horde","floor":46,"turns":2},{"damage":68,"enemies":"Awakened One","floor":50,"turns":11}],"seed_played":"1022741049028498172","potions_obtained":[{"floor":10,"key":"Strength Potion"},{"floor":11,"key":"champ:CounterPotion"},{"floor":21,"key":"Adrenaline Potion"},{"floor":33,"key":"ColorlessPotion"},{"floor":39,"key":"infinitespire:BlackPotion"},{"floor":49,"key":"champ:CounterPotion"}],"is_trial":false,"path_per_floor":["M","?","?","$","M","E","R","?","T","M","M","$","E","M","R","B",null,"M","M","?","M","AVR","R","M","R","T","$","?","M","M","M","R","B",null,"M","?","?","?","M","R","M","R","T","R","?","M","?","?","R_BF","B",null],"character_chosen":"REMILIA","items_purchased":["Maim","Whetstone","EndlessAdversity","HandDrill","FitfulNightmare","Nunchaku","MiserableFate+1","VampireSweep"],"campfire_rested":6,"item_purchase_floors":[4,12,12,12,27,27,27,27],"current_hp_per_floor":[75,75,75,75,75,75,75,68,68,69,68,68,68,68,75,41,75,63,30,30,28,28,50,44,66,66,66,66,63,63,66,75,44,75,75,75,75,75,65,75,55,75,75,75,75,75,75,75,75,53],"gold":1248,"neow_bonus":"THREE_ENEMY_KILL","is_daily":false,"chose_seed":false,"campfire_upgraded":2,"win_rate":0.0,"timestamp":1611542659,"path_taken":["M","?","?","?","M","E","R","?","T","?","M","$","E","M","R","BOSS","M","?","?","M","AVR","R","M","R","T","$","?","M","M","?","R","BOSS","M","?","?","?","?","R","M","R","T","R","?","M","?","?","R_BF","BOSS"],"items_purchased_type":["Card","Relic","Card","Relic","Card","Relic","Card","Card"],"build_version":"2020-12-22","purchased_purges":1,"victory":true,"max_hp_per_floor":[75,75,75,75,75,75,75,75,75,75,75,75,75,75,75,75,75,75,75,75,75,75,75,75,75,75,75,75,75,75,75,75,75,75,75,75,75,75,75,75,75,75,75,75,75,75,75,75,75,75],"card_choices":[{"not_picked":["ScarletImprint","ScarletDevil"],"picked":"BloodHunter","floor":1},{"not_picked":["FavorOfDestiny","ScarletDream"],"picked":"UnstableMagic","floor":5},{"not_picked":["ScarletGensokyo","UnstableMagic"],"picked":"ScarletSymphony","floor":6},{"not_picked":["BloodHunter","CharismaGuard"],"picked":"ScarletDream","floor":10},{"not_picked":["EmergencyRegeneration","BlasphemousPunishment"],"picked":"ChainGang","floor":11},{"not_picked":["Septette","ChaoticDestiny"],"picked":"Maim","floor":13},{"not_picked":["BlasphemousPunishment","UnstableMagic"],"picked":"Ultimatum","floor":14},{"not_picked":["HellCatastrophe","BloodRain"],"picked":"BloodyHallows","floor":16},{"not_picked":["UnderTheZenith+1","BlasphemousPunishment"],"picked":"TwelveNightmare","floor":18},{"not_picked":["VampireClaw","Stigmanizer"],"picked":"MillenniumVampire","floor":19},{"not_picked":["BloodAndWine","BloodyMagicSquare"],"picked":"TwelveNightmare+1","floor":21},{"not_picked":["RedNightlessCastle","BloodAndWine"],"picked":"MiserableFate","floor":21},{"not_picked":["RedRainbow","Stigmanizer"],"picked":"HunterOfTheNight+1","floor":24},{"not_picked":["NightDance+1","CharismaGuard+1"],"picked":"HunterOfTheNight+1","floor":29},{"not_picked":["ScarletDream+1","VampireSweep"],"picked":"ScarletDevil","floor":29},{"not_picked":["UnderTheZenith+1","VampireKiss+1"],"picked":"ScarletDevilSign","floor":30},{"not_picked":["FavorOfDestiny","RedMagic+1"],"picked":"SuperhumanBloodyKnife+1","floor":31},{"not_picked":["BloodyHallows","HellCatastrophe"],"picked":"KillingBlow","floor":33},{"not_picked":["ScarletImprint+1","BlasphemousPunishment+1"],"picked":"Ultimatum+1","floor":35},{"not_picked":["UnderTheZenith","ScarletDevil+1"],"picked":"ChainGang+1","floor":36},{"not_picked":["StarOfDavid","BadLadyScramble"],"picked":"BloodyMagicSquare+1","floor":39},{"not_picked":["BlasphemousPunishment","CharismaGuard+1"],"picked":"VampireClaw+1","floor":41},{"not_picked":["ReplayTheSpireMod:Haul","Replay:Fractal Strike"],"picked":"ReplayTheSpireMod:Book of Names","floor":45},{"not_picked":["UnstableMagic+1","TwelveNightmare"],"picked":"ScarletSymphony+1","floor":46}],"player_experience":113198,"relics_obtained":[{"floor":2,"key":"ReplayTheSpireMod:Ring of Collecting"},{"floor":2,"key":"Ring of Greed"},{"floor":2,"key":"hubris:MobiusCoin"},{"floor":2,"key":"Replay:Bandana"},{"floor":6,"key":"infinitespire:Golems Mask"},{"floor":9,"key":"Bag of Marbles"},{"floor":13,"key":"Runesmith:AutoHammer"},{"floor":26,"key":"Smiling Mask"},{"floor":43,"key":"Ring of Misfortune"},{"floor":43,"key":"Ancient Tea Set"}],"event_choices":[{"damage_healed":0,"gold_gain":0,"player_choice":"Damaged","damage_taken":7,"max_hp_gain":0,"max_hp_loss":0,"event_name":"Wheel of Change","floor":8,"gold_loss":0},{"damage_healed":0,"gold_gain":100,"player_choice":"Pray","damage_taken":0,"max_hp_gain":0,"max_hp_loss":0,"event_name":"Golden Shrine","floor":28,"gold_loss":0},{"damage_healed":0,"gold_gain":0,"player_choice":"Ignored","damage_taken":0,"max_hp_gain":0,"max_hp_loss":0,"event_name":"Mysterious Sphere","floor":37,"gold_loss":0},{"damage_healed":0,"gold_gain":100,"player_choice":"Pray","damage_taken":0,"max_hp_gain":0,"max_hp_loss":0,"event_name":"Golden Shrine","floor":38,"gold_loss":0},{"damage_healed":0,"gold_gain":0,"player_choice":"Ignored","damage_taken":0,"max_hp_gain":0,"max_hp_loss":0,"event_name":"Tomb of Lord Red Mask","floor":47,"gold_loss":0},{"damage_healed":0,"gold_gain":0,"player_choice":"Ignored","damage_taken":0,"max_hp_gain":0,"max_hp_loss":0,"event_name":"OrinTheCat","floor":48,"gold_loss":0}],"is_beta":false,"boss_relics":[{"not_picked":["ReplayTheSpireMod:DimensionalGlitch","Runic Pyramid"],"picked":"hubris:ScarierMask"},{"not_picked":["Coffee Dripper","hubris:Backtick"],"picked":"ScarletEmblem"}],"items_purged_floors":[22],"is_endless":false,"potions_floor_spawned":[10,11,21,24,30,33,39,41],"ascension_level":0}}