{"host":"27wa8ufp4ryspt1p","time":1611611984,"event":{"mods":["2.2 Compatiblity","A Penny For Your Troubles","Abigail Mod","Act Like it!","Aspiration","BaseMod","Better Altar","Better Match","Better Note","Better Skull","Better Third Choice","Colored Map","Conspire","Curses Come First","Dota2Spire","Downfall-Rebalance","Elementarium","Energized Spire","Fox Events","Friendly Minions","Gensokyo","GifTheSpireLib","Gold Saver","Halation","Hallownest","HololiveMod","Hubris","Humility","Infinite Spire","Keyboard Shortcuts","Menagerie","Mimic Mod","Minty Spire (QoL Compilation)","Pale of the Ancients","Poor People Problems","Quarter Circle Forward PUNCH!","Reimu??????","Relic Filter Mod","Relic Sorter","Relic Stats","Reliquary","Replay The Spire","Reworked Bosses","Shop Mod","Spicy Shops","Spikes Relics","Spire Arcade","StSLib","Stuff the Spire","SuperFastMode","The Cursed","The Exalted","The Judge","The Necromancer","Trackpad","Waifu the Spire","Wandering Minibosses","[IsaacMod]????","??????REMEMod","????"],"gold_per_floor":[110,190,222,97,107,107,135,224,257,257,287,143,166,266,266,303,303,292,301,156,156,163,12,12,12],"floor_reached":24,"language":"SPA","playtime":740,"items_purged":[],"score":494,"play_id":"56ce4300-3cc9-467b-a65c-9cec30b18300","local_time":"20210125155944","daily_mods":["SealedDeck","Colorless Cards","Heirloom","Elite Swarm","Lethality"],"is_ascension_mode":true,"campfire_choices":[{"floor":6.0,"key":"RECALL"},{"data":"ReplayUltimateDefense","floor":10.0,"key":"SMITH"},{"data":"TheCursedMod:CollectTribute","floor":15.0,"key":"SMITH"}],"circlet_count":0,"master_deck":["AscendersBane","BettingIsNotGood","Madness","Flash of Steel","Panacea","TheCursedMod:SpitefulStrike","TheCursedMod:SpreadPlague","TheCursedMod:CursedBoomerang","TheCursedMod:WearCloak","TheCursedMod:RavingStaff","TheCursedMod:SpitefulStrike","TheCursedMod:CursedBoomerang","Burst","TheCursedMod:Hemoplague","expansioncontent:GoopSpray+1","TheCursedMod:WearCloak","ReplayUltimateDefense+1","TheCursedMod:Obscuration","TheCursedMod:CollectTribute+1","TheCursedMod:OutForBlood","Shame","expansioncontent:DashGenerateEvil","wanderingMiniBosses:FinaleOfPromise","Crystallizer+1"],"relics":["TheCursedMod:BlackMagic101","HushsDoor","REME_ComplimentaryCards","Replay:Towering Pillar of Hats","YumHeart","White Beast Statue","halation:VictoryRuler","Menagerie:Aurumvore","aspiration:DefectSkillbook","MerchantsRug","Bloody Idol","wanderingMiniBosses:Blackblade"],"acts_visited":["Menagerie:Menagerie","TheCity"],"potions_floor_usage":[16,16,17],"damage_taken":[{"damage":0.0,"enemies":"Menagerie:2_RABBITS","floor":1.0,"turns":1.0},{"damage":16.0,"enemies":"Menagerie:MonstrousExperiment","floor":3.0,"turns":2.0},{"damage":0.0,"enemies":"Menagerie:StygianBoar","floor":5.0,"turns":1.0},{"damage":15.0,"enemies":"Menagerie:Hydra","floor":7.0,"turns":3.0},{"damage":15.0,"enemies":"Menagerie:DREAD_MOTH_AND_GRAFTED_WORMS","floor":9.0,"turns":4.0},{"damage":30.0,"enemies":"Menagerie:MaskedSummoner","floor":11.0,"turns":5.0},{"damage":7.0,"enemies":"Menagerie:Hydra","floor":13.0,"turns":4.0},{"damage":0,"enemies":"Menagerie:Chimera","floor":16,"turns":4},{"damage":16,"enemies":"2 Thieves","floor":18,"turns":2},{"damage":8,"enemies":"conspire:FuzzyDice","floor":19,"turns":3},{"damage":15,"enemies":"conspire:HollyBat","floor":22,"turns":7},{"damage":21,"enemies":"Slavers","floor":24,"turns":1}],"seed_played":"476359341643284190","potions_obtained":[{"floor":3.0,"key":"SneckoOil"},{"floor":9.0,"key":"Elixir"},{"floor":11.0,"key":"SpeedPotion"},{"floor":13.0,"key":"DistilledChaos"},{"floor":16,"key":"REME_GoldPotion"},{"floor":18,"key":"Explosive Potion"},{"floor":19,"key":"sneckomod:MuddlingPotion"},{"floor":22,"key":"TheCursedMod:DregsPotion"}],"is_trial":true,"path_per_floor":["M","?","M","?","M","R","E","?","MIM","R","E","?","E","?","R_BF","B",null,"M","M","$","?","M","R","E"],"character_chosen":"THE_CURSED","items_purchased":["MerchantsRug","Crystallizer+1"],"campfire_rested":0,"item_purchase_floors":[20,23],"current_hp_per_floor":[64,64,71,71,71,71,56,41,51,51,21,21,14,14,14,14,57,41,58,58,19,9,19,0,0],"gold":12,"neow_bonus":"","is_daily":false,"chose_seed":false,"campfire_upgraded":2,"win_rate":0.0,"timestamp":1611611984,"path_taken":["?","?","M","?","?","R","E","?","MIM","R","E","?","E","?","R_BF","BOSS","M","M","$","?","M","R","E"],"items_purchased_type":["Relic","Card"],"build_version":"2020-12-22","purchased_purges":0,"victory":false,"max_hp_per_floor":[71,71,71,71,71,71,71,71,71,71,71,71,71,71,71,71,71,71,71,71,71,71,71,71,71],"relic_stats":{"counters":[12,37],"Bloody Idol":15,"obtain_stats":[{"KeepersGift":0,"TheCursedMod:BlackMagic101":0,"MerchantsRug":20,"Replay:Towering Pillar of Hats":0,"White Beast Statue":7,"reliquary:ExpiredCoupon":13,"YumHeart":0,"aspiration:DefectSkillbook":17,"wanderingMiniBosses:Blackblade":22,"Bloody Idol":21,"halation:VictoryRuler":11,"Menagerie:Aurumvore":12,"HushsDoor":0,"REME_ComplimentaryCards":0},{"KeepersGift":0,"TheCursedMod:BlackMagic101":0,"MerchantsRug":10,"Replay:Towering Pillar of Hats":0,"White Beast Statue":4,"reliquary:ExpiredCoupon":7,"YumHeart":0,"aspiration:DefectSkillbook":8,"wanderingMiniBosses:Blackblade":11,"Bloody Idol":10,"halation:VictoryRuler":6,"Menagerie:Aurumvore":6,"HushsDoor":0,"REME_ComplimentaryCards":0},{"KeepersGift":0,"TheCursedMod:BlackMagic101":0,"MerchantsRug":29,"Replay:Towering Pillar of Hats":0,"White Beast Statue":7,"reliquary:ExpiredCoupon":20,"YumHeart":0,"aspiration:DefectSkillbook":24,"wanderingMiniBosses:Blackblade":36,"Bloody Idol":29,"halation:VictoryRuler":16,"Menagerie:Aurumvore":16,"HushsDoor":0,"REME_ComplimentaryCards":0}]},"card_choices":[{"not_picked":[],"picked":"BettingIsNotGood","floor":0.0},{"not_picked":["TheCursedMod:DemonicPact","TheCursedMod:TacticalStrike","Degenerate"],"picked":"SKIP","floor":1.0},{"not_picked":["TheCursedMod:CursedBlade","TheCursedMod:Wield"],"picked":"TheCursedMod:Hemoplague","floor":3.0},{"not_picked":["hubris:Insight+1","expansioncontent:PrepareCrush+1"],"picked":"expansioncontent:GoopSpray+1","floor":4.0},{"not_picked":["TheCursedMod:UltimatePain","TheCursedMod:Stigma"],"picked":"TheCursedMod:WearCloak","floor":5.0},{"not_picked":["TheCursedMod:ShockAndAwe","TheCursedMod:DemonSword"],"picked":"ReplayUltimateDefense","floor":7.0},{"not_picked":["TheCursedMod:VitalStrike","expansioncontent:ManipulateTime"],"picked":"TheCursedMod:Obscuration","floor":9.0},{"not_picked":["Thinking Ahead","TheCursedMod:DemonSword"],"picked":"TheCursedMod:CollectTribute","floor":11.0},{"not_picked":["REME_BuildACard","REME_BodyOfCthun"],"picked":"TheCursedMod:OutForBlood","floor":13.0},{"not_picked":["DoctorFetus","hubris:EnhanceAbility"],"picked":"expansioncontent:DashGenerateEvil","floor":16},{"not_picked":["Conserve Battery","TheCursedMod:VitalStrike","TheCursedMod:CursedMace","TheCursedMod:ReleasedKnowledge"],"picked":"SKIP","floor":18},{"not_picked":["TheCursedMod:CursedBlade","TheCursedMod:ReleasedKnowledge","TheCursedMod:WearCloak","Streamline"],"picked":"SKIP","floor":19},{"not_picked":[],"picked":"wanderingMiniBosses:FinaleOfPromise","floor":22},{"not_picked":["TheCursedMod:VitalStrike","TheCursedMod:CursedAmulet","TheCursedMod:Stigma","TheCursedMod:CircleOfFlame"],"picked":"SKIP","floor":22}],"player_experience":3935960,"relics_obtained":[{"floor":7.0,"key":"White Beast Statue"},{"floor":11.0,"key":"halation:VictoryRuler"},{"floor":13.0,"key":"reliquary:ExpiredCoupon"},{"floor":22,"key":"wanderingMiniBosses:Blackblade"}],"event_choices":[{"damage_healed":0.0,"max_hp_gain":0.0,"max_hp_loss":0.0,"gold_gain":0.0,"event_name":"betterMatch:BetterMatch","player_choice":"2","floor":4.0,"gold_loss":0.0,"damage_taken":0.0,"cards_obtained":["betterMatch:CommonCard","betterMatch:ColorlessUncommonCard"]},{"damage_healed":0.0,"max_hp_gain":0.0,"max_hp_loss":0.0,"gold_gain":0.0,"event_name":"Menagerie:ScentOfGold","player_choice":"Pacify","floor":12.0,"gold_loss":0.0,"damage_taken":0.0,"relics_obtained":["Menagerie:Aurumvore"]},{"damage_healed":0.0,"max_hp_gain":0.0,"max_hp_loss":0.0,"gold_gain":200.0,"event_name":"Menagerie:SpiderNest","player_choice":"Raid","floor":14.0,"gold_loss":0.0,"damage_taken":0.0,"cards_obtained":["Shame"]},{"damage_healed":0,"gold_gain":0,"player_choice":" Idol ","damage_taken":39,"relics_obtained":["Bloody Idol"],"max_hp_gain":58,"max_hp_loss":19,"event_name":"betterAltar:BetterAltar","floor":21,"potions_obtained":[],"relics_lost":[],"gold_loss":0}],"is_beta":false,"boss_relics":[{"not_picked":["TheCursedMod:OminousMark","Dota2Spire:RefresherOrb"],"picked":"aspiration:DefectSkillbook"},{"not_picked":[]}],"items_purged_floors":[],"is_endless":false,"potions_floor_spawned":[3,9,11,13,16,18,19,22],"killed_by":"Slavers","ascension_level":20,"is_humility":true}}