{"host":"iph0xvuia0glosgr","time":1611535708,"event":{"mods":["AchievementEnabler","BaseMod","Minty Spire (QoL Compilation)"],"gold_per_floor":[109,109,109,123,123,157,157,184,209,238,253,267,30,47,47,146,146,166,166,193,206,206,239,67,94,94,126,138,14,26,37,37,137,137,156,173,188,204,19,51,51,51,77,92,103,123,154,169,169,169],"floor_reached":51,"language":"ENG","playtime":3103,"items_purged":["Normality"],"score":945,"play_id":"9e9d080e-5678-42c3-8b1e-8d7465a5d65f","local_time":"20210125004828","is_ascension_mode":true,"campfire_choices":[{"data":"Bash","floor":7,"key":"SMITH"},{"floor":15,"key":"REST"},{"data":"Spot Weakness","floor":32,"key":"SMITH"},{"data":"Flex","floor":41,"key":"SMITH"},{"data":"The Bomb","floor":49,"key":"SMITH"}],"circlet_count":0,"master_deck":["Strike_R+1","Strike_R+1","Strike_R","Strike_R","Strike_R","Defend_R","Defend_R","Defend_R","Bash+1","Flex+1","Blood for Blood+1","Sword Boomerang","Anger","Spot Weakness+1","Sword Boomerang+1","Thunderclap+1","Limit Break","Pummel+1","Thunderclap+1","Rage","Power Through","Twin Strike+1","Reaper+1","Iron Wave+1","Searing Blow+1","Fire Breathing+1","Wild Strike+1","Carnage+1","Pommel Strike+1","Iron Wave+1","Wild Strike+1","Inflame+1","Sword Boomerang+1","Flex","Perfected Strike+1","Double Tap","Sword Boomerang+1","Iron Wave+1","Perfected Strike+1","Twin Strike+1","The Bomb+1","Sword Boomerang+1","Bash+1","Twin Strike+1","Anger+1","Double Tap","Cleave+1","Uppercut+1"],"relics":["Burning Blood","Happy Flower","Anchor","Bag of Marbles","Molten Egg 2","Cursed Key","InkBottle","Red Mask","MutagenicStrength","Gremlin Horn","Omamori","Darkstone Periapt","Boot","Mark of Pain","Bottled Flame","Whetstone","StoneCalendar"],"acts_visited":["Exordium","TheCity","TheBeyond"],"potions_floor_usage":[6,8,11,20,25,25,27,35,40,40,46,47,50],"damage_taken":[{"damage":3,"enemies":"2 Louse","floor":1,"turns":3},{"damage":1,"enemies":"Cultist","floor":4,"turns":3},{"damage":21,"enemies":"Lagavulin","floor":6,"turns":5},{"damage":49,"enemies":"3 Sentries","floor":8,"turns":7},{"damage":26,"enemies":"Lagavulin","floor":10,"turns":4},{"damage":0,"enemies":"Jaw Worm","floor":11,"turns":1},{"damage":0,"enemies":"Gremlin Gang","floor":12,"turns":3},{"damage":0,"enemies":"Exordium Thugs","floor":14,"turns":2},{"damage":46,"enemies":"Hexaghost","floor":16,"turns":5},{"damage":6,"enemies":"3 Byrds","floor":18,"turns":3},{"damage":17,"enemies":"Masked Bandits","floor":20,"turns":4},{"damage":11,"enemies":"Spheric Guardian","floor":21,"turns":3},{"damage":44,"enemies":"Book of Stabbing","floor":23,"turns":5},{"damage":22,"enemies":"Slavers","floor":25,"turns":4},{"damage":18,"enemies":"Book of Stabbing","floor":27,"turns":3},{"damage":2,"enemies":"Snake Plant","floor":28,"turns":2},{"damage":3,"enemies":"Snecko","floor":30,"turns":3},{"damage":11,"enemies":"Sentry and Sphere","floor":31,"turns":3},{"damage":85,"enemies":"Automaton","floor":33,"turns":7},{"damage":0,"enemies":"3 Darklings","floor":35,"turns":2},{"damage":0,"enemies":"Orb Walker","floor":36,"turns":2},{"damage":7,"enemies":"4 Shapes","floor":37,"turns":1},{"damage":29,"enemies":"Transient","floor":38,"turns":5},{"damage":2,"enemies":"Nemesis","floor":40,"turns":3},{"damage":0,"enemies":"3 Darklings","floor":44,"turns":1},{"damage":0,"enemies":"Writhing Mass","floor":45,"turns":2},{"damage":4,"enemies":"Sphere and 2 Shapes","floor":46,"turns":3},{"damage":0,"enemies":"Giant Head","floor":47,"turns":3},{"damage":0,"enemies":"4 Shapes","floor":48,"turns":1},{"damage":94,"enemies":"Awakened One","floor":50,"turns":6}],"seed_played":"-6796313957293832056","potions_obtained":[{"floor":1,"key":"SteroidPotion"},{"floor":4,"key":"Regen Potion"},{"floor":8,"key":"SteroidPotion"},{"floor":12,"key":"ElixirPotion"},{"floor":18,"key":"SpeedPotion"},{"floor":23,"key":"SkillPotion"},{"floor":25,"key":"ColorlessPotion"},{"floor":28,"key":"FairyPotion"},{"floor":33,"key":"Explosive Potion"},{"floor":37,"key":"Regen Potion"},{"floor":38,"key":"Fire Potion"},{"floor":40,"key":"Energy Potion"},{"floor":44,"key":"FairyPotion"},{"floor":45,"key":"Energy Potion"},{"floor":47,"key":"PowerPotion"}],"is_trial":false,"path_per_floor":["M","?","?","M","?","E","R","E","T","E","M","M","$","M","R","B",null,"M","T","?","M","?","E","$","E","T","E","M","$","M","M","R","B",null,"M","M","M","M","$","E","R","?","T","M","M","M","E","M","R","B",null],"character_chosen":"IRONCLAD","items_purchased":["Pummel+1","Thunderclap+1","Rage","Power Through","Carnage+1","Pommel Strike+1","BloodPotion","Sword Boomerang+1","The Bomb"],"campfire_rested":1,"item_purchase_floors":[13,13,13,13,24,24,24,29,39],"current_hp_per_floor":[80,80,80,80,80,65,65,37,37,17,23,29,29,35,59,19,80,80,80,76,71,71,42,42,42,42,37,41,41,44,51,51,30,80,80,80,80,57,57,80,80,80,80,80,80,80,80,80,80,30],"gold":169,"neow_bonus":"THREE_CARDS","is_daily":false,"chose_seed":false,"campfire_upgraded":4,"win_rate":0.0,"timestamp":1611535708,"path_taken":["M","?","?","M","?","E","R","E","T","E","M","M","$","M","R","BOSS","M","?","?","M","?","E","?","E","T","E","?","$","M","M","R","BOSS","M","M","M","M","$","E","R","?","T","?","M","M","E","M","R","BOSS"],"items_purchased_type":["Card","Card","Card","Card","Card","Card","Potion","Card","Card"],"build_version":"2020-12-22","purchased_purges":1,"victory":true,"max_hp_per_floor":[80,80,80,80,80,80,80,80,80,80,80,80,80,80,80,80,80,80,80,80,80,80,80,80,80,80,80,80,80,80,80,80,80,80,80,80,80,80,80,80,80,80,80,80,80,80,80,80,80,80],"card_choices":[{"not_picked":["Metallicize","Sever Soul"],"picked":"Flex","floor":0},{"not_picked":["Body Slam","Seeing Red"],"picked":"Blood for Blood","floor":1},{"not_picked":["Thunderclap","Clash"],"picked":"Sword Boomerang","floor":4},{"not_picked":["Havoc","Clothesline"],"picked":"Anger","floor":6},{"not_picked":["Burning Pact","Reaper"],"picked":"Spot Weakness","floor":8},{"not_picked":["Disarm","Body Slam+1"],"picked":"Sword Boomerang+1","floor":10},{"not_picked":["Twin Strike+1","Power Through"],"picked":"Thunderclap+1","floor":11},{"not_picked":["Body Slam+1","Cleave+1"],"picked":"Limit Break","floor":12},{"not_picked":["Clash+1","Burning Pact"],"picked":"Twin Strike+1","floor":14},{"not_picked":["Bludgeon+1","Berserk"],"picked":"Reaper+1","floor":16},{"not_picked":["True Grit","Wild Strike+1"],"picked":"Iron Wave+1","floor":18},{"not_picked":["Sword Boomerang+1","Hemokinesis+1"],"picked":"Searing Blow+1","floor":20},{"not_picked":["Flex","Armaments"],"picked":"Fire Breathing+1","floor":21},{"not_picked":["True Grit","Fire Breathing"],"picked":"Wild Strike+1","floor":23},{"not_picked":["Offering","Anger+1"],"picked":"Iron Wave+1","floor":25},{"not_picked":["Havoc","Sever Soul+1"],"picked":"Wild Strike+1","floor":27},{"not_picked":["Armaments","Bludgeon+1"],"picked":"Inflame+1","floor":28},{"not_picked":["Thunderclap+1","Hemokinesis+1"],"picked":"Flex","floor":30},{"not_picked":["Havoc","Clash+1"],"picked":"Perfected Strike+1","floor":31},{"not_picked":["Barricade","Brutality"],"picked":"Double Tap","floor":33},{"not_picked":["Searing Blow+1","Havoc"],"picked":"Sword Boomerang+1","floor":35},{"not_picked":["Bloodletting","Fiend Fire+1"],"picked":"Iron Wave+1","floor":36},{"not_picked":["Sword Boomerang+1","Body Slam+1"],"picked":"Perfected Strike+1","floor":37},{"not_picked":["Rupture","Iron Wave+1"],"picked":"Twin Strike+1","floor":38},{"not_picked":["Berserk","Clothesline+1"],"picked":"Sword Boomerang+1","floor":40},{"not_picked":["True Grit","Pommel Strike+1"],"picked":"Twin Strike+1","floor":44},{"not_picked":["Clash+1","Iron Wave+1"],"picked":"Anger+1","floor":45},{"not_picked":["Clothesline+1","Anger+1"],"picked":"Double Tap","floor":46},{"not_picked":["Sword Boomerang+1","Shockwave"],"picked":"Cleave+1","floor":47},{"not_picked":["Ghostly Armor","Thunderclap+1"],"picked":"Uppercut+1","floor":48}],"player_experience":235763,"relics_obtained":[{"floor":6,"key":"Happy Flower"},{"floor":8,"key":"Anchor"},{"floor":9,"key":"Bag of Marbles"},{"floor":10,"key":"Molten Egg 2"},{"floor":19,"key":"InkBottle"},{"floor":20,"key":"Red Mask"},{"floor":23,"key":"Gremlin Horn"},{"floor":25,"key":"Omamori"},{"floor":26,"key":"Darkstone Periapt"},{"floor":27,"key":"Boot"},{"floor":40,"key":"Bottled Flame"},{"floor":43,"key":"Whetstone"},{"floor":47,"key":"StoneCalendar"}],"event_choices":[{"damage_healed":0,"gold_gain":0,"player_choice":"Leave","damage_taken":0,"max_hp_gain":0,"max_hp_loss":0,"event_name":"The Cleric","floor":2,"gold_loss":0},{"damage_healed":0,"gold_gain":0,"player_choice":"Grow","damage_taken":0,"max_hp_gain":0,"max_hp_loss":0,"event_name":"Living Wall","floor":3,"gold_loss":0,"cards_upgraded":["Blood for Blood"]},{"cards_removed":["Defend_R"],"damage_healed":0,"gold_gain":0,"player_choice":"Card Removal","damage_taken":0,"max_hp_gain":0,"max_hp_loss":0,"event_name":"Wheel of Change","floor":5,"gold_loss":0},{"damage_healed":0,"gold_gain":0,"player_choice":"Fought Bandits","damage_taken":0,"max_hp_gain":0,"max_hp_loss":0,"event_name":"Masked Bandits","floor":20,"gold_loss":0},{"damage_healed":0,"gold_gain":0,"player_choice":"Inject Mutagens","damage_taken":0,"relics_obtained":["MutagenicStrength"],"max_hp_gain":0,"max_hp_loss":0,"event_name":"Drug Dealer","floor":22,"gold_loss":0},{"damage_healed":0,"gold_gain":0,"player_choice":"1 cards matched","damage_taken":0,"max_hp_gain":0,"max_hp_loss":0,"event_name":"Match and Keep!","floor":42,"gold_loss":0,"cards_obtained":["Bash"]}],"is_beta":false,"boss_relics":[{"not_picked":["Runic Dome","Empty Cage"],"picked":"Cursed Key"},{"not_picked":["Philosopher\u0027s Stone","Black Star"],"picked":"Mark of Pain"}],"items_purged_floors":[29],"is_endless":false,"potions_floor_spawned":[1,4,8,12,18,23,25,28,33,37,38,40,44,45,47],"ascension_level":2}}