{"host":"srk2drlvga69hbot","time":1611552453,"event":{"mods":["BaseMod","Bestiary","Block Reminder","Colored Map","Colored Powertips","Dark Map","DeckTracker","Highlight Path","Minty Spire (QoL Compilation)","Quick Restart","Rare Cards Sparkle","Relic Stats","SuperFastMode","Unceasing Turn Reminder"],"gold_per_floor":[119,69,69,35,50,76,87,104,104,104,118,118,138,156,156,255,255,265,265,35,35,55,81,95,95,141,174,174,89,101,200,200,200,200],"floor_reached":33,"language":"ZHS","playtime":1011,"items_purged":[],"score":437,"play_id":"0bd01117-9deb-4de5-abee-c1ffb35718ba","local_time":"20210125132733","is_ascension_mode":true,"campfire_choices":[{"floor":15.0,"key":"REST"},{"data":"Calculated Gamble","floor":25,"key":"SMITH"},{"floor":28,"key":"REST"},{"floor":32,"key":"REST"}],"circlet_count":0,"master_deck":["Strike_G","Strike_G","Defend_G","Defend_G","Defend_G","Defend_G","Defend_G","Survivor","Neutralize","Backstab","Tactician","Bouncing Flask","All Out Attack","Acrobatics","Backflip","Catalyst","Corpse Explosion","Blade Dance+1","Calculated Gamble+1","Backstab","Concentrate"],"relics":["Ring of the Snake","NeowsBlessing","MealTicket","Kunai","HornCleat","SacredBark","Membership Card","Centennial Puzzle","MutagenicStrength","White Beast Statue","Smiling Mask","Meat on the Bone","Art of War"],"acts_visited":["Exordium","TheCity"],"potions_floor_usage":[23,23,33,33],"damage_taken":[{"damage":0.0,"enemies":"Jaw Worm","floor":1.0,"turns":1.0},{"damage":0.0,"enemies":"Small Slimes","floor":5.0,"turns":1.0},{"damage":0.0,"enemies":"Lagavulin","floor":6.0,"turns":1.0},{"damage":0.0,"enemies":"Cultist","floor":7.0,"turns":3.0},{"damage":3.0,"enemies":"Looter","floor":8.0,"turns":2.0},{"damage":10.0,"enemies":"Gremlin Gang","floor":11.0,"turns":4.0},{"damage":7.0,"enemies":"Exordium Thugs","floor":13.0,"turns":4.0},{"damage":9.0,"enemies":"2 Fungi Beasts","floor":14.0,"turns":3.0},{"damage":26.0,"enemies":"Slime Boss","floor":16.0,"turns":6.0},{"damage":6.0,"enemies":"3 Byrds","floor":18.0,"turns":2.0},{"damage":22.0,"enemies":"2 Thieves","floor":22.0,"turns":2.0},{"damage":15,"enemies":"Gremlin Leader","floor":23,"turns":5},{"damage":13,"enemies":"Snecko","floor":24,"turns":4},{"damage":46,"enemies":"Book of Stabbing","floor":27,"turns":5},{"damage":13,"enemies":"Snake Plant","floor":30,"turns":3},{"damage":49,"enemies":"Champ","floor":33,"turns":12}],"seed_played":"-8577142202407131119","potions_obtained":[{"floor":6.0,"key":"Regen Potion"},{"floor":7.0,"key":"SteroidPotion"},{"floor":8.0,"key":"AttackPotion"},{"floor":22.0,"key":"Strength Potion"},{"floor":24,"key":"Explosive Potion"},{"floor":27,"key":"LiquidMemories"},{"floor":30,"key":"Dexterity Potion"}],"is_trial":false,"path_per_floor":["M","?","?","$","M","E","M","M","T","?","M","T","M","M","R","B",null,"M","?","$","?","M","E","M","R","T","E","R","?","M","?","R","B"],"character_chosen":"THE_SILENT","items_purchased":["Tactician","Membership Card","Centennial Puzzle"],"campfire_rested":3,"item_purchase_floors":[4,20,20],"current_hp_per_floor":[63,63,56,56,56,56,56,53,53,53,43,43,36,27,48,22,58,52,52,67,67,45,62,49,49,49,3,24,24,23,23,44,0,0],"gold":200,"neow_bonus":"THREE_ENEMY_KILL","is_daily":false,"chose_seed":false,"campfire_upgraded":1,"win_rate":0.0,"timestamp":1611552453,"path_taken":["M","?","?","?","?","E","M","M","T","?","?","?","M","M","R","BOSS","M","?","$","?","M","E","?","R","T","E","R","?","M","?","R","BOSS"],"items_purchased_type":["Card","Relic","Relic"],"build_version":"2020-12-22","purchased_purges":0,"victory":false,"max_hp_per_floor":[70,70,70,70,70,70,70,70,70,70,70,70,70,70,70,70,70,70,70,70,70,70,70,70,70,70,70,70,70,70,70,70,70,70],"relic_stats":{"Centennial Puzzle":[18],"counters":[16,58],"MealTicket":15,"Art of War":[2],"Kunai":[18],"Smiling Mask":0,"obtain_stats":[{"NeowsBlessing":0,"SacredBark":17,"Smiling Mask":26,"White Beast Statue":23,"Centennial Puzzle":20,"HornCleat":12,"MutagenicStrength":21,"MealTicket":6,"Art of War":29,"Kunai":9,"Membership Card":20,"Ring of the Snake":0,"Meat on the Bone":27},{"NeowsBlessing":0,"SacredBark":9,"Smiling Mask":13,"White Beast Statue":12,"Centennial Puzzle":10,"HornCleat":6,"MutagenicStrength":10,"MealTicket":3,"Art of War":14,"Kunai":5,"Membership Card":10,"Ring of the Snake":0,"Meat on the Bone":14},{"NeowsBlessing":0,"SacredBark":25,"Smiling Mask":38,"White Beast Statue":34,"Centennial Puzzle":27,"HornCleat":12,"MutagenicStrength":27,"MealTicket":3,"Art of War":43,"Kunai":8,"Membership Card":27,"Ring of the Snake":0,"Meat on the Bone":43}],"Ring of the Snake":[32],"Meat on the Bone":12},"card_choices":[{"not_picked":["Prepared","Backflip"],"picked":"Backstab","floor":1.0},{"not_picked":["Deflect","Accuracy"],"picked":"Bouncing Flask","floor":5.0},{"not_picked":["Dagger Spray","Flying Knee"],"picked":"All Out Attack","floor":6.0},{"not_picked":["PiercingWail","Deadly Poison"],"picked":"Acrobatics","floor":7.0},{"not_picked":["Blur","Bullet Time","Quick Slash"],"picked":"SKIP","floor":8.0},{"not_picked":["Well Laid Plans","Infinite Blades"],"picked":"Backflip","floor":11.0},{"not_picked":["Heel Hook","Backflip"],"picked":"Catalyst","floor":13.0},{"not_picked":["Well Laid Plans","Quick Slash","Deflect"],"picked":"SKIP","floor":14.0},{"not_picked":["Doppelganger","After Image"],"picked":"Corpse Explosion","floor":16.0},{"not_picked":["Poisoned Stab","Heel Hook","Acrobatics"],"picked":"SKIP","floor":18.0},{"not_picked":["Masterful Stab","Dagger Spray+1"],"picked":"Blade Dance+1","floor":22.0},{"not_picked":["Setup","Dash+1","Deflect"],"picked":"SKIP","floor":23},{"not_picked":["Slice","Outmaneuver"],"picked":"Calculated Gamble","floor":24},{"not_picked":["Skewer","Dagger Throw+1"],"picked":"Backstab","floor":27},{"not_picked":["Flying Knee","Infinite Blades"],"picked":"Concentrate","floor":30}],"player_experience":242218,"relics_obtained":[{"floor":6.0,"key":"MealTicket"},{"floor":9.0,"key":"Kunai"},{"floor":12.0,"key":"HornCleat"},{"floor":23,"key":"White Beast Statue"},{"floor":26,"key":"Smiling Mask"},{"floor":27,"key":"Meat on the Bone"}],"event_choices":[{"cards_removed":["Strike_G"],"damage_healed":0.0,"max_hp_gain":0.0,"max_hp_loss":0.0,"gold_gain":0.0,"event_name":"The Cleric","player_choice":"Card Removal","floor":2.0,"gold_loss":50.0,"damage_taken":0.0},{"cards_removed":["Strike_G"],"damage_healed":0.0,"max_hp_gain":0.0,"max_hp_loss":0.0,"gold_gain":0.0,"event_name":"Golden Wing","player_choice":"Card Removal","floor":3.0,"gold_loss":0.0,"damage_taken":7.0},{"damage_healed":0.0,"max_hp_gain":0.0,"max_hp_loss":0.0,"gold_gain":0.0,"event_name":"The Woman in Blue","player_choice":"Bought 0 Potions","floor":10.0,"gold_loss":0.0,"damage_taken":0.0},{"cards_removed":["Strike_G"],"damage_healed":0.0,"max_hp_gain":0.0,"max_hp_loss":0.0,"gold_gain":0.0,"event_name":"Back to Basics","player_choice":"Elegance","floor":19.0,"gold_loss":0.0,"damage_taken":0.0},{"damage_healed":0.0,"max_hp_gain":0.0,"max_hp_loss":0.0,"gold_gain":0.0,"event_name":"Drug Dealer","player_choice":"Inject Mutagens","floor":21.0,"gold_loss":0.0,"damage_taken":0.0,"relics_obtained":["MutagenicStrength"]},{"damage_healed":0,"gold_gain":0,"player_choice":"Obtained Relic","damage_taken":0,"relics_obtained":["Art of War"],"max_hp_gain":0,"max_hp_loss":0,"event_name":"Addict","floor":29,"gold_loss":85},{"damage_healed":0,"gold_gain":99,"player_choice":"Stole From Cult","damage_taken":0,"max_hp_gain":0,"max_hp_loss":0,"event_name":"Nest","floor":31,"gold_loss":0}],"is_beta":false,"boss_relics":[{"not_picked":["Coffee Dripper","Busted Crown"],"picked":"SacredBark"}],"items_purged_floors":[],"is_endless":false,"potions_floor_spawned":[6,7,8,13,22,24,27,30],"killed_by":"Champ","ascension_level":8}}