{"host":"gobyjzz6xbwq9f9i","time":1611537082,"event":{"mods":["AchievementEnabler","BaseMod","Bestiary","Colored Map","Minty Spire (QoL Compilation)"],"gold_per_floor":[11,11,22,35,49,49,124,150,175,175,187,61,72,101,101,203,203,222,21,33,33,45,45,73,73,96,96,131,145,161,179,179,275,275,293,308,324,36,36,36,36,69,94,109,109,134,134,10,10,10],"floor_reached":51,"language":"ENG","playtime":2060,"items_purged":["Strike_R","Strike_R","Doubt","Parasite"],"score":1323,"play_id":"cf685d96-e3bd-4663-adec-4b0e72b84846","local_time":"20210124171122","is_ascension_mode":true,"campfire_choices":[{"data":"Clothesline","floor":6.0,"key":"SMITH"},{"data":"Flame Barrier","floor":10.0,"key":"SMITH"},{"data":"Inflame","floor":15.0,"key":"SMITH"},{"data":"Heavy Blade","floor":23,"key":"SMITH"},{"data":"Power Through","floor":25,"key":"SMITH"},{"data":"Impervious","floor":32,"key":"SMITH"},{"data":"Offering","floor":40,"key":"SMITH"},{"data":"Disarm","floor":45,"key":"SMITH"},{"data":"Pummel","floor":49,"key":"SMITH"}],"circlet_count":0,"master_deck":["AscendersBane","Strike_R+1","Strike_R+1","Defend_R+1","Defend_R+1","Defend_R+1","Defend_R+1","Bash","Cleave+1","Clothesline+1","Power Through+1","Flame Barrier+1","Pommel Strike","Inflame+1","Heavy Blade+1","Impervious+1","Headbutt+1","Shrug It Off","Reaper","Thunderclap","Offering+1","True Grit+1","Disarm+1","Pummel+1","Infernal Blade+1"],"relics":["Burning Blood","Smiling Mask","Juzu Bracelet","Vajra","Cursed Key","Brimstone","Pen Nib","PreservedInsect","CaptainsWheel","SlaversCollar","Paper Frog","Red Skull","Happy Flower","Dream Catcher"],"acts_visited":["Exordium","TheCity","TheBeyond"],"potions_floor_usage":[24,24,28,42,50,50],"damage_taken":[{"damage":0.0,"enemies":"Small Slimes","floor":1.0,"turns":3.0},{"damage":4.0,"enemies":"Jaw Worm","floor":3.0,"turns":5.0},{"damage":0.0,"enemies":"2 Louse","floor":4.0,"turns":1.0},{"damage":16.0,"enemies":"Looter","floor":5.0,"turns":5.0},{"damage":26.0,"enemies":"Gremlin Nob","floor":8.0,"turns":5.0},{"damage":34.0,"enemies":"Gremlin Gang","floor":11.0,"turns":4.0},{"damage":5.0,"enemies":"Exordium Wildlife","floor":13.0,"turns":5.0},{"damage":14.0,"enemies":"3 Sentries","floor":14.0,"turns":7.0},{"damage":0.0,"enemies":"Slime Boss","floor":16.0,"turns":11.0},{"damage":15,"enemies":"2 Thieves","floor":18,"turns":4},{"damage":0,"enemies":"Shell Parasite","floor":20,"turns":5},{"damage":9,"enemies":"Shelled Parasite and Fungi","floor":22,"turns":5},{"damage":22,"enemies":"Slavers","floor":24,"turns":2},{"damage":4,"enemies":"Book of Stabbing","floor":28,"turns":4},{"damage":8,"enemies":"3 Cultists","floor":29,"turns":4},{"damage":2,"enemies":"Snake Plant","floor":30,"turns":5},{"damage":16,"enemies":"Chosen and Byrds","floor":31,"turns":5},{"damage":31,"enemies":"Collector","floor":33,"turns":8},{"damage":36,"enemies":"3 Darklings","floor":35,"turns":7},{"damage":0,"enemies":"Orb Walker","floor":36,"turns":3},{"damage":12,"enemies":"Writhing Mass","floor":37,"turns":7},{"damage":1,"enemies":"Giant Head","floor":42,"turns":5},{"damage":28,"enemies":"Transient","floor":44,"turns":5},{"damage":14,"enemies":"Reptomancer","floor":46,"turns":4},{"damage":44,"enemies":"Donu and Deca","floor":50,"turns":7}],"seed_played":"-7403009049875965699","potions_obtained":[{"floor":3.0,"key":"PowerPotion"},{"floor":4.0,"key":"SkillPotion"},{"floor":8.0,"key":"SpeedPotion"},{"floor":11.0,"key":"Energy Potion"},{"floor":18,"key":"AttackPotion"},{"floor":24,"key":"FearPotion"},{"floor":28,"key":"SneckoOil"},{"floor":36,"key":"FearPotion"},{"floor":44,"key":"Block Potion"}],"is_trial":false,"path_per_floor":["M","?","M","M","M","R","?","E","T","R","M","$","M","E","R","B",null,"M","$","M","?","M","R","E","R","T","?","E","M","M","M","R","B",null,"M","M","M","$","?","R","?","E","T","M","R","E","?","$","R","B",null],"character_chosen":"IRONCLAD","items_purchased":["Inflame","Brimstone","Paper Frog","Regen Potion"],"campfire_rested":0,"item_purchase_floors":[12,19,38,48],"current_hp_per_floor":[94,94,96,96,86,86,75,55,55,55,27,27,28,20,20,26,79,70,70,76,76,73,73,57,57,57,57,59,81,96,92,92,83,93,85,91,85,85,85,85,85,96,96,74,74,82,82,82,82,59],"gold":10,"neow_bonus":"TWENTY_PERCENT_HP_BONUS","is_daily":false,"chose_seed":false,"campfire_upgraded":9,"win_rate":0.0,"timestamp":1611537082,"path_taken":["M","?","M","M","M","R","?","E","T","R","M","$","M","E","R","BOSS","M","$","M","?","M","R","E","R","T","?","E","M","M","M","R","BOSS","M","M","M","$","?","R","?","E","T","M","R","E","?","$","R","BOSS"],"items_purchased_type":["Card","Relic","Relic","Potion"],"build_version":"2020-12-22","purchased_purges":4,"victory":true,"max_hp_per_floor":[96,96,96,96,96,96,96,96,96,96,96,96,96,96,96,96,96,96,96,96,96,96,96,96,96,96,96,96,96,96,96,96,96,96,96,96,96,96,96,96,96,96,96,96,96,96,96,93,93,93],"card_choices":[{"not_picked":["Warcry","Reckless Charge"],"picked":"Cleave","floor":1.0},{"not_picked":["Second Wind","Power Through"],"picked":"Clothesline","floor":3.0},{"not_picked":["Flex","Clash"],"picked":"Power Through","floor":4.0},{"not_picked":["Havoc","Warcry"],"picked":"Flame Barrier","floor":5.0},{"not_picked":["Heavy Blade","Perfected Strike","Juggernaut"],"picked":"SKIP","floor":8.0},{"not_picked":["Infernal Blade","Anger"],"picked":"Pommel Strike","floor":11.0},{"not_picked":["Body Slam","Seeing Red","Intimidate"],"picked":"SKIP","floor":13.0},{"not_picked":["Body Slam","Searing Blow"],"picked":"Heavy Blade","floor":14.0},{"not_picked":["Barricade","Feed"],"picked":"Impervious","floor":16.0},{"not_picked":["True Grit","Perfected Strike","Thunderclap+1"],"picked":"SKIP","floor":18},{"not_picked":["Warcry","Spot Weakness"],"picked":"Headbutt+1","floor":20},{"not_picked":["Iron Wave+1","Uppercut"],"picked":"Shrug It Off","floor":22},{"not_picked":["Rage","Dropkick+1","Cleave+1"],"picked":"SKIP","floor":24},{"not_picked":["Heavy Blade+1","Intimidate","Burning Pact"],"picked":"SKIP","floor":28},{"not_picked":["Rupture","Dark Embrace","Combust"],"picked":"SKIP","floor":29},{"not_picked":["Fire Breathing","Combust","Clash"],"picked":"SKIP","floor":30},{"not_picked":["Body Slam","Berserk"],"picked":"Thunderclap","floor":31},{"not_picked":["Double Tap","Demon Form"],"picked":"Offering","floor":33},{"not_picked":["Iron Wave","Heavy Blade+1","Searing Blow+1"],"picked":"SKIP","floor":35},{"not_picked":["Cleave+1","Havoc+1"],"picked":"True Grit+1","floor":36},{"not_picked":["Anger","Clothesline+1","Berserk"],"picked":"SKIP","floor":37},{"not_picked":["Inflame+1","Heavy Blade"],"picked":"Disarm","floor":42},{"not_picked":["Pommel Strike","Thunderclap+1"],"picked":"Pummel","floor":44},{"not_picked":["Headbutt","Perfected Strike+1"],"picked":"Infernal Blade+1","floor":46}],"player_experience":1156617,"relics_obtained":[{"floor":8.0,"key":"Smiling Mask"},{"floor":9.0,"key":"Juzu Bracelet"},{"floor":14.0,"key":"Vajra"},{"floor":24,"key":"Pen Nib"},{"floor":26,"key":"PreservedInsect"},{"floor":28,"key":"CaptainsWheel"},{"floor":42,"key":"Red Skull"},{"floor":43,"key":"Happy Flower"},{"floor":46,"key":"Dream Catcher"}],"event_choices":[{"damage_healed":0.0,"max_hp_gain":0.0,"max_hp_loss":0.0,"gold_gain":0.0,"event_name":"Living Wall","player_choice":"Grow","floor":2.0,"gold_loss":0.0,"damage_taken":0.0,"cards_upgraded":["Cleave"]},{"damage_healed":0.0,"max_hp_gain":0.0,"max_hp_loss":0.0,"gold_gain":75.0,"event_name":"World of Goop","player_choice":"Gather Gold","floor":7.0,"gold_loss":0.0,"damage_taken":11.0},{"damage_healed":0,"gold_gain":0,"player_choice":"Simplicity","damage_taken":0,"max_hp_gain":0,"max_hp_loss":0,"event_name":"Back to Basics","floor":21,"gold_loss":0,"cards_upgraded":["Strike_R","Strike_R","Strike_R","Defend_R","Defend_R","Defend_R","Defend_R"]},{"damage_healed":0,"gold_gain":0,"player_choice":"Read","damage_taken":0,"max_hp_gain":0,"max_hp_loss":0,"event_name":"The Library","floor":27,"gold_loss":0,"cards_obtained":["Reaper"]},{"damage_healed":0,"gold_gain":0,"player_choice":"Memory 1","damage_taken":0,"max_hp_gain":0,"max_hp_loss":0,"event_name":"SensoryStone","floor":39,"gold_loss":0},{"cards_removed":["Strike_R"],"damage_healed":0,"gold_gain":0,"player_choice":"Card Removal","damage_taken":0,"max_hp_gain":0,"max_hp_loss":0,"event_name":"Wheel of Change","floor":41,"gold_loss":0},{"damage_healed":0,"gold_gain":0,"player_choice":"Ignored","damage_taken":0,"max_hp_gain":0,"max_hp_loss":0,"event_name":"Mysterious Sphere","floor":47,"gold_loss":0}],"is_beta":false,"boss_relics":[{"not_picked":["Coffee Dripper","SacredBark"],"picked":"Cursed Key"},{"not_picked":["Empty Cage","Busted Crown"],"picked":"SlaversCollar"}],"items_purged_floors":[12,19,38,48],"is_endless":false,"potions_floor_spawned":[3,4,8,11,18,24,28,36,44],"ascension_level":10}}