{"host":"rj1j8apb2x4vafcu","time":1611598819,"event":{"mods":["AchievementEnabler","Act Like it!","BaseMod","Colored Map","Colored Powertips","Minty Spire (QoL Compilation)","Rare Cards Sparkle","StSLib"],"gold_per_floor":[117,117,117,135,153,188,207,242,311,326,345,345,355,382,382,480,480,490,500,519,529,78,78,109,109,109,109,109],"floor_reached":27,"language":"ENG","playtime":1670,"items_purged":["Feel No Pain"],"score":308,"play_id":"9b8f44e1-2082-4000-9c72-b69abfca8f71","local_time":"20210125162019","is_ascension_mode":true,"campfire_choices":[{"data":"Armaments","floor":12,"key":"SMITH"},{"floor":15,"key":"REST"},{"floor":23,"key":"REST"},{"data":"Barricade","floor":25,"key":"SMITH"}],"circlet_count":0,"master_deck":["Bash","Immolate","Evolve","Wild Strike","Reckless Charge","Armaments+1","Berserk","Ghostly Armor","Metallicize","Inflame","Juggernaut","Power Through","Fire Breathing","Sword Boomerang","Intimidate","Rage","Second Wind","Uppercut","Inflame","Wild Strike","Barricade+1","Flame Barrier","Impervious"],"relics":["Burning Blood","Bottled Flame","Bronze Scales","Pear","InkBottle","Lizard Tail","Pandora\u0027s Box","Omamori","Thread and Needle","Sundial"],"acts_visited":["Exordium","TheCity"],"potions_floor_usage":[18,21,24,27],"damage_taken":[{"damage":0,"enemies":"2 Louse","floor":1,"turns":1},{"damage":7,"enemies":"Jaw Worm","floor":4,"turns":3},{"damage":5,"enemies":"Small Slimes","floor":5,"turns":2},{"damage":36,"enemies":"Lagavulin","floor":6,"turns":5},{"damage":0,"enemies":"3 Louse","floor":7,"turns":1},{"damage":27,"enemies":"Gremlin Nob","floor":8,"turns":4},{"damage":12,"enemies":"Exordium Wildlife","floor":10,"turns":3},{"damage":0,"enemies":"Lots of Slimes","floor":11,"turns":1},{"damage":8,"enemies":"Blue Slaver","floor":13,"turns":3},{"damage":2,"enemies":"Lagavulin","floor":14,"turns":6},{"damage":68,"enemies":"The Guardian","floor":16,"turns":8},{"damage":13,"enemies":"Shell Parasite","floor":18,"turns":5},{"damage":27,"enemies":"Chosen","floor":19,"turns":5},{"damage":42,"enemies":"Snake Plant","floor":20,"turns":5},{"damage":43,"enemies":"3 Cultists","floor":21,"turns":5},{"damage":58,"enemies":"Gremlin Leader","floor":24,"turns":7},{"damage":43,"enemies":"Slavers","floor":27,"turns":3}],"seed_played":"243106703544445874","potions_obtained":[{"floor":4,"key":"Ancient Potion"},{"floor":5,"key":"BloodPotion"},{"floor":6,"key":"FearPotion"},{"floor":14,"key":"BlessingOfTheForge"},{"floor":18,"key":"Fruit Juice"},{"floor":24,"key":"ColorlessPotion"}],"is_trial":false,"path_per_floor":["M","?","T","M","M","E","M","E","T","M","M","R","M","E","R","B",null,"M","M","M","M","$","R","E","R","T","E"],"character_chosen":"IRONCLAD","items_purchased":["Barricade","Flame Barrier","Omamori"],"campfire_rested":2,"item_purchase_floors":[22,22,22],"current_hp_per_floor":[80,80,80,79,80,50,56,45,45,39,45,45,43,47,74,12,90,88,67,31,13,13,41,40,40,40,0,0],"gold":109,"neow_bonus":"ONE_RANDOM_RARE_CARD","is_daily":false,"chose_seed":false,"campfire_upgraded":2,"win_rate":0.0,"timestamp":1611598819,"path_taken":["M","?","?","M","M","E","M","E","T","M","?","R","M","E","R","BOSS","M","M","M","M","$","R","E","R","T","E"],"items_purchased_type":["Card","Card","Relic"],"build_version":"2020-12-22","purchased_purges":1,"victory":false,"max_hp_per_floor":[80,80,80,80,80,80,80,90,90,90,90,90,90,90,90,90,90,95,95,95,95,95,95,95,95,95,95,95],"card_choices":[{"not_picked":["Anger","Body Slam","Iron Wave"],"picked":"SKIP","floor":1},{"not_picked":["Sever Soul","Sword Boomerang","Pummel"],"picked":"SKIP","floor":4},{"not_picked":["Rage","Perfected Strike"],"picked":"Wild Strike","floor":5},{"not_picked":["Dual Wield","Bloodletting"],"picked":"Reckless Charge","floor":6},{"not_picked":["Uppercut","Rupture"],"picked":"Armaments","floor":7},{"not_picked":["Clash","Havoc"],"picked":"Berserk","floor":8},{"not_picked":["Rupture","Perfected Strike","Pummel"],"picked":"SKIP","floor":10},{"not_picked":["Twin Strike","Bloodletting"],"picked":"Ghostly Armor","floor":11},{"not_picked":["Shrug It Off","Clothesline"],"picked":"Metallicize","floor":13},{"not_picked":["Clothesline","Blood for Blood"],"picked":"Inflame","floor":14},{"not_picked":["Impervious","Bludgeon"],"picked":"Juggernaut","floor":16},{"not_picked":["Thunderclap","Warcry"],"picked":"Inflame","floor":18},{"not_picked":["Armaments","Clothesline","Havoc+1"],"picked":"SKIP","floor":19},{"not_picked":["Clash","Iron Wave","Headbutt"],"picked":"SKIP","floor":20},{"not_picked":["Twin Strike","Clash"],"picked":"Wild Strike","floor":21},{"not_picked":["Fire Breathing","Twin Strike"],"picked":"Impervious","floor":24}],"player_experience":122398,"relics_obtained":[{"floor":3,"key":"Bottled Flame"},{"floor":6,"key":"Bronze Scales"},{"floor":8,"key":"Pear"},{"floor":9,"key":"InkBottle"},{"floor":14,"key":"Lizard Tail"},{"floor":24,"key":"Thread and Needle"},{"floor":26,"key":"Sundial"}],"event_choices":[{"damage_healed":0,"gold_gain":0,"cards_transformed":["Strike_R"],"player_choice":"Change","damage_taken":0,"max_hp_gain":0,"max_hp_loss":0,"event_name":"Living Wall","floor":2,"gold_loss":0,"cards_obtained":["Evolve"]}],"is_beta":false,"boss_relics":[{"not_picked":["Runic Cube","SacredBark"],"picked":"Pandora\u0027s Box"}],"items_purged_floors":[22],"is_endless":false,"potions_floor_spawned":[4,5,6,10,14,18,24],"killed_by":"Slavers","ascension_level":2}}