{"host":"bfjg2gtnqo0q4f32","time":1611538432,"event":{"mods":["BaseMod","BetterRewards","DeckTracker","Dio Mod","Hero for Fun","Jorbs\u0027s Wanderer Trilogy","Mad Scientist","Minty Spire (QoL Compilation)","READ ME - Guardian Mod","Shop Mod","StSLib","The Bladedancer","The Construct","The Cursed","The Disciple","The Forsaken","The Necromancer","The Saiyan","The Servant 0.9.4","The Wild Card","TheHero","thorton"],"gold_per_floor":[109,109,121,134,154,180,180,192,192,218,218,234,247,264,264,363,363,380,380,399,314,334,361,134,134,158,187,199,199],"floor_reached":28,"language":"ENG","playtime":2229,"items_purged":["Strike_G"],"score":254,"play_id":"63fee419-7419-45ed-9f2d-35c4fcdd75de","local_time":"20210124203352","is_ascension_mode":false,"campfire_choices":[{"data":"Bouncing Flask","floor":7,"key":"SMITH"},{"floor":11,"key":"REST"},{"data":"Caltrops","floor":15,"key":"SMITH"}],"circlet_count":0,"master_deck":["Strike_G","Strike_G","Strike_G","Strike_G","Defend_G+1","Survivor","Neutralize","Caltrops+1","Dagger Spray","Quick Slash","Bouncing Flask+1","Backflip","Cloak And Dagger+1","Quick Slash+1","Flechettes+1","Deflect","RitualDagger","Deadly Poison+1","Acrobatics","A Thousand Cuts","Poisoned Stab"],"relics":["construct:ClawGrip","theForsaken:ScaryMask","War Paint","PreservedInsect","Astrolabe","Ornamental Fan","Ancient Tea Set","Boot","MawBank"],"acts_visited":["Exordium","TheCity"],"potions_floor_usage":[6,10,16,16,16],"damage_taken":[{"damage":0.0,"enemies":"Small Slimes","floor":1.0,"turns":4.0},{"damage":4,"enemies":"Jaw Worm","floor":3,"turns":4},{"damage":7,"enemies":"2 Louse","floor":4,"turns":2},{"damage":2,"enemies":"Blue Slaver","floor":5,"turns":5},{"damage":5,"enemies":"Lagavulin","floor":6,"turns":4},{"damage":0,"enemies":"3 Louse","floor":8,"turns":2},{"damage":12,"enemies":"3 Sentries","floor":10,"turns":6},{"damage":1,"enemies":"Lots of Slimes","floor":12,"turns":2},{"damage":1,"enemies":"Gremlin Gang","floor":13,"turns":4},{"damage":0,"enemies":"Looter","floor":14,"turns":3},{"damage":54,"enemies":"Slime Boss","floor":16,"turns":12},{"damage":2,"enemies":"2 Thieves","floor":18,"turns":3},{"damage":5,"enemies":"Chosen","floor":20,"turns":4},{"damage":0,"enemies":"Snake Plant","floor":22,"turns":3},{"damage":31,"enemies":"Gremlin Leader","floor":23,"turns":4},{"damage":22,"enemies":"Shelled Parasite and Fungi","floor":27,"turns":4},{"damage":17,"enemies":"Snecko","floor":28,"turns":3}],"seed_played":"-5589485524950221370","potions_obtained":[{"floor":4,"key":"SpeedPotion"},{"floor":5,"key":"DuplicationPotion"},{"floor":6,"key":"ColorlessPotion"},{"floor":8,"key":"SteroidPotion"},{"floor":14,"key":"Fruit Juice"}],"is_trial":false,"path_per_floor":["M","?","M","M","M","E","R","M","T","E","R","M","M","M","R","B",null,"M","?","M","?","M","E","$","?","T","M","M"],"character_chosen":"THE_SILENT","items_purchased":["Boot"],"campfire_rested":1,"item_purchase_floors":[24],"current_hp_per_floor":[70,63,59,52,50,45,45,45,45,33,54,53,52,52,52,3,75,73,67,62,62,62,31,31,31,31,9,0,0],"gold":199,"neow_bonus":"BOSS_RELIC","is_daily":false,"chose_seed":false,"campfire_upgraded":2,"win_rate":0.0,"timestamp":1611538432,"path_taken":["M","?","M","M","M","E","R","M","T","E","R","M","M","M","R","BOSS","M","?","M","?","M","E","$","?","T","M","M"],"items_purchased_type":["Relic"],"build_version":"2020-12-22","purchased_purges":1,"victory":false,"max_hp_per_floor":[70,70,70,70,70,70,70,70,70,70,70,70,70,70,70,75,75,75,75,75,75,75,75,75,75,75,75,75,75],"card_choices":[{"not_picked":["PiercingWail","Underhanded Strike"],"picked":"Caltrops","floor":1.0},{"not_picked":["Underhanded Strike","Dodge and Roll"],"picked":"Dagger Spray","floor":3},{"not_picked":["All Out Attack","Slice"],"picked":"Quick Slash","floor":4},{"not_picked":["Sucker Punch","Dodge and Roll"],"picked":"Bouncing Flask","floor":5},{"not_picked":["Eviscerate","Predator","Flying Knee"],"picked":"SKIP","floor":6},{"not_picked":["Blade Dance","Accuracy","Underhanded Strike"],"picked":"SKIP","floor":8},{"not_picked":["Slice","Predator"],"picked":"Backflip","floor":10},{"not_picked":["Flying Knee","Underhanded Strike","Backflip"],"picked":"SKIP","floor":12},{"not_picked":["Masterful Stab","PiercingWail","Calculated Gamble"],"picked":"SKIP","floor":13},{"not_picked":["Setup","Outmaneuver","Dash"],"picked":"SKIP","floor":14},{"not_picked":["PiercingWail","Choke"],"picked":"Deflect","floor":18},{"not_picked":["Sucker Punch+1","Well Laid Plans"],"picked":"Deadly Poison+1","floor":20},{"not_picked":["Prepared","Slice+1"],"picked":"Acrobatics","floor":22},{"not_picked":["Blur+1","Dodge and Roll"],"picked":"A Thousand Cuts","floor":23},{"not_picked":["Dash","Quick Slash"],"picked":"Poisoned Stab","floor":27}],"player_experience":83354,"relics_obtained":[{"floor":6,"key":"theForsaken:ScaryMask"},{"floor":9,"key":"War Paint"},{"floor":10,"key":"PreservedInsect"},{"floor":23,"key":"Ancient Tea Set"},{"floor":26,"key":"MawBank"}],"event_choices":[{"cards_removed":["Defend_G"],"damage_healed":0.0,"max_hp_gain":0.0,"max_hp_loss":0.0,"gold_gain":0.0,"event_name":"Golden Wing","player_choice":"Card Removal","floor":2.0,"gold_loss":0.0,"damage_taken":7.0},{"damage_healed":0,"gold_gain":0,"player_choice":"Joined the Cult","damage_taken":6,"max_hp_gain":0,"max_hp_loss":0,"event_name":"Nest","floor":19,"gold_loss":0,"cards_obtained":["RitualDagger"]},{"damage_healed":0,"gold_gain":0,"player_choice":"Obtained Relic","damage_taken":0,"relics_obtained":["Ornamental Fan"],"max_hp_gain":0,"max_hp_loss":0,"event_name":"Addict","floor":21,"gold_loss":85},{"damage_healed":0,"gold_gain":0,"player_choice":"Ignored","damage_taken":0,"max_hp_gain":0,"max_hp_loss":0,"event_name":"Cursed Tome","floor":25,"gold_loss":0}],"is_beta":false,"boss_relics":[{"not_picked":["Ectoplasm","Coffee Dripper"],"picked":"Astrolabe"}],"items_purged_floors":[24],"is_endless":false,"potions_floor_spawned":[4,5,6,8,14],"killed_by":"Snecko","ascension_level":0}}