{"host":"qgrlfjrqk9z96gfi","time":1611533770,"event":{"mods":["BaseMod","Block Reminder","Colored Map","Custom Start","DeckTracker","Minty Spire (QoL Compilation)"],"gold_per_floor":[116,266,266,279,279,314,314,314,314,79,114,77,102,137,137,232,232,251,123,123,173,189,189,213,213,213,213,252,276,314,329,329,424,424,438,438,462,483,116,116,154,154,231,252,45,79,94,129,129,129,129],"floor_reached":52,"language":"ENG","playtime":2002,"items_purged":["Strike_G","Strike_G","Strike_G+1","Strike_G+1"],"score":2117,"play_id":"caa92bf1-7c66-4aa3-8e4b-36bc4add6cc7","local_time":"20210124141610","is_ascension_mode":true,"campfire_choices":[{"data":"Neutralize","floor":8,"key":"SMITH"},{"data":"Crippling Poison","floor":15,"key":"SMITH"},{"data":"Catalyst","floor":23,"key":"SMITH"},{"floor":25,"key":"REST"},{"floor":32,"key":"REST"},{"data":"Well Laid Plans","floor":40,"key":"SMITH"},{"data":"Deadly Poison","floor":42,"key":"SMITH"},{"floor":49,"key":"REST"}],"circlet_count":0,"master_deck":["AscendersBane","Strike_G+1","Defend_G+1","Defend_G+1","Defend_G+1","Defend_G+1","Defend_G+1","Survivor","Neutralize+1","Dash+1","Leg Sweep","Crippling Poison+1","Catalyst+1","Escape Plan","Die Die Die","Deadly Poison+1","Dodge and Roll","Bouncing Flask+1","Leg Sweep","Crippling Poison","Well Laid Plans+1","Deflect+1"],"relics":["Ring of the Snake","NeowsBlessing","Golden Idol","Pocketwatch","Mummified Hand","Art of War","White Beast Statue","Orichalcum","Busted Crown","Pantograph","Snake Skull","SlaversCollar","TwistedFunnel","Regal Pillow","Paper Crane","Potion Belt","Turnip"],"acts_visited":["Exordium","TheCity","TheBeyond"],"potions_floor_usage":[11,16,16,28,33,33,38,44,50],"damage_taken":[{"damage":0,"enemies":"2 Louse","floor":1,"turns":1},{"damage":0,"enemies":"Small Slimes","floor":4,"turns":2},{"damage":0,"enemies":"3 Sentries","floor":6,"turns":2},{"damage":8,"enemies":"Lagavulin","floor":11,"turns":7},{"damage":0,"enemies":"Jaw Worm","floor":13,"turns":4},{"damage":13,"enemies":"3 Sentries","floor":14,"turns":12},{"damage":9,"enemies":"The Guardian","floor":16,"turns":14},{"damage":5,"enemies":"Spheric Guardian","floor":18,"turns":8},{"damage":5,"enemies":"2 Thieves","floor":22,"turns":5},{"damage":0,"enemies":"Cultist and Chosen","floor":24,"turns":4},{"damage":6,"enemies":"Book of Stabbing","floor":28,"turns":4},{"damage":11,"enemies":"Shelled Parasite and Fungi","floor":29,"turns":3},{"damage":16,"enemies":"Gremlin Leader","floor":30,"turns":5},{"damage":0,"enemies":"Snecko","floor":31,"turns":4},{"damage":12,"enemies":"Collector","floor":33,"turns":6},{"damage":0,"enemies":"Orb Walker","floor":35,"turns":3},{"damage":0,"enemies":"3 Shapes","floor":37,"turns":5},{"damage":10,"enemies":"Jaw Worm Horde","floor":38,"turns":4},{"damage":3,"enemies":"Nemesis","floor":41,"turns":5},{"damage":0,"enemies":"Writhing Mass","floor":44,"turns":5},{"damage":26,"enemies":"Reptomancer","floor":46,"turns":4},{"damage":5,"enemies":"Transient","floor":47,"turns":6},{"damage":0,"enemies":"Nemesis","floor":48,"turns":5},{"damage":22,"enemies":"Awakened One","floor":50,"turns":14},{"damage":14,"enemies":"Donu and Deca","floor":51,"turns":11}],"seed_played":"-7262135925661173520","potions_obtained":[{"floor":1,"key":"PowerPotion"},{"floor":13,"key":"CunningPotion"},{"floor":14,"key":"CunningPotion"},{"floor":16,"key":"Swift Potion"},{"floor":18,"key":"SkillPotion"},{"floor":28,"key":"Energy Potion"},{"floor":30,"key":"SkillPotion"},{"floor":33,"key":"SkillPotion"},{"floor":35,"key":"FairyPotion"},{"floor":38,"key":"GamblersBrew"},{"floor":44,"key":"Fruit Juice"},{"floor":46,"key":"Dexterity Potion"},{"floor":47,"key":"EssenceOfSteel"}],"is_trial":false,"path_per_floor":["M","?","?","M","?","E","?","R","T","$","E","$","M","E","R","B",null,"M","$","?","?","M","R","M","R","T","?","E","M","E","M","R","B",null,"M","?","M","M","$","R","E","R","T","M","$","E","M","E","R","B","B",null],"character_chosen":"THE_SILENT","items_purchased":["Art of War","Crippling Poison","Dodge and Roll","TwistedFunnel","Well Laid Plans","BlessingOfTheForge"],"campfire_rested":3,"item_purchase_floors":[10,12,19,39,39,45],"current_hp_per_floor":[59,59,59,59,52,52,52,52,52,52,44,44,44,31,31,22,51,46,46,46,40,35,35,35,53,53,53,47,36,20,20,38,48,57,57,57,57,47,47,47,44,44,44,49,49,23,18,18,52,43,51],"gold":129,"neow_bonus":"THREE_ENEMY_KILL","is_daily":false,"chose_seed":false,"campfire_upgraded":5,"win_rate":0.0,"timestamp":1611533770,"path_taken":["M","?","?","M","?","E","?","R","T","$","E","?","M","E","R","BOSS","M","$","?","?","?","R","M","R","T","?","E","M","E","M","R","BOSS","M","?","M","?","$","R","E","R","T","M","?","E","M","E","R","BOSS","BOSS"],"items_purchased_type":["Relic","Card","Card","Relic","Card","Potion"],"build_version":"2020-12-22","purchased_purges":4,"victory":true,"max_hp_per_floor":[66,66,60,60,60,60,60,60,60,60,60,60,60,60,60,60,60,60,60,60,60,60,60,60,60,60,60,60,60,60,60,60,60,60,60,60,60,60,60,60,60,60,60,65,65,65,65,65,65,65,65],"card_choices":[{"not_picked":["Flying Knee","Bane"],"picked":"Dash","floor":1},{"not_picked":["Endless Agony","Reflex"],"picked":"Leg Sweep","floor":4},{"not_picked":["Dodge and Roll","Backstab","Setup"],"picked":"SKIP","floor":6},{"not_picked":["Finisher","Dodge and Roll","Deflect"],"picked":"SKIP","floor":11},{"not_picked":["Flying Knee","Sucker Punch"],"picked":"Catalyst","floor":13},{"not_picked":["Blade Dance","Doppelganger"],"picked":"Escape Plan","floor":14},{"not_picked":["Burst","Wraith Form v2"],"picked":"Die Die Die","floor":16},{"not_picked":[],"picked":"Deadly Poison","floor":18},{"not_picked":[],"picked":"Bouncing Flask+1","floor":22},{"not_picked":["Poisoned Stab+1"],"picked":"SKIP","floor":24},{"not_picked":[],"picked":"Leg Sweep","floor":28},{"not_picked":["Prepared"],"picked":"SKIP","floor":29},{"not_picked":["Prepared"],"picked":"SKIP","floor":30},{"not_picked":["Heel Hook"],"picked":"SKIP","floor":31},{"not_picked":["Riddle With Holes"],"picked":"SKIP","floor":35},{"not_picked":["Endless Agony"],"picked":"SKIP","floor":37},{"not_picked":["Predator"],"picked":"SKIP","floor":38},{"not_picked":["Accuracy"],"picked":"SKIP","floor":41},{"not_picked":[],"picked":"Deflect+1","floor":44},{"not_picked":["Eviscerate"],"picked":"SKIP","floor":46},{"not_picked":["Cloak And Dagger"],"picked":"SKIP","floor":47},{"not_picked":["Deflect+1"],"picked":"SKIP","floor":48}],"player_experience":1055519,"relics_obtained":[{"floor":6,"key":"Pocketwatch"},{"floor":9,"key":"Mummified Hand"},{"floor":11,"key":"White Beast Statue"},{"floor":14,"key":"Orichalcum"},{"floor":28,"key":"Pantograph"},{"floor":30,"key":"Snake Skull"},{"floor":41,"key":"Regal Pillow"},{"floor":43,"key":"Paper Crane"},{"floor":46,"key":"Potion Belt"},{"floor":48,"key":"Turnip"}],"event_choices":[{"damage_healed":0,"gold_gain":150,"player_choice":"AGREE","damage_taken":0,"max_hp_gain":0,"max_hp_loss":0,"event_name":"Liars Game","floor":2,"gold_loss":0,"cards_obtained":["Doubt"]},{"damage_healed":0,"gold_gain":0,"player_choice":"Lose Max HP","damage_taken":0,"relics_obtained":["Golden Idol"],"max_hp_gain":0,"max_hp_loss":6,"event_name":"Golden Idol","floor":3,"gold_loss":0},{"cards_removed":["Doubt"],"damage_healed":0,"gold_gain":0,"player_choice":"Card Removal","damage_taken":7,"max_hp_gain":0,"max_hp_loss":0,"event_name":"Golden Wing","floor":5,"gold_loss":0},{"damage_healed":0,"gold_gain":0,"player_choice":"Grow","damage_taken":0,"max_hp_gain":0,"max_hp_loss":0,"event_name":"Living Wall","floor":7,"gold_loss":0,"cards_upgraded":["Dash"]},{"damage_healed":0,"gold_gain":0,"player_choice":"Simplicity","damage_taken":0,"max_hp_gain":0,"max_hp_loss":0,"event_name":"Back to Basics","floor":20,"gold_loss":0,"cards_upgraded":["Strike_G","Strike_G","Strike_G","Defend_G","Defend_G","Defend_G","Defend_G","Defend_G"]},{"damage_healed":0,"gold_gain":50,"player_choice":"Touch","damage_taken":6,"max_hp_gain":0,"max_hp_loss":0,"event_name":"FaceTrader","floor":21,"gold_loss":0},{"damage_healed":0,"gold_gain":0,"player_choice":"Ignored","damage_taken":0,"max_hp_gain":0,"max_hp_loss":0,"event_name":"Cursed Tome","floor":27,"gold_loss":0},{"damage_healed":0,"gold_gain":0,"player_choice":"1 cards matched","damage_taken":0,"max_hp_gain":0,"max_hp_loss":0,"event_name":"Match and Keep!","floor":36,"gold_loss":0,"cards_obtained":["Crippling Poison"]}],"is_beta":false,"boss_relics":[{"not_picked":["Sozu","Coffee Dripper"],"picked":"Busted Crown"},{"not_picked":["Calling Bell","Runic Dome"],"picked":"SlaversCollar"}],"items_purged_floors":[10,19,39,45],"is_endless":false,"potions_floor_spawned":[1,13,14,16,18,22,24,28,29,30,31,33,35,37,38,41,44,46,47,48],"ascension_level":20}}