{"host":"f5n4tidiz2n5sooh","time":1611550678,"event":{"mods":["BaseMod","Colored Map","Minty Spire (QoL Compilation)","Relic Stats","Slay the Relics Exporter","StSLib"],"gold_per_floor":[113,131,151,164,134,134,59,86,86,86,101,135,135,155,155,155,155],"floor_reached":16,"language":"ENG","playtime":829,"items_purged":["Strike_R"],"score":228,"play_id":"218700ed-f3ca-4183-b478-1cdee8b3bebe","local_time":"20210124225758","is_ascension_mode":true,"campfire_choices":[{"data":"Bash","floor":6,"key":"SMITH"},{"data":"Demon Form","floor":10,"key":"SMITH"},{"data":"Shrug It Off","floor":13,"key":"SMITH"},{"data":"Metallicize","floor":15,"key":"SMITH"}],"circlet_count":0,"master_deck":["AscendersBane","Strike_R","Strike_R","Strike_R","Strike_R","Defend_R","Defend_R","Defend_R","Defend_R","Bash+1","Shrug It Off+1","Power Through","Sword Boomerang","Twin Strike","Demon Form+1","Havoc","Metallicize+1"],"relics":["Burning Blood","Vajra","Red Skull","Regal Pillow"],"acts_visited":["Exordium"],"potions_floor_usage":[8,12],"damage_taken":[{"damage":10,"enemies":"Small Slimes","floor":1,"turns":3},{"damage":2,"enemies":"Cultist","floor":2,"turns":4},{"damage":14,"enemies":"Jaw Worm","floor":3,"turns":4},{"damage":17,"enemies":"3 Louse","floor":4,"turns":6},{"damage":8,"enemies":"Exordium Thugs","floor":5,"turns":4},{"damage":20,"enemies":"Lagavulin","floor":8,"turns":5},{"damage":6,"enemies":"2 Fungi Beasts","floor":11,"turns":3},{"damage":15,"enemies":"3 Sentries","floor":12,"turns":6},{"damage":8,"enemies":"Blue Slaver","floor":14,"turns":2},{"damage":30,"enemies":"Hexaghost","floor":16,"turns":7}],"seed_played":"4307106075771421472","potions_obtained":[{"floor":1,"key":"PowerPotion"},{"floor":3,"key":"SpeedPotion"},{"floor":11,"key":"SneckoOil"}],"is_trial":false,"path_per_floor":["M","M","M","M","M","R","$","E","T","R","M","E","R","M","R","B"],"character_chosen":"IRONCLAD","items_purchased":[],"campfire_rested":0,"item_purchase_floors":[],"current_hp_per_floor":[71,75,67,56,54,54,54,40,40,40,40,31,31,29,29,0,0],"gold":155,"neow_bonus":"TEN_PERCENT_HP_BONUS","is_daily":false,"chose_seed":false,"campfire_upgraded":4,"win_rate":0.0,"timestamp":1611550678,"path_taken":["M","M","M","M","M","R","$","E","T","R","M","E","R","M","R","BOSS"],"items_purchased_type":[],"build_version":"2020-12-22","purchased_purges":1,"victory":false,"max_hp_per_floor":[82,82,82,82,82,82,82,82,82,82,82,82,82,82,82,82,82],"relic_stats":{"Regal Pillow":0,"counters":[10,44],"obtain_stats":[{"Regal Pillow":12,"Vajra":8,"Burning Blood":0,"Red Skull":9},{"Regal Pillow":8,"Vajra":6,"Burning Blood":0,"Red Skull":6},{"Regal Pillow":35,"Vajra":26,"Burning Blood":0,"Red Skull":26}],"Burning Blood":54},"card_choices":[{"not_picked":["Infernal Blade","Clash","Armaments"],"picked":"SKIP","floor":1},{"not_picked":["Seeing Red","Dual Wield"],"picked":"Shrug It Off","floor":2},{"not_picked":["Intimidate","Shrug It Off"],"picked":"Power Through","floor":3},{"not_picked":["Twin Strike","Combust"],"picked":"Sword Boomerang","floor":4},{"not_picked":["Ghostly Armor","Havoc"],"picked":"Twin Strike","floor":5},{"not_picked":["Limit Break","Warcry"],"picked":"Demon Form","floor":8},{"not_picked":["Rage","Clothesline"],"picked":"Havoc","floor":11},{"not_picked":["Perfected Strike","Blood for Blood","Exhume"],"picked":"SKIP","floor":12},{"not_picked":["Armaments","Iron Wave"],"picked":"Metallicize","floor":14}],"player_experience":2026087,"relics_obtained":[{"floor":8,"key":"Vajra"},{"floor":9,"key":"Red Skull"},{"floor":12,"key":"Regal Pillow"}],"event_choices":[],"is_beta":false,"boss_relics":[],"items_purged_floors":[7],"is_endless":false,"potions_floor_spawned":[1,3,5,11],"killed_by":"Hexaghost","ascension_level":20}}