{"host":"pf9sh7nh6rpu9sau","time":1611600978,"event":{"mods":["2.2 Compatiblity","BaseMod","BetterRewards","Clockwork Mod","Downfall","Hermit","Mad Scientist","Minty Spire (QoL Compilation)","Permanent Neow","Quick Restart","Somnambulant","StSLib","The Clintock","The Cursed","The Disciple","The Hierophant","The Necromancer","The Runesmith"],"gold_per_floor":[99,99,109,127,144,158,158,158,188,88,106,106,123,148,159,264,264,264,281,281,281,281],"floor_reached":20,"language":"ENG","playtime":1299,"items_purged":[],"score":236,"play_id":"179023de-7eaf-4c14-bf6a-605a95060c25","local_time":"20210125135618","is_ascension_mode":false,"campfire_choices":[{"data":"sneckomod:TailWhip","floor":12,"key":"SMITH"}],"circlet_count":0,"master_deck":["sneckomod:Strike","sneckomod:Strike","sneckomod:Strike","sneckomod:Defend","sneckomod:Defend","sneckomod:Defend","sneckomod:TailWhip+1","sneckomod:SnekBite","Injury","champ:CheapShot","Pain","sneckomod:RainOfDice","sneckomod:SoulDraw","sneckomod:IronFang","champ:ShieldThrow","Clockwork:InertialShield","sneckomod:DiceCrush","sneckomod:UnknownWeak","sneckomod:WideSting+1","sneckomod:CheapStock","sneckomod:Cheat","sneckomod:UnknownClassCLOCKWORK","sneckomod:UnknownClassCLOCKWORK","sneckomod:UnknownClassCLOCKWORK","sneckomod:UnknownClassCLOCKWORK","Clockwork:ReactiveNanites","Clockwork:SmithsMallet","sneckomod:Nope"],"relics":["sneckomod:SneckoSoul","Ice Cream","WarpedTongs","CaptainsWheel","champ:DuelingGlove","downfall:HeartBlessingGreen","Thread and Needle","sneckomod:SneckoBoss"],"acts_visited":["Exordium","TheCity"],"potions_floor_usage":[5,11,16,20,20],"damage_taken":[{"damage":6,"enemies":"Jaw Worm","floor":3,"turns":4},{"damage":2,"enemies":"Cultist","floor":4,"turns":3},{"damage":3,"enemies":"Small Slimes","floor":5,"turns":3},{"damage":4,"enemies":"3 Louse","floor":6,"turns":3},{"damage":19,"enemies":"Lagavulin","floor":9,"turns":6},{"damage":7,"enemies":"Gremlin Gang","floor":11,"turns":4},{"damage":10,"enemies":"Exordium Wildlife","floor":13,"turns":5},{"damage":0,"enemies":"Gremlin Nob","floor":14,"turns":2},{"damage":2,"enemies":"Red Slaver","floor":15,"turns":3},{"damage":25,"enemies":"IC_STATUS_ARCHETYPE","floor":16,"turns":9},{"damage":2,"enemies":"Chosen","floor":19,"turns":5},{"damage":25,"enemies":"Masked Bandits","floor":20,"turns":5}],"seed_played":"9207238287909996331","potions_obtained":[{"floor":4,"key":"Fruit Juice"},{"floor":5,"key":"FearPotion"},{"floor":9,"key":"Regen Potion"},{"floor":14,"key":"Weak Potion"},{"floor":15,"key":"BlessingOfTheForge"}],"is_trial":false,"path_per_floor":["R","?","M","M","M","M","T","R","E","R","M","R","M","E","M","B",null,"R","M","?"],"character_chosen":"THE_SNECKO","items_purchased":[],"campfire_rested":0,"item_purchase_floors":[],"current_hp_per_floor":[90,90,84,82,84,80,80,80,61,61,66,66,56,56,54,29,95,95,93,68,68,68],"gold":281,"neow_bonus":"ONE_RARE_RELIC","is_daily":false,"chose_seed":false,"campfire_upgraded":1,"win_rate":0.0,"timestamp":1611600978,"path_taken":["R","?","M","M","M","?","T","R","E","R","M","R","M","E","M","BOSS","R","M","?"],"items_purchased_type":[],"build_version":"2020-12-22","purchased_purges":0,"victory":false,"max_hp_per_floor":[90,90,90,90,95,95,95,95,95,95,95,95,95,95,95,95,95,95,95,95,95,95],"card_choices":[{"not_picked":["sneckomod:UnknownDraw","sneckomod:SnekBeam"],"picked":"sneckomod:RainOfDice","floor":3},{"not_picked":["sneckomod:WideSting","sneckomod:UnknownBlock"],"picked":"sneckomod:SoulDraw","floor":4},{"not_picked":["sneckomod:SnekBeam","sneckomod:Unknown1Cost"],"picked":"sneckomod:UnknownBlock","floor":5},{"not_picked":["sneckomod:UnknownBlock","sneckomod:SerpentIdol"],"picked":"sneckomod:IronFang","floor":6},{"not_picked":["sneckomod:SoulExchange","sneckomod:UnknownDraw","sneckomod:QuickBite"],"picked":"SKIP","floor":9},{"not_picked":["sneckomod:SoulDraw","sneckomod:WideSting"],"picked":"sneckomod:DiceCrush","floor":11},{"not_picked":["sneckomod:UnknownDraw","sneckomod:DiceCrush"],"picked":"sneckomod:UnknownWeak","floor":13},{"not_picked":["sneckomod:Nope","sneckomod:DiceBoulder"],"picked":"sneckomod:WideSting","floor":14},{"not_picked":["sneckomod:SoulRoll","sneckomod:Unknown0Cost"],"picked":"sneckomod:CheapStock","floor":15},{"not_picked":["sneckomod:UnlimitedRolls","sneckomod:Mudshield"],"picked":"sneckomod:Cheat","floor":16},{"not_picked":["Clockwork:LogisticRegression","Clockwork:SystemScan"],"picked":"Clockwork:SmithsMallet","floor":19},{"not_picked":["sneckomod:Rotation","sneckomod:UnknownDraw"],"picked":"sneckomod:Nope","floor":19}],"player_experience":826760,"relics_obtained":[{"floor":7,"key":"CaptainsWheel"},{"floor":9,"key":"champ:DuelingGlove"},{"floor":14,"key":"Thread and Needle"}],"event_choices":[{"damage_healed":0,"gold_gain":0,"player_choice":"Rummage","damage_taken":0,"relics_obtained":["WarpedTongs"],"max_hp_gain":0,"max_hp_loss":0,"event_name":"Accursed Blacksmith","floor":2,"gold_loss":0,"cards_obtained":["Pain"]},{"damage_healed":0,"gold_gain":0,"player_choice":"Fought Bandits","damage_taken":0,"max_hp_gain":0,"max_hp_loss":0,"event_name":"Masked Bandits","floor":20,"gold_loss":0}],"is_beta":false,"boss_relics":[{"not_picked":["Philosopher\u0027s Stone","Busted Crown"],"picked":"sneckomod:SneckoBoss"}],"items_purged_floors":[],"is_endless":false,"potions_floor_spawned":[4,5,9,14,15],"killed_by":"Masked Bandits","ascension_level":0}}