{"host":"ELF","time":1611617781,"event":{"mods":["BaseMod","Bestiary","Minty Spire (QoL Compilation)","Relic Stats","Slay the Relics Exporter"],"gold_per_floor":[116,61,79,89,89,89,122,141,191,191,206,206,223,253,253,253,253],"floor_reached":16,"language":"ENG","playtime":606,"items_purged":[],"score":218,"play_id":"4883bc19-f822-4761-8ed7-b181d0c3ce01","local_time":"20210125173621","is_ascension_mode":true,"campfire_choices":[{"data":"Bash","floor":6,"key":"SMITH"},{"floor":10,"key":"REST"},{"data":"Sever Soul","floor":15,"key":"SMITH"}],"circlet_count":0,"master_deck":["AscendersBane","Strike_R","Strike_R","Strike_R","Strike_R","Strike_R","Defend_R","Defend_R","Defend_R","Defend_R","Bash+1","Clash","Evolve","True Grit+1","Feed","Uppercut","Dark Embrace","Sever Soul+1"],"relics":["Burning Blood","NeowsBlessing","Pantograph","Bronze Scales","Bag of Marbles","Calipers","Regal Pillow"],"acts_visited":["Exordium"],"potions_floor_usage":[16,16],"damage_taken":[{"damage":0,"enemies":"Small Slimes","floor":1,"turns":1},{"damage":0,"enemies":"Cultist","floor":3,"turns":1},{"damage":0,"enemies":"2 Louse","floor":4,"turns":1},{"damage":30,"enemies":"Lagavulin","floor":7,"turns":7},{"damage":13,"enemies":"Large Slime","floor":8,"turns":4},{"damage":2,"enemies":"2 Fungi Beasts","floor":11,"turns":3},{"damage":5,"enemies":"Exordium Wildlife","floor":13,"turns":3},{"damage":19,"enemies":"3 Sentries","floor":14,"turns":9},{"damage":75,"enemies":"Hexaghost","floor":16,"turns":10}],"seed_played":"-6326675281191400374","potions_obtained":[{"floor":3,"key":"Swift Potion"},{"floor":7,"key":"LiquidMemories"},{"floor":13,"key":"GamblersBrew"}],"is_trial":false,"path_per_floor":["M","?","M","M","?","R","E","M","T","R","M","?","M","E","R","B"],"character_chosen":"IRONCLAD","items_purchased":[],"campfire_rested":1,"item_purchase_floors":[],"current_hp_per_floor":[74,74,75,75,75,75,51,44,44,66,73,55,59,49,49,0,0],"gold":253,"neow_bonus":"THREE_ENEMY_KILL","is_daily":false,"chose_seed":false,"campfire_upgraded":2,"win_rate":0.0,"timestamp":1611617781,"path_taken":["M","?","M","?","?","R","E","M","T","R","M","?","M","E","R","BOSS"],"items_purchased_type":[],"build_version":"2020-12-18","purchased_purges":0,"victory":false,"max_hp_per_floor":[75,75,75,75,75,75,75,75,75,75,78,78,81,84,84,84,84],"relic_stats":{"Regal Pillow":0,"counters":[9,39],"Pantograph":25,"Bronze Scales":[93],"obtain_stats":[{"Regal Pillow":14,"Calipers":12,"NeowsBlessing":0,"Pantograph":2,"Bronze Scales":7,"Bag of Marbles":9,"Burning Blood":0},{"Regal Pillow":8,"Calipers":6,"NeowsBlessing":0,"Pantograph":1,"Bronze Scales":4,"Bag of Marbles":5,"Burning Blood":0},{"Regal Pillow":29,"Calipers":17,"NeowsBlessing":0,"Pantograph":1,"Bronze Scales":10,"Bag of Marbles":14,"Burning Blood":0}],"Burning Blood":37},"card_choices":[{"not_picked":["Heavy Blade","Body Slam"],"picked":"Clash","floor":1},{"not_picked":["Heavy Blade","Iron Wave"],"picked":"Evolve","floor":3},{"not_picked":["Havoc","Pommel Strike"],"picked":"True Grit","floor":4},{"not_picked":["Body Slam","Berserk"],"picked":"Feed","floor":7},{"not_picked":["Pommel Strike","Disarm"],"picked":"Uppercut","floor":8},{"not_picked":["Evolve","Heavy Blade"],"picked":"Dark Embrace","floor":11},{"not_picked":["Twin Strike","Flex","Pommel Strike"],"picked":"SKIP","floor":13},{"not_picked":["Rage","Bludgeon"],"picked":"Sever Soul","floor":14}],"player_experience":3282359,"relics_obtained":[{"floor":7,"key":"Bronze Scales"},{"floor":9,"key":"Bag of Marbles"},{"floor":14,"key":"Regal Pillow"}],"event_choices":[{"damage_healed":0,"gold_gain":0,"player_choice":"Paid Gold","damage_taken":0,"relics_obtained":["Pantograph"],"max_hp_gain":0,"max_hp_loss":0,"event_name":"WeMeetAgain","floor":2,"gold_loss":55},{"damage_healed":0,"gold_gain":0,"player_choice":"Grow","damage_taken":0,"max_hp_gain":0,"max_hp_loss":0,"event_name":"Living Wall","floor":5,"gold_loss":0,"cards_upgraded":["True Grit"]},{"damage_healed":0,"gold_gain":0,"player_choice":"Success","damage_taken":18,"relics_obtained":["Calipers"],"max_hp_gain":0,"max_hp_loss":0,"event_name":"Scrap Ooze","floor":12,"gold_loss":0}],"is_beta":true,"boss_relics":[],"items_purged_floors":[],"is_endless":false,"potions_floor_spawned":[3,7,13],"killed_by":"Hexaghost","ascension_level":19}}