{"host":"ew66i0vuc7r9fnl7","time":1611591331,"event":{"mods":["Arknights The Spire","BaseMod","DeckTracker","Minty Spire (QoL Compilation)","StSLib"],"gold_per_floor":[112,287,287,44,44,72,84,84,108,134,209,209,222,222,222,321,321,336,251,267,14,29,57,57,57,57,57,6,33,33,51,51,51,51],"floor_reached":33,"language":"KOR","playtime":1090,"items_purged":["ats:Strike V","ats:Strike C"],"score":294,"play_id":"492b6966-fd68-4820-81df-2b6839f417a9","local_time":"20210126011531","is_ascension_mode":false,"campfire_choices":[{"data":"ats:Emotion Absorption","floor":12,"key":"SMITH"},{"data":"ats:Sashimi Platter","floor":15,"key":"SMITH"},{"data":"ats:Song Of Battle","floor":25,"key":"SMITH"},{"floor":27,"key":"REST"},{"data":"ats:Assault Order","floor":32,"key":"SMITH"}],"circlet_count":0,"master_deck":["ats:Strike G","ats:Strike S","ats:Armor Crushing Shot","ats:Defend","ats:Defend","ats:Defend","ats:Defend","ats:Emotion Absorption+1","ats:Sashimi Platter+1","ats:Overload","ats:Hammer On","ats:Song Of Battle+1","ats:Hook Shot","ats:Flexible Camouflage","ats:Charging Defense","ats:Poison Spread","ats:Assault Order+1","ats:Guard Mode+1"],"relics":["ats:Sanity","NeowsBlessing","InkBottle","ats:Originium","Happy Flower","Juzu Bracelet","ats:Hidden Killer","Sozu","Bag of Preparation","ats:Assault","Ancient Tea Set","PreservedInsect","Smiling Mask"],"acts_visited":["Exordium","TheCity"],"potions_floor_usage":[23],"damage_taken":[{"damage":0,"enemies":"Small Slimes","floor":1,"turns":1},{"damage":0,"enemies":"Lagavulin","floor":6,"turns":1},{"damage":0,"enemies":"Jaw Worm","floor":7,"turns":1},{"damage":30,"enemies":"Gremlin Nob","floor":10,"turns":4},{"damage":0,"enemies":"2 Louse","floor":13,"turns":2},{"damage":37,"enemies":"Hexaghost","floor":16,"turns":10},{"damage":18,"enemies":"Spheric Guardian","floor":18,"turns":4},{"damage":10,"enemies":"2 Thieves","floor":20,"turns":3},{"damage":2,"enemies":"3 Cultists","floor":22,"turns":5},{"damage":85,"enemies":"Gremlin Leader","floor":23,"turns":8},{"damage":14,"enemies":"Shelled Parasite and Fungi","floor":31,"turns":6},{"damage":76,"enemies":"Collector","floor":33,"turns":7}],"seed_played":"5602695472424495779","potions_obtained":[{"floor":1,"key":"SmokeBomb"},{"floor":6,"key":"ats:Top Emergency Sanity Potion"},{"floor":10,"key":"LiquidMemories"}],"is_trial":false,"path_per_floor":["M","?","T","$","?","E","M","?","T","E","?","R","M","?","R","B",null,"M","?","M","$","M","E","?","R","T","R","$","T","$","M","R","B"],"character_chosen":"DOCTOR_CLASS","items_purchased":["ats:Overload","ats:Hammer On","ats:Song Of Battle","ats:Assault","ats:Assault Order"],"campfire_rested":1,"item_purchase_floors":[4,4,4,21,28],"current_hp_per_floor":[72,72,72,72,72,72,72,77,77,56,45,45,51,39,39,53,77,62,62,74,74,77,12,12,12,12,35,35,35,35,43,43,0,0],"gold":51,"neow_bonus":"THREE_ENEMY_KILL","is_daily":false,"chose_seed":false,"campfire_upgraded":4,"win_rate":0.0,"timestamp":1611591331,"path_taken":["M","?","?","$","?","E","M","?","T","E","?","R","M","?","R","BOSS","M","?","M","$","M","E","?","R","T","R","$","?","$","M","R","BOSS"],"items_purchased_type":["Card","Card","Card","Relic","Card"],"build_version":"2020-12-22","purchased_purges":2,"victory":false,"max_hp_per_floor":[72,72,72,72,72,72,72,77,77,77,77,77,77,77,77,77,77,77,77,77,77,77,77,77,77,77,77,77,77,77,77,77,77,77],"card_choices":[{"not_picked":["ats:Curse Doll","ats:Absolute Focus"],"picked":"ats:Sashimi Platter","floor":1},{"not_picked":["ats:Closed Bolt Burst Fire","ats:Curse Doll"],"picked":"ats:Hook Shot","floor":6},{"not_picked":["ats:Soul Absorption","ats:Red Shift"],"picked":"ats:Flexible Camouflage","floor":7},{"not_picked":["ats:Hammer On","ats:Sunburst","ats:Demon Strength"],"picked":"SKIP","floor":10},{"not_picked":["ats:Leaping Hammer","ats:Absolute Focus","ats:Sunburst"],"picked":"SKIP","floor":13},{"not_picked":["ats:Counter Healing Mode","ats:Assault Order"],"picked":"ats:Charging Defense","floor":18},{"not_picked":["ats:Defend Order","ats:Support Order"],"picked":"ats:Poison Spread","floor":20},{"not_picked":["ats:Hammer On","ats:Blood Oath+1","ats:Very Hot Blade"],"picked":"SKIP","floor":22},{"not_picked":["ats:Consecutive Shot Auto","ats:Hammer On","ats:Collapsing Strike"],"picked":"SKIP","floor":23},{"not_picked":["ats:Apocalypse+1","ats:Magnetic Hammer"],"picked":"ats:Guard Mode+1","floor":31}],"player_experience":620792,"relics_obtained":[{"floor":3,"key":"InkBottle"},{"floor":6,"key":"ats:Originium"},{"floor":6,"key":"Happy Flower"},{"floor":10,"key":"ats:Originium"},{"floor":10,"key":"Juzu Bracelet"},{"floor":23,"key":"ats:Originium"},{"floor":23,"key":"Ancient Tea Set"},{"floor":26,"key":"PreservedInsect"},{"floor":29,"key":"Smiling Mask"}],"event_choices":[{"damage_healed":0,"gold_gain":175,"player_choice":"AGREE","damage_taken":0,"max_hp_gain":0,"max_hp_loss":0,"event_name":"Liars Game","floor":2,"gold_loss":0,"cards_obtained":["Doubt"]},{"cards_removed":["Doubt"],"damage_healed":0,"gold_gain":0,"player_choice":"Forget","damage_taken":0,"max_hp_gain":0,"max_hp_loss":0,"event_name":"Living Wall","floor":5,"gold_loss":0},{"damage_healed":0,"gold_gain":0,"player_choice":"Donut","damage_taken":0,"max_hp_gain":5,"max_hp_loss":0,"event_name":"Big Fish","floor":8,"gold_loss":0},{"damage_healed":0,"gold_gain":75,"player_choice":"Gather Gold","damage_taken":11,"max_hp_gain":0,"max_hp_loss":0,"event_name":"World of Goop","floor":11,"gold_loss":0},{"damage_healed":0,"gold_gain":0,"player_choice":"Success","damage_taken":12,"relics_obtained":["ats:Hidden Killer"],"max_hp_gain":0,"max_hp_loss":0,"event_name":"Scrap Ooze","floor":14,"gold_loss":0},{"damage_healed":0,"gold_gain":0,"player_choice":"Obtained Relic","damage_taken":0,"relics_obtained":["Bag of Preparation"],"max_hp_gain":0,"max_hp_loss":0,"event_name":"Addict","floor":19,"gold_loss":85},{"damage_healed":0,"gold_gain":0,"player_choice":"Ignored","damage_taken":0,"max_hp_gain":0,"max_hp_loss":0,"event_name":"Vampires","floor":24,"gold_loss":0}],"is_beta":false,"boss_relics":[{"not_picked":["ats:Omniscience","Velvet Choker"],"picked":"Sozu"}],"items_purged_floors":[4,21],"is_endless":false,"potions_floor_spawned":[1,6,10,16,18,31],"killed_by":"Collector","ascension_level":0}}