{"host":"fnk117zi8wf5078t","time":1611585509,"event":{"mods":["AchievementEnabler","BaseMod","Colored Map","Minty Spire (QoL Compilation)","Rare Cards Sparkle","SuperFastMode","everything is the same but u backflip on backflip"],"gold_per_floor":[109,119,194,144,162,162,162,162,187,221,221,234,234,249,249,346,346,360,379,156,173,173,173,173,184,184,184,184,184,200,90,90,90,90],"floor_reached":33,"language":"KOR","playtime":1022,"items_purged":["Decay"],"score":473,"play_id":"a9846524-07b7-4539-a144-eea904582aaa","local_time":"20210125233829","is_ascension_mode":true,"campfire_choices":[{"data":"Sunder","floor":6.0,"key":"SMITH"},{"floor":8.0,"key":"REST"},{"floor":15.0,"key":"REST"},{"floor":24,"key":"REST"},{"floor":29,"key":"REST"},{"floor":32,"key":"REST"}],"circlet_count":0,"master_deck":["AscendersBane","Strike_B","Defend_B","Defend_B","Defend_B","Zap+1","Dualcast+1","Sunder+1","Storm","Reinforced Body","Storm","Doom and Gloom","Electrodynamics","Darkness","Genetic Algorithm","Compile Driver","Seek","Double Energy","Tempest","Self Repair"],"relics":["Nuclear Battery","Toy Ornithopter","Boot","Fusion Hammer","Lee\u0027s Waffle","Question Card"],"acts_visited":["Exordium","TheCity"],"potions_floor_usage":[23,25,33],"damage_taken":[{"damage":2.0,"enemies":"Small Slimes","floor":1.0,"turns":4.0},{"damage":2.0,"enemies":"2 Louse","floor":2.0,"turns":3.0},{"damage":0.0,"enemies":"Cultist","floor":5.0,"turns":3.0},{"damage":15.0,"enemies":"Lagavulin","floor":10.0,"turns":6.0},{"damage":3.0,"enemies":"Blue Slaver","floor":12.0,"turns":3.0},{"damage":7.0,"enemies":"Exordium Wildlife","floor":14.0,"turns":4.0},{"damage":0.0,"enemies":"The Guardian","floor":16.0,"turns":12.0},{"damage":37.0,"enemies":"Shell Parasite","floor":18.0,"turns":5.0},{"damage":12.0,"enemies":"2 Thieves","floor":19.0,"turns":3.0},{"damage":38.0,"enemies":"Snake Plant","floor":21.0,"turns":3.0},{"damage":0,"enemies":"Book of Stabbing","floor":23,"turns":1},{"damage":20,"enemies":"Centurion and Healer","floor":25,"turns":3},{"damage":29,"enemies":"Shelled Parasite and Fungi","floor":30,"turns":5},{"damage":114,"enemies":"Champ","floor":33,"turns":13}],"seed_played":"5923525497898001754","potions_obtained":[{"floor":1.0,"key":"Energy Potion"},{"floor":2.0,"key":"Swift Potion"},{"floor":12.0,"key":"Explosive Potion"},{"floor":16.0,"key":"SmokeBomb"},{"floor":19.0,"key":"Swift Potion"},{"floor":25,"key":"SkillPotion"}],"is_trial":false,"path_per_floor":["M","M","?","?","M","R","?","R","T","E","?","M","?","M","R","B",null,"M","M","$","M","?","E","R","M","T","?","$","R","M","$","R","B"],"character_chosen":"DEFECT","items_purchased":["Lee\u0027s Waffle","Tempest","Self Repair"],"campfire_rested":5,"item_purchase_floors":[20,31,31],"current_hp_per_floor":[66,64,53,53,53,53,46,68,68,60,60,57,42,35,57,62,72,35,23,82,44,44,49,73,58,58,58,58,82,53,53,77,0,0],"gold":90,"neow_bonus":"BOSS_RELIC","is_daily":false,"chose_seed":false,"campfire_upgraded":1,"win_rate":0.0,"timestamp":1611585509,"path_taken":["M","M","?","?","M","R","?","R","T","E","?","?","?","M","R","BOSS","M","M","$","M","?","E","R","M","T","?","?","R","M","$","R","BOSS"],"items_purchased_type":["Relic","Card","Card"],"build_version":"2020-12-22","purchased_purges":1,"victory":false,"max_hp_per_floor":[75,75,75,75,75,75,75,75,75,75,75,75,75,75,75,75,75,75,75,82,82,82,82,82,82,82,82,82,82,82,82,82,82,82],"card_choices":[{"not_picked":["Sweeping Beam","Scrape"],"picked":"Sunder","floor":1.0},{"not_picked":["Chill","Redo"],"picked":"Storm","floor":2.0},{"not_picked":["Stack","Redo"],"picked":"Reinforced Body","floor":5.0},{"not_picked":["Gash","Streamline"],"picked":"Storm","floor":10.0},{"not_picked":["Rebound","Conserve Battery"],"picked":"Doom and Gloom","floor":12.0},{"not_picked":["Reprogram","Hologram","Turbo"],"picked":"SKIP","floor":14.0},{"not_picked":["Multi-Cast","All For One"],"picked":"Electrodynamics","floor":16.0},{"not_picked":["Steam","Stack"],"picked":"Darkness","floor":18.0},{"not_picked":["Rebound","Barrage","Leap+1"],"picked":"SKIP","floor":19.0},{"not_picked":["Ball Lightning","Sweeping Beam"],"picked":"Genetic Algorithm","floor":21.0},{"not_picked":["Blizzard+1","Barrage","BootSequence"],"picked":"SKIP","floor":25},{"not_picked":["Steam Power","Blizzard","Turbo"],"picked":"Double Energy","floor":30}],"player_experience":415842,"relics_obtained":[{"floor":9.0,"key":"Toy Ornithopter"},{"floor":10.0,"key":"Boot"},{"floor":26,"key":"Question Card"}],"event_choices":[{"damage_healed":0.0,"max_hp_gain":0.0,"max_hp_loss":0.0,"gold_gain":75.0,"event_name":"World of Goop","player_choice":"Gather Gold","floor":3.0,"gold_loss":0.0,"damage_taken":11.0},{"cards_removed":["Strike_B"],"damage_healed":0.0,"max_hp_gain":0.0,"max_hp_loss":0.0,"gold_gain":0.0,"event_name":"The Cleric","player_choice":"Card Removal","floor":4.0,"gold_loss":50.0,"damage_taken":0.0},{"cards_removed":["Strike_B"],"damage_healed":0.0,"max_hp_gain":0.0,"max_hp_loss":0.0,"gold_gain":0.0,"event_name":"Golden Wing","player_choice":"Card Removal","floor":7.0,"gold_loss":0.0,"damage_taken":7.0},{"damage_healed":0.0,"max_hp_gain":0.0,"max_hp_loss":0.0,"gold_gain":0.0,"event_name":"Wheel of Change","player_choice":"Cursed","floor":11.0,"gold_loss":0.0,"damage_taken":0.0,"cards_obtained":["Decay"]},{"damage_healed":0.0,"max_hp_gain":0.0,"max_hp_loss":0.0,"gold_gain":0.0,"event_name":"Shining Light","player_choice":"Entered Light","floor":13.0,"gold_loss":0.0,"damage_taken":15.0,"cards_upgraded":["Dualcast","Zap"]},{"damage_healed":0.0,"max_hp_gain":0.0,"max_hp_loss":0.0,"gold_gain":0.0,"cards_transformed":["Strike_B","Defend_B"],"event_name":"Drug Dealer","player_choice":"Became Test Subject","floor":22.0,"gold_loss":0.0,"damage_taken":0.0,"cards_obtained":["Compile Driver","Seek"]},{"damage_healed":0,"gold_gain":0,"player_choice":"Ignored","damage_taken":0,"max_hp_gain":0,"max_hp_loss":0,"event_name":"Ghosts","floor":27,"gold_loss":0}],"is_beta":false,"boss_relics":[{"not_picked":["Runic Pyramid","Velvet Choker"],"picked":"Fusion Hammer"}],"items_purged_floors":[20],"is_endless":false,"potions_floor_spawned":[1,2,12,16,19,23,25],"killed_by":"Champ","ascension_level":10}}