{"host":"ymlw61qlepd6kq8l","time":1611554271,"event":{"mods":["AchievementEnabler","BaseMod","Minty Spire (QoL Compilation)","StSLib"],"gold_per_floor":[111,127,127,141,141,141,167,185,259,259,35,52,52,66,66,161,161,178,30,30,47,65,65,18,45,45,45,45,45],"floor_reached":28,"language":"ENG","playtime":1274,"items_purged":[],"score":309,"play_id":"9fe0a474-e757-44ca-a957-eed59ea58e8a","local_time":"20210125005751","is_ascension_mode":true,"campfire_choices":[{"data":"Footwork","floor":6,"key":"SMITH"},{"floor":10,"key":"REST"},{"floor":13,"key":"REST"},{"data":"Calculated Gamble","floor":15,"key":"SMITH"},{"floor":23,"key":"REST"}],"circlet_count":0,"master_deck":["Strike_G","Strike_G","Defend_G","Defend_G","Defend_G","Defend_G","Defend_G","Survivor","Neutralize","Corpse Explosion","Dagger Spray","Footwork+1","Poisoned Stab","Catalyst","Calculated Gamble+1","Eviscerate+1","Unload+1","Backflip","Burst","Backflip","Catalyst","Quick Slash+1","Terror","Deadly Poison","Poisoned Stab+1"],"relics":["Ring of the Snake","Unceasing Top","Molten Egg 2","Medical Kit","Philosopher\u0027s Stone","DollysMirror","Regal Pillow"],"acts_visited":["Exordium","TheCity"],"potions_floor_usage":[2,8,12],"damage_taken":[{"damage":2,"enemies":"Cultist","floor":1,"turns":4},{"damage":0,"enemies":"2 Louse","floor":2,"turns":2},{"damage":8,"enemies":"Jaw Worm","floor":4,"turns":4},{"damage":35,"enemies":"Lagavulin","floor":7,"turns":8},{"damage":8,"enemies":"Exordium Thugs","floor":8,"turns":4},{"damage":0,"enemies":"Gremlin Gang","floor":12,"turns":2},{"damage":0,"enemies":"2 Fungi Beasts","floor":14,"turns":3},{"damage":31,"enemies":"The Guardian","floor":16,"turns":11},{"damage":6,"enemies":"Shell Parasite","floor":18,"turns":5},{"damage":1,"enemies":"Chosen","floor":21,"turns":6},{"damage":17,"enemies":"3 Cultists","floor":22,"turns":4},{"damage":42,"enemies":"Slavers","floor":25,"turns":3},{"damage":41,"enemies":"Cultist and Chosen","floor":28,"turns":4}],"seed_played":"-7685655641488628075","potions_obtained":[{"floor":1,"key":"AttackPotion"},{"floor":7,"key":"BlessingOfTheForge"},{"floor":8,"key":"Fire Potion"},{"floor":25,"key":"BlessingOfTheForge"}],"is_trial":false,"path_per_floor":["M","M","?","M","?","R","E","M","T","R","$","M","R","M","R","B",null,"M","$","?","M","M","R","$","E","T","?","M"],"character_chosen":"THE_SILENT","items_purchased":["Eviscerate+1","Medical Kit","DollysMirror","Deadly Poison"],"campfire_rested":3,"item_purchase_floors":[11,11,19,24],"current_hp_per_floor":[61,61,61,53,53,53,18,10,10,28,28,28,46,46,46,15,51,45,45,45,44,27,45,45,3,3,24,0,0],"gold":45,"neow_bonus":"THREE_RARE_CARDS","is_daily":false,"chose_seed":false,"campfire_upgraded":2,"win_rate":0.0,"timestamp":1611554271,"path_taken":["M","?","?","?","?","R","E","M","T","R","$","M","R","M","R","BOSS","M","$","?","M","?","R","$","E","T","?","M"],"items_purchased_type":["Card","Relic","Relic","Card"],"build_version":"2020-12-22","purchased_purges":0,"victory":false,"max_hp_per_floor":[63,63,63,63,63,63,63,63,63,63,63,63,63,63,63,63,63,63,63,63,63,63,63,63,63,63,63,63,63],"card_choices":[{"not_picked":["Night Terror","Wraith Form v2"],"picked":"Corpse Explosion","floor":0},{"not_picked":["Bane","Outmaneuver"],"picked":"Dagger Spray","floor":1},{"not_picked":["Cloak And Dagger","Flying Knee"],"picked":"Footwork","floor":2},{"not_picked":["Acrobatics","Choke"],"picked":"Poisoned Stab","floor":4},{"not_picked":["Acrobatics","PiercingWail"],"picked":"Catalyst","floor":7},{"not_picked":["Blade Dance","Sucker Punch"],"picked":"Calculated Gamble","floor":8},{"not_picked":["Flying Knee+1","Reflex"],"picked":"Unload+1","floor":12},{"not_picked":["Quick Slash+1","Blur"],"picked":"Backflip","floor":14},{"not_picked":["Doppelganger","Night Terror"],"picked":"Burst","floor":16},{"not_picked":["Outmaneuver","Backflip","Blade Dance"],"picked":"SKIP","floor":18},{"not_picked":["Outmaneuver","Blade Dance"],"picked":"Backflip","floor":18},{"not_picked":["PiercingWail","Prepared"],"picked":"Quick Slash+1","floor":21},{"not_picked":["Outmaneuver","Escape Plan"],"picked":"Terror","floor":22},{"not_picked":["Flying Knee+1","Blade Dance"],"picked":"Poisoned Stab+1","floor":25}],"player_experience":489740,"relics_obtained":[{"floor":7,"key":"Unceasing Top"},{"floor":9,"key":"Molten Egg 2"},{"floor":25,"key":"Regal Pillow"}],"event_choices":[{"cards_removed":["Strike_G"],"damage_healed":0,"gold_gain":0,"player_choice":"Purged","damage_taken":0,"max_hp_gain":0,"max_hp_loss":0,"event_name":"Purifier","floor":3,"gold_loss":0},{"cards_removed":["Strike_G"],"damage_healed":0,"gold_gain":0,"player_choice":"Card Removal","damage_taken":0,"max_hp_gain":0,"max_hp_loss":0,"event_name":"Wheel of Change","floor":5,"gold_loss":0},{"cards_removed":["Strike_G"],"damage_healed":0,"gold_gain":0,"player_choice":"Offered Basic","damage_taken":0,"max_hp_gain":0,"max_hp_loss":0,"event_name":"Bonfire Elementals","floor":20,"gold_loss":0},{"damage_healed":21,"gold_gain":0,"player_choice":"Heal","damage_taken":0,"max_hp_gain":0,"max_hp_loss":0,"event_name":"The Library","floor":27,"gold_loss":0}],"is_beta":false,"boss_relics":[{"not_picked":["Velvet Choker","Pandora\u0027s Box"],"picked":"Philosopher\u0027s Stone"}],"items_purged_floors":[],"is_endless":false,"potions_floor_spawned":[1,7,8,25],"killed_by":"Cultist and Chosen","ascension_level":6}}