{"host":"xc18ixkpjvqrt8st","time":1611606996,"event":{"mods":["Act Like it!","BaseMod","Better Match","Better Third Choice","Conspire","Hallownest","Hermit","Hubris","Infinite Spire","Minty Spire (QoL Compilation)","Replay The Spire","Robot Space Explorer","Shop Mod","Spicy Shops","Spire Arcade","StSLib","The Animator","The Jungle","The Marked","The Sage"],"gold_per_floor":[129,129,8,80,80,80,80,115,196,210,221,73,73,86,86,189,189,211,211,211,211,63,63,63,0,0,0,0,63,63,160,160,380,380,529,529,529,529,529],"floor_reached":38,"language":"ENG","playtime":1746,"items_purged":[],"score":660,"play_id":"e03e2bfb-3280-42d4-b94c-660bc4cee125","local_time":"20210125143636","is_ascension_mode":true,"campfire_choices":[{"floor":6,"key":"REST"},{"floor":13,"key":"REST"},{"floor":15,"key":"RECALL"},{"floor":23,"key":"REST"},{"floor":28,"key":"REST"},{"data":"animator:DolaSchwi","floor":30,"key":"SMITH"},{"floor":32,"key":"REST"}],"circlet_count":0,"master_deck":["animator:Strike_GoblinSlayer","animator:Defend_GoblinSlayer","animator:Strike","animator:Strike+1","animator:Strike","animator:Defend","animator:Defend","animator:Defend+1","animator:LizardPriest","animator:DwarfShaman","animator:Priestess+1","animator:Cirno","animator:Jibril","hubris:Fate","animator:Kazuma","animator:Chung","animator:DolaSchwi+1","animator:Vanir","animator:DwarfShaman","animator:Eris","hubris:Greed","CommonCold","conspire:NecroticWound","hubris:Greed","animator:TsurugaMeisai","animator:HinaKagiyama","animator:Curse_Dizziness","hubris:Greed","hubris:Greed","animator:MumenRider+1","hubris:Greed","hubris:Greed","hubris:Greed","hubris:Greed","hubris:Greed","hubris:Greed","animator:Hero","hubris:Greed","hubris:Greed","hubris:Greed","hubris:Greed","hubris:Greed","hubris:Greed","animator:Sonic","hubris:Greed","hubris:Greed","hubris:Greed","hubris:Greed","hubris:Greed","hubris:Greed","animator:Kyubey","hubris:Greed","hubris:Greed","hubris:Greed","hubris:Greed","animator:CowGirl+1","CommonCold","animator:Cirno","animator:Kuroyukihime","hubris:Greed"],"relics":["animator:LivingPicture","animator:TheMissingPiece","ReplayTheSpireMod:Lightbulb","Strawberry","infinitespire:ShieldingShard","infinitespire:Broken Mirror","Bag of Marbles","Replay:Ancient Bell","War Paint","animator:OldCoffin","infinitespire:CursedDice","hubris:Icosahedron","Replay:Mystery Machine","infinitespire:Bottled Soul","Replay:Fungal Core","animator:CursedGlyph","Replay:Grab Bag","hubris:CrackedHourglass","Replay:Bronze Core","hubris:HollowSoul","Ring of Peace","Ring of Fangs"],"acts_visited":["Exordium","TheCity","TheBeyond"],"potions_floor_usage":[8,8,8,16,31,31],"damage_taken":[{"damage":0,"enemies":"conspire:RoseBush","floor":1,"turns":4},{"damage":0,"enemies":"Gremlin Nob","floor":8,"turns":3},{"damage":0,"enemies":"2 Louse","floor":10,"turns":2},{"damage":0,"enemies":"Cultist","floor":11,"turns":3},{"damage":1,"enemies":"Looter","floor":14,"turns":2},{"damage":0,"enemies":"Fading Forest","floor":16,"turns":11},{"damage":25,"enemies":"conspire:FuzzyDice","floor":18,"turns":5},{"damage":14,"enemies":"2 Thieves","floor":25,"turns":5},{"damage":10,"enemies":"Centurion and Healer","floor":29,"turns":6},{"damage":42,"enemies":"Snake Plant","floor":31,"turns":6},{"damage":33,"enemies":"conspire:MysteriousRune","floor":33,"turns":10},{"damage":48,"enemies":"3 Shapes","floor":35,"turns":7},{"damage":0,"enemies":"Orb Walker","floor":38,"turns":1}],"seed_played":"7173781086551798087","potions_obtained":[{"floor":1,"key":"Strength Potion"},{"floor":4,"key":"ColorlessPotion"},{"floor":4,"key":"FearPotion"},{"floor":10,"key":"DuplicationPotion"},{"floor":11,"key":"FearPotion"},{"floor":29,"key":"ColorlessPotion"},{"floor":33,"key":"Ancient Potion"}],"is_trial":false,"path_per_floor":["M","?","$","?","?","R","?","E","T","M","M","$","R","M","R","B",null,"M","?","?","?","$","R","T","M","T","AVR","R","M","R","M","R","B",null,"M","?","?","M"],"character_chosen":"THE_ANIMATOR","items_purchased":["animator:Cirno","animator:Tatsumaki","Bag of Marbles","Replay:Mystery Machine"],"campfire_rested":5,"item_purchase_floors":[3,3,12,22],"current_hp_per_floor":[66,66,66,47,29,50,50,50,50,51,51,51,73,72,72,72,74,49,49,49,49,49,71,71,57,57,57,74,67,67,28,49,19,70,26,26,21,14,14],"gold":529,"neow_bonus":"RANDOM_COMMON_RELIC","is_daily":false,"chose_seed":false,"campfire_upgraded":1,"win_rate":0.0,"timestamp":1611606996,"path_taken":["M","?","$","?","?","R","?","E","T","M","?","$","R","M","R","BOSS","M","?","?","?","$","R","?","M","T","AVR","R","?","R","M","R","BOSS","M","?","?","M"],"items_purchased_type":["Card","Card","Relic","Relic"],"build_version":"2020-12-22","purchased_purges":0,"victory":false,"max_hp_per_floor":[66,66,66,73,73,73,73,73,73,74,74,74,74,74,74,74,74,74,74,74,74,74,74,74,74,74,74,74,70,70,70,70,70,70,71,71,71,14,14],"card_choices":[{"not_picked":["animator:DolaRiku","animator:Ain"],"picked":"animator:Priestess","floor":1},{"not_picked":["animator:DolaStephanie","animator:Elsword"],"picked":"animator:Jibril","floor":4},{"not_picked":["infinitespire:Execution","infinitespire:Menacing"],"picked":"hubris:Fate","floor":5},{"not_picked":["animator:Tatsumaki","animator:YuiTsuruno"],"picked":"animator:Chung","floor":8},{"not_picked":["animator:IzunaHatsuse","animator:Aqua"],"picked":"animator:DolaSchwi","floor":10},{"not_picked":["animator:Verdia","animator:Kazuma"],"picked":"animator:Vanir","floor":11},{"not_picked":["animator:Elsword","animator:YunYun"],"picked":"animator:DwarfShaman","floor":14},{"not_picked":["animator:Wiz","animator:Saitama"],"picked":"animator:Eris","floor":16},{"not_picked":["hubris:Sloth","animator:Curse_Greed"],"picked":"hubris:Greed","floor":17},{"not_picked":["ReplayTheSpireMod:Splinters","hubris:Greed"],"picked":"CommonCold","floor":17},{"not_picked":["Delirium","Looming Evil"],"picked":"conspire:NecroticWound","floor":17},{"not_picked":["animator:DwarfShaman+1","animator:Kazuma"],"picked":"animator:TsurugaMeisai","floor":18},{"not_picked":["animator:Jibril","animator:MadokaKaname"],"picked":"animator:MumenRider+1","floor":25},{"not_picked":["animator:GuildGirl","animator:LizardPriest"],"picked":"animator:Hero","floor":29},{"not_picked":["animator:Ara","animator:SilverFang+1"],"picked":"animator:Sonic","floor":31},{"not_picked":["animator:Saitama","animator:HomuraAkemi"],"picked":"animator:Kyubey","floor":33},{"not_picked":["animator:Konayuki","animator:Genos"],"picked":"animator:CowGirl+1","floor":35},{"not_picked":["animator:Kuroyukihime","animator:KotoriKanbe"],"picked":"animator:Cirno","floor":37},{"not_picked":["animator:QuestionMark","animator:Lelouch"],"picked":"animator:Kuroyukihime","floor":37}],"player_experience":595818,"relics_obtained":[{"floor":4,"key":"Strawberry"},{"floor":8,"key":"infinitespire:ShieldingShard"},{"floor":9,"key":"infinitespire:Broken Mirror"},{"floor":26,"key":"infinitespire:Bottled Soul"},{"floor":29,"key":"animator:CursedGlyph"},{"floor":36,"key":"Ring of Peace"},{"floor":36,"key":"Ring of Fangs"}],"event_choices":[{"damage_healed":0,"gold_gain":0,"cards_transformed":["animator:Tatsumaki"],"player_choice":"Transformed","damage_taken":0,"max_hp_gain":0,"max_hp_loss":0,"event_name":"Transmorgrifier","floor":7,"gold_loss":0,"cards_obtained":["animator:Kazuma"]},{"damage_healed":0,"gold_gain":0,"player_choice":"Memory 2","damage_taken":5,"max_hp_gain":0,"max_hp_loss":0,"event_name":"SensoryStone","floor":37,"gold_loss":0}],"is_beta":false,"boss_relics":[{"not_picked":["Pandora\u0027s Box","hubris:GrandSneckoEye"],"picked":"Replay:Ancient Bell"},{"not_picked":["Replay:Baseball","Potion Belt"],"picked":"War Paint"},{"not_picked":["hubris:MysteriousPyramids","infinitespire:CheckeredPen"],"picked":"animator:OldCoffin"},{"not_picked":["Thread and Needle","Incense Burner"],"picked":"infinitespire:CursedDice"},{"not_picked":["hubris:BlackHole","conspire:SlowCooker"],"picked":"Replay:Grab Bag"},{"not_picked":["ReplayTheSpireMod:DimensionalGlitch","Philosopher\u0027s Stone"],"picked":"hubris:CrackedHourglass"},{"not_picked":["hubris:VirtuousBlindfold","Cursed Key"],"picked":"Replay:Bronze Core"},{"not_picked":["Astrolabe","Calling Bell"],"picked":"hubris:HollowSoul"}],"items_purged_floors":[],"is_endless":false,"potions_floor_spawned":[1,10,11,29,33],"killed_by":"Orb Walker","ascension_level":2}}