{"host":"vyjryxuuuxkt43k4","time":1611589167,"event":{"mods":["AchievementEnabler","BaseMod","Colored Map","DeckTracker","Keyboard Shortcuts","Minty Spire (QoL Compilation)","Permanent Neow","Quick Restart","Rare Cards Sparkle","StSLib","SuperFastMode","everything is the same but u backflip on backflip"],"gold_per_floor":[114,126,126,142,156,156,187,187,214,231,260,207,233,243,243,319,319,329,254,272,222,238,264,264,264,264],"floor_reached":25,"language":"KOR","playtime":799,"items_purged":[],"score":511,"play_id":"b7aba406-8cc8-43d8-89a3-0c069de6c4fc","local_time":"20210126003927","is_ascension_mode":true,"campfire_choices":[{"data":"Immolate","floor":6.0,"key":"SMITH"},{"floor":15.0,"key":"REST"}],"circlet_count":0,"master_deck":["AscendersBane","Strike_R","Strike_R","Strike_R","Strike_R","Strike_R","Defend_R","Defend_R","Defend_R+1","Bash","Corruption+1","Perfected Strike","Immolate+1","Perfected Strike+1","Entrench","Spot Weakness","Perfected Strike","Barricade","Wild Strike","Headbutt+1","Wild Strike","Warcry+1","Perfected Strike"],"relics":["Burning Blood","Boot","Orichalcum","Nunchaku","Mercury Hourglass","Mark of Pain","Charon\u0027s Ashes"],"acts_visited":["Exordium","TheCity"],"potions_floor_usage":[25],"damage_taken":[{"damage":2.0,"enemies":"2 Louse","floor":1.0,"turns":4.0},{"damage":14.0,"enemies":"Jaw Worm","floor":2.0,"turns":4.0},{"damage":1.0,"enemies":"Small Slimes","floor":4.0,"turns":3.0},{"damage":21.0,"enemies":"Red Slaver","floor":5.0,"turns":4.0},{"damage":8.0,"enemies":"Gremlin Nob","floor":7.0,"turns":3.0},{"damage":5.0,"enemies":"Looter","floor":10.0,"turns":2.0},{"damage":11.0,"enemies":"3 Sentries","floor":11.0,"turns":5.0},{"damage":20.0,"enemies":"Gremlin Nob","floor":13.0,"turns":4.0},{"damage":0.0,"enemies":"3 Louse","floor":14.0,"turns":1.0},{"damage":27.0,"enemies":"The Guardian","floor":16.0,"turns":9.0},{"damage":11.0,"enemies":"2 Thieves","floor":18.0,"turns":4.0},{"damage":8.0,"enemies":"Chosen","floor":20.0,"turns":4.0},{"damage":4.0,"enemies":"3 Cultists","floor":22.0,"turns":3.0},{"damage":55,"enemies":"Gremlin Leader","floor":23,"turns":6},{"damage":16,"enemies":"Sentry and Sphere","floor":25,"turns":3}],"seed_played":"-7034499184196565945","potions_obtained":[{"floor":4.0,"key":"SpeedPotion"},{"floor":5.0,"key":"Fire Potion"},{"floor":7.0,"key":"GamblersBrew"},{"floor":13.0,"key":"Energy Potion"},{"floor":16.0,"key":"SteroidPotion"}],"is_trial":false,"path_per_floor":["M","M","?","M","M","R","E","?","T","M","E","$","E","M","R","B",null,"M","?","M","$","M","E","?","M"],"character_chosen":"IRONCLAD","items_purchased":["SteroidPotion","Wild Strike"],"campfire_rested":1,"item_purchase_floors":[12,21],"current_hp_per_floor":[72,64,41,46,31,31,29,29,29,30,25,25,11,17,39,18,61,56,56,54,54,56,7,7,0,0],"gold":264,"neow_bonus":"ONE_RANDOM_RARE_CARD","is_daily":false,"chose_seed":false,"campfire_upgraded":1,"win_rate":0.0,"timestamp":1611589167,"path_taken":["M","M","?","M","M","R","E","?","T","M","E","$","E","M","R","BOSS","M","?","M","$","M","E","?","?"],"items_purchased_type":["Potion","Card"],"build_version":"2020-12-22","purchased_purges":0,"victory":false,"max_hp_per_floor":[75,75,75,75,75,75,75,75,75,75,75,75,75,75,75,75,75,75,75,75,75,75,75,75,75,75],"card_choices":[{"not_picked":["Heavy Blade","Burning Pact","Warcry"],"picked":"SKIP","floor":1.0},{"not_picked":["Disarm","Twin Strike"],"picked":"Perfected Strike","floor":2.0},{"not_picked":["Flex","True Grit","Thunderclap"],"picked":"SKIP","floor":4.0},{"not_picked":["Shrug It Off","Flex"],"picked":"Immolate","floor":5.0},{"not_picked":["Flex","Corruption"],"picked":"Perfected Strike","floor":7.0},{"not_picked":["Sword Boomerang","Clash","True Grit"],"picked":"SKIP","floor":10.0},{"not_picked":["Thunderclap","Rampage"],"picked":"Entrench","floor":11.0},{"not_picked":["Infernal Blade","Blood for Blood"],"picked":"Spot Weakness","floor":13.0},{"not_picked":["Cleave","Wild Strike"],"picked":"Perfected Strike","floor":14.0},{"not_picked":["Fiend Fire","Corruption"],"picked":"Barricade","floor":16.0},{"not_picked":["Whirlwind","Iron Wave"],"picked":"Wild Strike","floor":18.0},{"not_picked":["Intimidate","Iron Wave"],"picked":"Headbutt+1","floor":20.0},{"not_picked":["Headbutt","Carnage"],"picked":"Warcry+1","floor":22.0},{"not_picked":["Burning Pact","Hemokinesis"],"picked":"Perfected Strike","floor":23}],"player_experience":344036,"relics_obtained":[{"floor":7.0,"key":"Boot"},{"floor":9.0,"key":"Orichalcum"},{"floor":11.0,"key":"Nunchaku"},{"floor":13.0,"key":"Mercury Hourglass"},{"floor":23,"key":"Charon\u0027s Ashes"}],"event_choices":[{"damage_healed":0.0,"max_hp_gain":0.0,"max_hp_loss":0.0,"gold_gain":0.0,"event_name":"Shining Light","player_choice":"Entered Light","floor":3.0,"gold_loss":0.0,"damage_taken":23.0,"cards_upgraded":["Corruption","Defend_R"]},{"damage_healed":0.0,"max_hp_gain":0.0,"max_hp_loss":0.0,"gold_gain":0.0,"event_name":"Living Wall","player_choice":"Grow","floor":8.0,"gold_loss":0.0,"damage_taken":0.0,"cards_upgraded":["Perfected Strike"]},{"cards_removed":["Defend_R"],"damage_healed":0.0,"max_hp_gain":0.0,"max_hp_loss":0.0,"gold_gain":0.0,"event_name":"Beggar","player_choice":"Gave Gold","floor":19.0,"gold_loss":75.0,"damage_taken":0.0},{"damage_healed":0,"gold_gain":0,"player_choice":"Leave","damage_taken":0,"max_hp_gain":0,"max_hp_loss":0,"event_name":"FaceTrader","floor":24,"gold_loss":0}],"is_beta":false,"boss_relics":[{"not_picked":["Pandora\u0027s Box","Calling Bell"],"picked":"Mark of Pain"}],"items_purged_floors":[],"is_endless":false,"potions_floor_spawned":[4,5,7,13,16],"killed_by":"Sentry and Sphere","ascension_level":20}}