{"host":"kg61lsvem4dxoat8","time":1611555414,"event":{"mods":["BaseMod","Colored Powertips","Minty Spire (QoL Compilation)","Quick Restart","Rare Cards Sparkle","Relic Stats","slay the spire mod where everything is the same but ironclad has a cowboy hat"],"gold_per_floor":[114,126,144,294,294,327,327,403,429,429,440,452,452,41,41,118,118,131,148,148,148],"floor_reached":20,"language":"ENG","playtime":495,"items_purged":["Doubt"],"score":322,"play_id":"318a44b1-b168-4cba-8ce3-6261016723de","local_time":"20210125141654","is_ascension_mode":true,"campfire_choices":[{"data":"Blade Dance","floor":7,"key":"SMITH"},{"data":"Blade Dance","floor":10,"key":"SMITH"},{"data":"Envenom","floor":15,"key":"SMITH"}],"circlet_count":0,"master_deck":["AscendersBane","Strike_G","Strike_G+1","Strike_G+1","Strike_G","Strike_G","Defend_G","Defend_G","Defend_G","Defend_G","Defend_G","Survivor","Neutralize","Blade Dance+1","Blade Dance+1","Cloak And Dagger","Blade Dance","Envenom+1","Escape Plan"],"relics":["Ring of the Snake","Pen Nib","Omamori","Ninja Scroll","MealTicket","FaceOfCleric","Strawberry","Black Star"],"acts_visited":["Exordium","TheCity"],"potions_floor_usage":[6,12,19,20],"damage_taken":[{"damage":1,"enemies":"Cultist","floor":1,"turns":3},{"damage":4,"enemies":"Small Slimes","floor":2,"turns":4},{"damage":0,"enemies":"Jaw Worm","floor":3,"turns":4},{"damage":18,"enemies":"Gremlin Nob","floor":6,"turns":3},{"damage":1,"enemies":"Exordium Thugs","floor":11,"turns":2},{"damage":3,"enemies":"3 Louse","floor":12,"turns":4},{"damage":19,"enemies":"Hexaghost","floor":16,"turns":7},{"damage":24,"enemies":"Shell Parasite","floor":18,"turns":3},{"damage":14,"enemies":"2 Thieves","floor":19,"turns":3},{"damage":45,"enemies":"Snecko","floor":20,"turns":5}],"seed_played":"688860487724839778","potions_obtained":[{"floor":1,"key":"Strength Potion"},{"floor":6,"key":"AttackPotion"},{"floor":18,"key":"LiquidMemories"},{"floor":19,"key":"ColorlessPotion"}],"is_trial":false,"path_per_floor":["M","M","M","?","?","E","R","T","T","R","M","M","?","$","R","B",null,"M","M","M"],"character_chosen":"THE_SILENT","items_purchased":["Envenom","Strawberry"],"campfire_rested":0,"item_purchase_floors":[14,14],"current_hp_per_floor":[58,54,54,54,34,16,16,16,16,16,15,12,12,34,34,16,60,37,24,0,0],"gold":148,"neow_bonus":"RANDOM_COMMON_RELIC","is_daily":false,"chose_seed":false,"campfire_upgraded":3,"win_rate":0.0,"timestamp":1611555414,"path_taken":["M","M","M","?","?","E","R","?","T","R","?","M","?","$","R","BOSS","M","?","M"],"items_purchased_type":["Card","Relic"],"build_version":"2020-12-22","purchased_purges":1,"victory":false,"max_hp_per_floor":[66,66,66,66,66,66,66,66,66,66,66,66,66,73,73,74,74,75,76,76,76],"relic_stats":{"FaceOfCleric":3,"counters":[10,38],"MealTicket":15,"Pen Nib":[15],"Black Star":0,"obtain_stats":[{"FaceOfCleric":13,"Ninja Scroll":8,"Strawberry":14,"MealTicket":9,"Pen Nib":0,"Omamori":6,"Black Star":17,"Ring of the Snake":0},{"FaceOfCleric":6,"Ninja Scroll":4,"Strawberry":6,"MealTicket":4,"Pen Nib":0,"Omamori":4,"Black Star":7,"Ring of the Snake":0},{"FaceOfCleric":20,"Ninja Scroll":14,"Strawberry":20,"MealTicket":14,"Pen Nib":0,"Omamori":14,"Black Star":27,"Ring of the Snake":0}],"Ring of the Snake":[20]},"card_choices":[{"not_picked":["Outmaneuver","Distraction","Dagger Throw"],"picked":"SKIP","floor":1},{"not_picked":["Dagger Throw","Flying Knee"],"picked":"Blade Dance","floor":2},{"not_picked":["Terror","Quick Slash"],"picked":"Blade Dance","floor":3},{"not_picked":["Blade Dance","Bane"],"picked":"Cloak And Dagger","floor":6},{"not_picked":["Sucker Punch","Predator","Backflip"],"picked":"SKIP","floor":11},{"not_picked":["Glass Knife","Slice"],"picked":"Blade Dance","floor":12},{"not_picked":["Blade Dance","Well Laid Plans"],"picked":"Escape Plan","floor":18},{"not_picked":["Predator+1","Dagger Spray","Backflip"],"picked":"SKIP","floor":19}],"player_experience":1393260,"relics_obtained":[{"floor":6,"key":"Omamori"},{"floor":8,"key":"Ninja Scroll"},{"floor":9,"key":"MealTicket"}],"event_choices":[{"damage_healed":0,"gold_gain":150,"player_choice":"AGREE","damage_taken":0,"max_hp_gain":0,"max_hp_loss":0,"event_name":"Liars Game","floor":4,"gold_loss":0,"cards_obtained":["Doubt"]},{"damage_healed":0,"gold_gain":0,"player_choice":"Entered Light","damage_taken":20,"max_hp_gain":0,"max_hp_loss":0,"event_name":"Shining Light","floor":5,"gold_loss":0,"cards_upgraded":["Strike_G","Strike_G"]},{"damage_healed":0,"gold_gain":0,"player_choice":"Trade","damage_taken":0,"relics_obtained":["FaceOfCleric"],"max_hp_gain":0,"max_hp_loss":0,"event_name":"FaceTrader","floor":13,"gold_loss":0}],"is_beta":false,"boss_relics":[{"not_picked":["Sozu","Coffee Dripper"],"picked":"Black Star"}],"items_purged_floors":[14],"is_endless":false,"potions_floor_spawned":[1,6,18,19],"killed_by":"Snecko","ascension_level":17}}