{"host":"4nqeo0vu1vuav7gg","time":1611596669,"event":{"mods":["AchievementEnabler","BaseMod","Block Reminder","Colored Map","Colored Powertips","Highlight Path","Minty Spire (QoL Compilation)","Quick Restart","Rare Cards Sparkle","Relic Relevance Reorder","StSLib"],"gold_per_floor":[116,128,13,13,13,13,48,48,48,83,108,108,118,218,218,218,218],"floor_reached":16,"language":"ENG","playtime":558,"items_purged":["Doubt"],"score":226,"play_id":"66118fed-c1eb-47d0-bd2f-bd68193afe36","local_time":"20210125184429","is_ascension_mode":true,"campfire_choices":[{"floor":6,"key":"REST"},{"floor":8,"key":"REST"},{"floor":12,"key":"REST"},{"data":"Buffer","floor":15,"key":"SMITH"}],"circlet_count":0,"master_deck":["AscendersBane","Strike_B","Strike_B","Strike_B","Strike_B","Defend_B","Defend_B","Defend_B","Defend_B","Zap","Dualcast","Conserve Battery","Sunder","Compile Driver","BootSequence","Buffer+1","Coolheaded"],"relics":["Cracked Core","Shuriken","Symbiotic Virus","The Courier","Tiny Chest","WingedGreaves"],"acts_visited":["Exordium"],"potions_floor_usage":[7,16],"damage_taken":[{"damage":14,"enemies":"Jaw Worm","floor":1,"turns":4},{"damage":1,"enemies":"Cultist","floor":2,"turns":3},{"damage":30,"enemies":"Gremlin Nob","floor":7,"turns":4},{"damage":13,"enemies":"3 Sentries","floor":10,"turns":5},{"damage":25,"enemies":"Lagavulin","floor":11,"turns":5},{"damage":0,"enemies":"Small Slimes","floor":13,"turns":4},{"damage":52,"enemies":"Hexaghost","floor":16,"turns":11}],"seed_played":"232147568771083410","potions_obtained":[{"floor":2,"key":"Ancient Potion"},{"floor":10,"key":"SteroidPotion"},{"floor":13,"key":"ColorlessPotion"}],"is_trial":false,"path_per_floor":["M","M","$","?","$","R","E","R","T","E","E","R","M","?","R","B"],"character_chosen":"DEFECT","items_purchased":["Sunder"],"campfire_rested":3,"item_purchase_floors":[3],"current_hp_per_floor":[64,63,63,37,37,62,32,57,57,44,19,44,44,44,44,0,0],"gold":218,"neow_bonus":"TWENTY_PERCENT_HP_BONUS","is_daily":false,"chose_seed":false,"campfire_upgraded":1,"win_rate":0.0,"timestamp":1611596669,"path_taken":["M","M","$","?","$","R","E","R","T","E","E","R","M","?","R","BOSS"],"items_purchased_type":["Card"],"build_version":"2020-12-22","purchased_purges":1,"victory":false,"max_hp_per_floor":[85,85,85,85,85,85,85,85,85,85,85,85,85,85,85,85,85],"card_choices":[{"not_picked":["Consume","Leap","Steam"],"picked":"SKIP","floor":1},{"not_picked":["Go for the Eyes","Consume"],"picked":"Conserve Battery","floor":2},{"not_picked":["Aggregate","Steam Power"],"picked":"Compile Driver","floor":7},{"not_picked":["Recycle","Hologram"],"picked":"BootSequence","floor":10},{"not_picked":["Steam","Coolheaded"],"picked":"Buffer","floor":11},{"not_picked":["Rebound","Leap"],"picked":"Coolheaded","floor":13}],"player_experience":1073476,"relics_obtained":[{"floor":7,"key":"Tiny Chest"},{"floor":9,"key":"Symbiotic Virus"},{"floor":10,"key":"The Courier"},{"floor":11,"key":"Shuriken"}],"event_choices":[{"damage_healed":0,"gold_gain":0,"player_choice":"Success","damage_taken":26,"relics_obtained":["WingedGreaves"],"max_hp_gain":0,"max_hp_loss":0,"event_name":"Scrap Ooze","floor":4,"gold_loss":0},{"damage_healed":0,"gold_gain":100,"player_choice":"Gold","damage_taken":0,"max_hp_gain":0,"max_hp_loss":0,"event_name":"Wheel of Change","floor":14,"gold_loss":0}],"is_beta":false,"boss_relics":[],"items_purged_floors":[3],"is_endless":false,"potions_floor_spawned":[2,10,13],"killed_by":"Hexaghost","ascension_level":19}}