{"host":"s2osy7q50b0b981m","time":1611610215,"event":{"mods":["2.2 Compatiblity","AchievementEnabler","Act Like it!","Aspiration","BaseMod","Better Match","Better Note","Better Skull","Better Vampires","BetterRewards","Block Reminder","Colored Map","Colored Powertips","Custom Start","DeckTracker","Downfall","Halation","Hermit","Highlight Path","Hubris","Jorbs\u0027s Wanderer Trilogy","Marisa????????","Minty Spire (QoL Compilation)","Permanent Neow","Quick Restart","Replay The Spire","Shade Mod","StSLib","The Bladedancer","The Bug Knight","The Construct","The Cursed","The Disciple","The Jungle","The Necromancer","The Servant 0.9.4"],"gold_per_floor":[113,113,130,130,141,141,111,111,111,136,136,87,117,39,39,39,39],"floor_reached":16,"language":"ENG","playtime":442,"items_purged":[],"score":98,"play_id":"1478ae26-9c59-4543-a0b8-9b262a84a830","local_time":"20210125223015","is_ascension_mode":false,"campfire_choices":[{"data":"Clothesline","floor":6,"key":"SMITH"},{"data":"Cleave","floor":8,"key":"SMITH"},{"data":"1","floor":11,"key":"LIFT"},{"floor":15,"key":"REST"}],"circlet_count":0,"master_deck":["Strike_R","Strike_R","Strike_R","Strike_R","Strike_R","Defend_R","Defend_R","Defend_R","Defend_R","Bash","Clothesline+1","Cleave+1","Shrug It Off","Inflame"],"relics":["Burning Blood","NeowsBlessing","halation:EternalFortune","Girya","Centennial Puzzle","halation:AfternoonTea"],"acts_visited":["Exordium"],"potions_floor_usage":[7],"damage_taken":[{"damage":0,"enemies":"2 Louse","floor":1,"turns":1},{"damage":0,"enemies":"Small Slimes","floor":3,"turns":1},{"damage":0,"enemies":"Jaw Worm","floor":5,"turns":1},{"damage":17,"enemies":"Exordium Thugs","floor":7,"turns":5},{"damage":26,"enemies":"Lagavulin","floor":13,"turns":7},{"damage":89,"enemies":"Fading Forest","floor":16,"turns":10}],"seed_played":"-8483443214003959253","potions_obtained":[{"floor":3,"key":"Block Potion"},{"floor":5,"key":"Elixir"}],"is_trial":false,"path_per_floor":["M","?","M","?","M","R","M","R","T","T","R","$","E","$","R","B"],"character_chosen":"IRONCLAD","items_purchased":["Shrug It Off","Inflame"],"campfire_rested":1,"item_purchase_floors":[12,14],"current_hp_per_floor":[80,80,80,83,83,83,72,72,72,72,72,72,55,55,80,18,18],"gold":39,"neow_bonus":"THREE_ENEMY_KILL","is_daily":false,"chose_seed":false,"campfire_upgraded":2,"win_rate":0.0,"timestamp":1611610215,"path_taken":["M","?","M","?","M","R","M","R","T","?","R","$","E","$","R","BOSS"],"items_purchased_type":["Card","Card"],"build_version":"2020-12-22","purchased_purges":0,"victory":false,"max_hp_per_floor":[80,80,80,83,83,83,83,83,83,83,83,83,86,86,86,86,86],"card_choices":[{"not_picked":["Body Slam","Rupture","Wild Strike"],"picked":"SKIP","floor":1},{"not_picked":["Flex","Wild Strike"],"picked":"Clothesline","floor":3},{"not_picked":["Havoc","Warcry","Thunderclap"],"picked":"SKIP","floor":5},{"not_picked":["Perfected Strike","Clothesline"],"picked":"Cleave","floor":7},{"not_picked":["Defy Death","Blood for Blood","Cleave"],"picked":"SKIP","floor":13}],"player_experience":199410,"relics_obtained":[{"floor":9,"key":"Girya"},{"floor":10,"key":"Centennial Puzzle"},{"floor":13,"key":"halation:EternalFortune"},{"floor":13,"key":"halation:AfternoonTea"}],"event_choices":[{"damage_healed":0,"gold_gain":0,"player_choice":"Ignored","damage_taken":0,"max_hp_gain":0,"max_hp_loss":0,"event_name":"Golden Idol","floor":2,"gold_loss":0}],"is_beta":false,"boss_relics":[],"items_purged_floors":[],"is_endless":false,"potions_floor_spawned":[3,5],"killed_by":"Fading Forest","ascension_level":0}}