{"host":"vyjryxuuuxkt43k4","time":1611563395,"event":{"mods":["AchievementEnabler","BaseMod","Colored Map","DeckTracker","Keyboard Shortcuts","Minty Spire (QoL Compilation)","Permanent Neow","Quick Restart","Rare Cards Sparkle","StSLib","SuperFastMode","everything is the same but u backflip on backflip"],"gold_per_floor":[20,38,49,49,61,87,87,115,115,115,140,140,183,197,197,293,293,312,21,21,37,37,37,71,71,144,164,164,177,177,220,220,313,313,331,331,355,376,397,430,430,464,487,487,487],"floor_reached":44,"language":"KOR","playtime":3792,"items_purged":[],"score":1181,"play_id":"12c10744-63a3-4343-a15d-43d83a5c0ca4","local_time":"20210125172955","is_ascension_mode":true,"campfire_choices":[{"data":"True Grit","floor":7.0,"key":"SMITH"},{"floor":15.0,"key":"DIG"},{"floor":23.0,"key":"DIG"},{"floor":25.0,"key":"DIG"},{"floor":28.0,"key":"DIG"},{"floor":30.0,"key":"DIG"},{"floor":32.0,"key":"DIG"},{"floor":41,"key":"DIG"}],"circlet_count":0,"master_deck":["AscendersBane","Defend_R","Defend_R+1","Defend_R","Defend_R","Bash+1","Feed","Hemokinesis","Headbutt","Flame Barrier","True Grit+1","Disarm","Carnage+1","Immolate+1","Double Tap+1","Feel No Pain","Shrug It Off","Pommel Strike+1","Dark Embrace","Heavy Blade","Juggernaut+1","Doubt","Evolve+1","Spot Weakness","Demon Form+1","Reaper","Sever Soul+1","Headbutt+1","Exhume+1","Reaper","Battle Trance","Rupture+1","Fire Breathing+1","Parasite"],"relics":["Burning Blood","Bag of Preparation","StrikeDummy","Shovel","Golden Idol","Thread and Needle","Cursed Key","Lantern","Nloth\u0027s Gift","Frozen Egg 2","Gambling Chip","Pantograph","HornCleat","War Paint","Pen Nib","Dead Branch","Boot","Astrolabe","Whetstone","Paper Frog","Prayer Wheel"],"acts_visited":["Exordium","TheCity","TheBeyond"],"potions_floor_usage":[44],"damage_taken":[{"damage":3.0,"enemies":"Small Slimes","floor":1.0,"turns":4.0},{"damage":7.0,"enemies":"2 Louse","floor":2.0,"turns":5.0},{"damage":6.0,"enemies":"Cultist","floor":3.0,"turns":3.0},{"damage":23.0,"enemies":"Gremlin Gang","floor":5.0,"turns":6.0},{"damage":25.0,"enemies":"Gremlin Nob","floor":6.0,"turns":4.0},{"damage":35.0,"enemies":"3 Sentries","floor":8.0,"turns":12.0},{"damage":10.0,"enemies":"Large Slime","floor":11.0,"turns":6.0},{"damage":0.0,"enemies":"Lagavulin","floor":13.0,"turns":2.0},{"damage":0.0,"enemies":"3 Louse","floor":14.0,"turns":1.0},{"damage":34.0,"enemies":"The Guardian","floor":16.0,"turns":14.0},{"damage":0.0,"enemies":"3 Byrds","floor":18.0,"turns":2.0},{"damage":19.0,"enemies":"Shell Parasite","floor":21.0,"turns":5.0},{"damage":0.0,"enemies":"Slavers","floor":24.0,"turns":1.0},{"damage":0.0,"enemies":"3 Cultists","floor":27.0,"turns":2.0},{"damage":10.0,"enemies":"Chosen and Byrds","floor":29.0,"turns":4.0},{"damage":16.0,"enemies":"Gremlin Leader","floor":31.0,"turns":5.0},{"damage":54.0,"enemies":"Collector","floor":33.0,"turns":8.0},{"damage":0.0,"enemies":"3 Darklings","floor":35.0,"turns":4.0},{"damage":20.0,"enemies":"Orb Walker","floor":37.0,"turns":5.0},{"damage":56.0,"enemies":"Sphere and 2 Shapes","floor":38.0,"turns":6.0},{"damage":30.0,"enemies":"Maw","floor":39.0,"turns":9.0},{"damage":161,"enemies":"Giant Head","floor":40,"turns":9},{"damage":6,"enemies":"Reptomancer","floor":42,"turns":4},{"damage":93,"enemies":"4 Shapes","floor":44,"turns":3}],"seed_played":"5376286283409015855","potions_obtained":[{"floor":3.0,"key":"Block Potion"},{"floor":8.0,"key":"AttackPotion"},{"floor":13.0,"key":"SkillPotion"},{"floor":14.0,"key":"Explosive Potion"},{"floor":21.0,"key":"GamblersBrew"},{"floor":24.0,"key":"DistilledChaos"},{"floor":29.0,"key":"Regen Potion"},{"floor":38.0,"key":"Regen Potion"},{"floor":42,"key":"Regen Potion"}],"is_trial":false,"path_per_floor":["M","M","M","?","M","E","R","E","T","?","M","?","E","M","R","B",null,"M","$","?","M","?","R","E","R","T","M","R","M","R","E","R","B",null,"M","?","M","M","M","E","R","E","T","M"],"character_chosen":"IRONCLAD","items_purchased":["Feel No Pain","Shrug It Off","Lantern"],"campfire_rested":0,"item_purchase_floors":[19,19,19],"current_hp_per_floor":[74,76,79,79,65,46,46,20,20,20,19,19,25,31,38,10,71,80,80,80,70,70,70,76,76,76,82,82,78,78,68,68,45,84,90,90,76,59,65,23,23,28,28,0,0],"gold":487,"neow_bonus":"THREE_RARE_CARDS","is_daily":false,"chose_seed":false,"campfire_upgraded":1,"win_rate":0.0,"timestamp":1611563395,"path_taken":["M","M","M","?","M","E","R","E","T","?","M","?","E","M","R","BOSS","M","$","?","?","?","R","E","R","T","M","R","M","R","E","R","BOSS","M","?","M","?","M","E","R","E","T","M"],"items_purchased_type":["Card","Card","Relic"],"build_version":"2020-12-22","purchased_purges":0,"victory":false,"max_hp_per_floor":[78,81,84,84,87,87,87,90,90,81,84,84,84,84,91,91,91,94,94,94,97,97,97,97,97,97,97,97,97,97,97,97,97,97,97,97,97,97,97,97,97,97,97,97,97],"card_choices":[{"not_picked":["Juggernaut","Fiend Fire"],"picked":"Feed","floor":0.0},{"not_picked":["Flex","Sever Soul"],"picked":"Hemokinesis","floor":1.0},{"not_picked":["Iron Wave","Infernal Blade"],"picked":"Headbutt","floor":2.0},{"not_picked":["Headbutt","Perfected Strike"],"picked":"Flame Barrier","floor":3.0},{"not_picked":["Warcry","Twin Strike"],"picked":"Disarm","floor":5.0},{"not_picked":["Headbutt","Warcry","Shockwave"],"picked":"SKIP","floor":6.0},{"not_picked":["Inflame","Feel No Pain"],"picked":"Carnage","floor":8.0},{"not_picked":["Thunderclap","Shrug It Off"],"picked":"Immolate","floor":11.0},{"not_picked":["Dropkick","Wild Strike"],"picked":"Body Slam","floor":13.0},{"not_picked":["Iron Wave","Sword Boomerang","Hemokinesis"],"picked":"SKIP","floor":14.0},{"not_picked":["Brutality","Fiend Fire"],"picked":"Double Tap","floor":16.0},{"not_picked":["Headbutt","Warcry","Dropkick"],"picked":"SKIP","floor":18.0},{"not_picked":["Armaments","Reaper"],"picked":"Pommel Strike+1","floor":21.0},{"not_picked":["Shrug It Off","True Grit"],"picked":"Juggernaut+1","floor":24.0},{"not_picked":["Pummel","Warcry+1"],"picked":"Evolve+1","floor":27.0},{"not_picked":["Body Slam","Pommel Strike"],"picked":"Spot Weakness","floor":29.0},{"not_picked":["Flame Barrier","Whirlwind"],"picked":"Demon Form+1","floor":31.0},{"not_picked":["Demon Form+1","Juggernaut+1"],"picked":"Reaper","floor":33.0},{"not_picked":["Iron Wave+1","Body Slam","Uppercut"],"picked":"SKIP","floor":35.0},{"not_picked":["Clash","Flex"],"picked":"Battle Trance","floor":37.0},{"not_picked":["Flex","Armaments","Wild Strike"],"picked":"SKIP","floor":38.0},{"not_picked":["Sword Boomerang+1","Shrug It Off","Clash"],"picked":"SKIP","floor":39.0},{"not_picked":["Brutality+1","Dark Embrace+1"],"picked":"Rupture+1","floor":40},{"not_picked":["Warcry","Intimidate"],"picked":"Fire Breathing+1","floor":42}],"player_experience":322308,"relics_obtained":[{"floor":6.0,"key":"Bag of Preparation"},{"floor":8.0,"key":"StrikeDummy"},{"floor":9.0,"key":"Shovel"},{"floor":13.0,"key":"Thread and Needle"},{"floor":15.0,"key":"Strawberry"},{"floor":23.0,"key":"Frozen Egg 2"},{"floor":24.0,"key":"Gambling Chip"},{"floor":25.0,"key":"Pantograph"},{"floor":26.0,"key":"HornCleat"},{"floor":28.0,"key":"War Paint"},{"floor":30.0,"key":"Pen Nib"},{"floor":31.0,"key":"Dead Branch"},{"floor":32.0,"key":"Boot"},{"floor":40,"key":"Whetstone"},{"floor":41,"key":"Paper Frog"},{"floor":42,"key":"Prayer Wheel"}],"event_choices":[{"damage_healed":0.0,"max_hp_gain":0.0,"max_hp_loss":0.0,"gold_gain":0.0,"cards_transformed":["Strike_R"],"event_name":"Living Wall","player_choice":"Change","floor":4.0,"gold_loss":0.0,"damage_taken":0.0,"cards_obtained":["True Grit"]},{"damage_healed":0.0,"max_hp_gain":0.0,"max_hp_loss":9.0,"gold_gain":0.0,"event_name":"Golden Idol","player_choice":"Lose Max HP","floor":10.0,"gold_loss":0.0,"damage_taken":0.0,"relics_obtained":["Golden Idol"]},{"damage_healed":0.0,"max_hp_gain":0.0,"max_hp_loss":0.0,"gold_gain":0.0,"event_name":"Upgrade Shrine","player_choice":"Upgraded","floor":12.0,"gold_loss":0.0,"damage_taken":0.0,"cards_upgraded":["Immolate"]},{"damage_healed":0.0,"max_hp_gain":0.0,"max_hp_loss":0.0,"gold_gain":0.0,"event_name":"N\u0027loth","player_choice":"Traded Relic","floor":20.0,"relics_lost":["Strawberry"],"gold_loss":0.0,"damage_taken":0.0,"relics_obtained":["Nloth\u0027s Gift"]},{"damage_healed":0.0,"max_hp_gain":0.0,"max_hp_loss":0.0,"gold_gain":0.0,"cards_transformed":["Strike_R","Body Slam"],"event_name":"Drug Dealer","player_choice":"Became Test Subject","floor":22.0,"gold_loss":0.0,"damage_taken":0.0,"cards_obtained":["Dark Embrace","Heavy Blade"]},{"damage_healed":0.0,"max_hp_gain":0.0,"max_hp_loss":0.0,"gold_gain":0.0,"event_name":"Duplicator","player_choice":"Copied","floor":36.0,"gold_loss":0.0,"damage_taken":0.0,"cards_obtained":["Reaper"]}],"is_beta":false,"boss_relics":[{"not_picked":["Mark of Pain","Fusion Hammer"],"picked":"Cursed Key"},{"not_picked":["Empty Cage","Runic Pyramid"],"picked":"Astrolabe"}],"items_purged_floors":[],"is_endless":false,"potions_floor_spawned":[3,8,13,14,21,24,29,38,42],"killed_by":"4 Shapes","ascension_level":20}}