{"host":"r53pw7z744tg3fxg","time":1611607362,"event":{"mods":["AchievementEnabler","BaseMod","Colored Map","Colored Powertips","Highlight Path","Minty Spire (QoL Compilation)","Quick Restart","Transform Curses"],"gold_per_floor":[16,34,45,45,19,19,51,51,126,159,178,192,225,225,225,299,299,312,312,322,361,32,32,32,32,32],"floor_reached":25,"language":"ENG","playtime":1189,"items_purged":[],"score":409,"play_id":"dbd7de4a-9233-485d-9886-5ead9e14b01d","local_time":"20210125134241","is_ascension_mode":true,"campfire_choices":[{"data":"Transmutation","floor":6.0,"key":"SMITH"},{"floor":8.0,"key":"REST"},{"floor":15.0,"key":"REST"},{"floor":23,"key":"REST"}],"circlet_count":0,"master_deck":["AscendersBane","Strike_P","Strike_P","Strike_P","Strike_P","Defend_P","Defend_P","Defend_P","Defend_P","Eruption+1","Vigilance","Transmutation+1","EmptyBody","Prostrate","Consecrate","ThirdEye","FlurryOfBlows","Evaluate","DevaForm+1","Judgement","BowlingBash+1","CarveReality","FearNoEvil","LikeWater+1"],"relics":["PureWater","Bronze Scales","Frozen Egg 2","Strawberry","Tiny Chest","Black Star","Kunai","Molten Egg 2"],"acts_visited":["Exordium","TheCity"],"potions_floor_usage":[16,20,20,25],"damage_taken":[{"damage":0.0,"enemies":"Small Slimes","floor":1.0,"turns":2.0},{"damage":4.0,"enemies":"Jaw Worm","floor":2.0,"turns":7.0},{"damage":0.0,"enemies":"Cultist","floor":3.0,"turns":2.0},{"damage":28.0,"enemies":"Lagavulin","floor":7.0,"turns":6.0},{"damage":16.0,"enemies":"Gremlin Nob","floor":10.0,"turns":3.0},{"damage":0.0,"enemies":"Large Slime","floor":11.0,"turns":3.0},{"damage":4.0,"enemies":"2 Fungi Beasts","floor":12.0,"turns":3.0},{"damage":3.0,"enemies":"Lagavulin","floor":13.0,"turns":7.0},{"damage":35,"enemies":"Slime Boss","floor":16,"turns":12},{"damage":38,"enemies":"3 Byrds","floor":18,"turns":3},{"damage":16,"enemies":"2 Thieves","floor":20,"turns":3},{"damage":4,"enemies":"Centurion and Healer","floor":21,"turns":6},{"damage":44,"enemies":"Slavers","floor":25,"turns":3}],"seed_played":"-1849133490568274831","potions_obtained":[{"floor":1.0,"key":"AttackPotion"},{"floor":10.0,"key":"SpeedPotion"},{"floor":12.0,"key":"LiquidBronze"},{"floor":13.0,"key":"Ancient Potion"},{"floor":16,"key":"GamblersBrew"},{"floor":18,"key":"SkillPotion"},{"floor":19,"key":"PowerPotion"},{"floor":19,"key":"Strength Potion"},{"floor":21,"key":"Regen Potion"}],"is_trial":false,"path_per_floor":["M","M","M","?","$","R","E","R","T","E","M","M","E","?","R","B",null,"M","?","M","M","$","R","T","E"],"character_chosen":"WATCHER","items_purchased":["Consecrate","Kunai","LikeWater+1"],"campfire_rested":3,"item_purchase_floors":[5,22,22],"current_hp_per_floor":[61,57,57,57,57,57,29,49,49,40,40,36,33,33,55,20,61,23,23,7,3,3,25,25,0,0],"gold":32,"neow_bonus":"RANDOM_COLORLESS_2","is_daily":false,"chose_seed":false,"campfire_upgraded":1,"win_rate":0.0,"timestamp":1611607361,"path_taken":["M","M","M","?","$","R","E","R","T","E","M","M","E","?","R","BOSS","M","?","?","M","$","R","?","E"],"items_purchased_type":["Card","Relic","Card"],"build_version":"2020-12-22","purchased_purges":0,"victory":false,"max_hp_per_floor":[68,68,68,68,68,68,68,68,68,75,75,75,75,75,75,75,75,75,75,75,75,75,75,75,75,75],"card_choices":[{"not_picked":["Thinking Ahead","Secret Technique"],"picked":"Transmutation","floor":0.0},{"not_picked":["CrushJoints","Swivel","Crescendo"],"picked":"SKIP","floor":1.0},{"not_picked":["Wireheading","Swivel"],"picked":"EmptyBody","floor":2.0},{"not_picked":["Collect","SashWhip"],"picked":"Prostrate","floor":3.0},{"not_picked":["Crescendo","ClearTheMind"],"picked":"ThirdEye","floor":7.0},{"not_picked":["FlyingSleeves","Crescendo"],"picked":"FlurryOfBlows","floor":10.0},{"not_picked":["SashWhip","EmptyFist","Alpha"],"picked":"SKIP","floor":11.0},{"not_picked":["Crescendo","ThirdEye"],"picked":"Evaluate","floor":12.0},{"not_picked":["Crescendo","FlyingSleeves"],"picked":"DevaForm+1","floor":13.0},{"not_picked":["Scrawl","Vault"],"picked":"Judgement","floor":16},{"not_picked":["EmptyFist","Pray"],"picked":"BowlingBash+1","floor":18},{"not_picked":["Collect","WaveOfTheHand"],"picked":"CarveReality","floor":20},{"not_picked":["FlurryOfBlows","Consecrate"],"picked":"FearNoEvil","floor":21}],"player_experience":1347808,"relics_obtained":[{"floor":7.0,"key":"Bronze Scales"},{"floor":9.0,"key":"Frozen Egg 2"},{"floor":10.0,"key":"Strawberry"},{"floor":13.0,"key":"Tiny Chest"},{"floor":24,"key":"Molten Egg 2"}],"event_choices":[{"damage_healed":0.0,"max_hp_gain":0.0,"max_hp_loss":0.0,"gold_gain":0.0,"event_name":"Living Wall","player_choice":"Grow","floor":4.0,"gold_loss":0.0,"damage_taken":0.0,"cards_upgraded":["Eruption"]},{"damage_healed":0.0,"max_hp_gain":0.0,"max_hp_loss":0.0,"gold_gain":0.0,"event_name":"Golden Wing","player_choice":"Ignored","floor":14.0,"gold_loss":0.0,"damage_taken":0.0},{"damage_healed":0,"gold_gain":0,"player_choice":"Got Potions","damage_taken":0,"max_hp_gain":0,"max_hp_loss":0,"event_name":"Lab","floor":19,"gold_loss":0}],"is_beta":false,"boss_relics":[{"not_picked":["Sozu","SlaversCollar"],"picked":"Black Star"}],"items_purged_floors":[],"is_endless":false,"potions_floor_spawned":[1,10,12,13,16,18,21],"killed_by":"Slavers","ascension_level":17}}