{"host":"njo8qgvy2a57fcny","time":1611558778,"event":{"mods":["Ascension Unlocker","Aspiration","BaseMod","BetterRewards","CCEM","Colored Map","Colored Powertips","Conspire","Custom Start","Downfall","Energized Spire","GifTheSpireLib","Halation","Hermit","Hubris","Infinite Spire","Jedi Mod","Jorbs\u0027s Wanderer Trilogy","Mimic Mod","Minty Spire (QoL Compilation)","Quick Restart","Random Character Button","Random Character Mod","Rare Cards Sparkle","Relic Sorter","Replay The Spire","Shop Mod","StSLib","Stuff the Spire","The Animator","The Jungle","The Runesmith","The Servant 0.9.4","Unceasing Turn Reminder","thorton"],"gold_per_floor":[119,133,153,214,1,34,50,76,103,103,114,129,27,55,55,133,133,147,159,9,9,20,20,46,46,82,94,94,106,124,124,124,124,124],"floor_reached":33,"language":"ENG","playtime":2749,"items_purged":["Pain","Strike_S"],"score":678,"play_id":"245314e1-7a5f-4e49-b87d-3258e5523714","local_time":"20210125181258","is_ascension_mode":true,"campfire_choices":[{"floor":10,"key":"REST"},{"floor":15,"key":"REST"},{"floor":23,"key":"REST"},{"floor":25,"key":"REST"},{"floor":32,"key":"REST"}],"circlet_count":0,"master_deck":["AscendersBane","Strike_S","Strike_S","Strike_S","Defend_S","Defend_S","Defend_S","Defend_S","KidneyShot+1","Exchange","SilverBlades","ShatteredReality","Foresight","Moonlight","BottledTime","InstantArmor+1","BestPractice","FanOfKnives+1","Snipe","SurpressingFire","Potential","FastForward","Misdirection","Sabotage","Rewind","Alleviate","Starlight","SilverBlades","Contraction","Initiator","RealityMarble","Rearm","ShatteredReality","SoulSculpture","Foresight","BottledTime+1","Rearm+1","Hightail+1","Replace+1","ShiftingGears+1","MoonPhase","Starlight"],"relics":["Uniform","NeowsBlessing","Happy Flower","BargainBundle","PreservedInsect","Whetstone","Dream Catcher","Centennial Puzzle","halation:SmartPhone","Toxic Egg 2","theJungle:BirthdayCake"],"acts_visited":["Exordium","Exordium"],"potions_floor_usage":[6,6,7,8,12,14,16,21,22,27,30],"damage_taken":[{"damage":0,"enemies":"Jaw Worm","floor":1,"turns":1},{"damage":0,"enemies":"2 Louse","floor":2,"turns":1},{"damage":0,"enemies":"Cultist","floor":3,"turns":1},{"damage":26,"enemies":"Lagavulin","floor":6,"turns":5},{"damage":8,"enemies":"2 Fungi Beasts","floor":7,"turns":3},{"damage":27,"enemies":"Gremlin Nob","floor":8,"turns":5},{"damage":15,"enemies":"3 Louse","floor":11,"turns":3},{"damage":0,"enemies":"Exordium Thugs","floor":12,"turns":3},{"damage":0,"enemies":"Lagavulin","floor":14,"turns":5},{"damage":36,"enemies":"Fading Forest","floor":16,"turns":13},{"damage":0,"enemies":"theJungle:GiantWrat","floor":18,"turns":4},{"damage":12,"enemies":"Shell Parasite","floor":19,"turns":3},{"damage":14,"enemies":"theJungle:2_Flameangoes","floor":22,"turns":6},{"damage":36,"enemies":"theJungle:MamaSnecko","floor":24,"turns":5},{"damage":0,"enemies":"theJungle:JungleHuntersEncounter","floor":26,"turns":10},{"damage":7,"enemies":"theJungle:JungleHuntersEncounter","floor":27,"turns":6},{"damage":7,"enemies":"theJungle:Snecko_Cultist_And_Trap","floor":29,"turns":4},{"damage":8,"enemies":"Snake Plant","floor":30,"turns":3},{"damage":22,"enemies":"theJungle:TotemBoss","floor":33,"turns":3}],"seed_played":"-655826351386806314","potions_obtained":[{"floor":4,"key":"conspire:TimeTravelPotion"},{"floor":4,"key":"Swift Potion"},{"floor":6,"key":"Explosive Potion"},{"floor":7,"key":"jedi:StrikingPotion"},{"floor":8,"key":"jedi:tentaclejuice"},{"floor":12,"key":"LiquidMemories"},{"floor":14,"key":"jedi:tentaclejuice"},{"floor":21,"key":"jedi:mysterypotion"},{"floor":21,"key":"LifebloodPotion"},{"floor":24,"key":"SteroidPotion"},{"floor":29,"key":"jedi:StrikingPotion"}],"is_trial":false,"path_per_floor":["M","M","M","?","$","E","M","E","T","R","M","M","$","E","R","B",null,"M","M","$","?","M","R","E","R","MIM","M","?","M","M","?","R","B"],"character_chosen":"THE_SERVANT","items_purchased":["BargainBundle","BottledTime","InstantArmor+1","BestPractice","FanOfKnives","Snipe","Alleviate","Starlight","ShatteredReality"],"campfire_rested":5,"item_purchase_floors":[5,5,5,5,5,5,13,13,20],"current_hp_per_floor":[54,54,54,54,54,48,40,13,13,31,16,16,16,16,34,6,47,47,35,35,35,21,39,3,21,21,8,28,21,5,5,21,0,0],"gold":124,"neow_bonus":"THREE_ENEMY_KILL","is_daily":false,"chose_seed":false,"campfire_upgraded":0,"win_rate":0.0,"timestamp":1611558778,"path_taken":["M","M","M","?","$","E","M","E","T","R","M","M","$","E","R","BOSS","M","M","$","?","?","R","E","R","MIM","M","?","M","?","?","R","BOSS"],"items_purchased_type":["Relic","Card","Card","Card","Card","Card","Card","Card","Card"],"build_version":"2020-12-22","purchased_purges":2,"victory":false,"max_hp_per_floor":[60,60,60,60,60,60,60,60,60,60,60,60,60,60,60,60,60,60,60,60,60,60,60,60,60,60,60,80,80,80,80,80,80,80],"card_choices":[{"not_picked":["Desolation","Potential"],"picked":"SilverBlades","floor":1},{"not_picked":["Unruled","BottledTime"],"picked":"ShatteredReality","floor":2},{"not_picked":["Revamp","Rewind"],"picked":"Foresight","floor":3},{"not_picked":["Desolation","Alleviate"],"picked":"Moonlight","floor":4},{"not_picked":["RealityMarble","Defy"],"picked":"SurpressingFire","floor":6},{"not_picked":["Unruled","BottledTime"],"picked":"Potential","floor":7},{"not_picked":["BestPractice","Read"],"picked":"FastForward","floor":8},{"not_picked":["Read","Foresight"],"picked":"Misdirection","floor":10},{"not_picked":["Spin","Gouge"],"picked":"Sabotage","floor":11},{"not_picked":["Spin","Collapse"],"picked":"Rewind","floor":12},{"not_picked":["Unruled","Collapse"],"picked":"SilverBlades","floor":14},{"not_picked":["Spin","Read"],"picked":"Contraction","floor":15},{"not_picked":["LightFlow","Deny"],"picked":"Initiator","floor":16},{"not_picked":["Contraction","Replace"],"picked":"RealityMarble","floor":18},{"not_picked":["BottledTime","Advance"],"picked":"Rearm","floor":19},{"not_picked":["FastForward+1","Snipe"],"picked":"SoulSculpture","floor":22},{"not_picked":["StarChef","Ricochet+1"],"picked":"Foresight","floor":23},{"not_picked":["Defy+1","Starlight"],"picked":"BottledTime+1","floor":24},{"not_picked":["Replace+1","Defy+1"],"picked":"Rearm+1","floor":25},{"not_picked":["StarChef","Comet"],"picked":"Hightail+1","floor":26},{"not_picked":["Revamp+1","Defy+1"],"picked":"Replace+1","floor":27},{"not_picked":["SurpressingFire","ReturningBlade"],"picked":"ShiftingGears+1","floor":29},{"not_picked":["Ricochet","Alleviate+1"],"picked":"MoonPhase","floor":30},{"not_picked":["Spin","Unruled"],"picked":"Starlight","floor":32}],"player_experience":694631,"relics_obtained":[{"floor":4,"key":"Happy Flower"},{"floor":6,"key":"PreservedInsect"},{"floor":8,"key":"Whetstone"},{"floor":9,"key":"Dream Catcher"},{"floor":14,"key":"Centennial Puzzle"},{"floor":24,"key":"Toxic Egg 2"}],"event_choices":[{"damage_healed":0,"gold_gain":0,"player_choice":"Got Potions","damage_taken":0,"max_hp_gain":0,"max_hp_loss":0,"event_name":"Lab","floor":21,"gold_loss":0}],"is_beta":false,"boss_relics":[{"not_picked":["hubris:ScarierMask","halation:MonkeysPaw"],"picked":"halation:SmartPhone"}],"items_purged_floors":[5,20],"is_endless":false,"potions_floor_spawned":[6,7,8,12,14,24,29],"killed_by":"theJungle:TotemBoss","ascension_level":20}}