{"host":"t7mx8yfj1no5p62f","time":1611556961,"event":{"mods":["BaseMod","Bestiary","Colored Map","Colored Powertips","Minty Spire (QoL Compilation)","Relic Stats","StSLib","ojb\u0027s Info Mod"],"gold_per_floor":[110,128,139,214,230,258,272,272,272,290,317,317,317,337,337,414,414,429,445,462,481,481,481,493,493,493],"floor_reached":25,"language":"ENG","playtime":1050,"items_purged":[],"score":538,"play_id":"4b0d84da-5419-4aad-94e2-b356e9398258","local_time":"20210125014241","is_ascension_mode":true,"campfire_choices":[{"data":"Whirlwind","floor":8,"key":"SMITH"},{"data":"Inflame","floor":12,"key":"SMITH"},{"data":"Inflame","floor":15,"key":"SMITH"},{"data":"Corruption","floor":23,"key":"SMITH"}],"circlet_count":0,"master_deck":["AscendersBane","Defend_R","Defend_R","Defend_R","Defend_R","Bash","Corruption+1","Ghostly Armor","Battle Trance","Inflame+1","Whirlwind+1","Twin Strike","Inflame+1","Power Through","Combust","Offering","Clothesline+1","Wild Strike+1","Immolate+1","Feel No Pain","Fire Breathing","Pain","Feed+1"],"relics":["Burning Blood","Pantograph","Singing Bowl","Molten Egg 2","Astrolabe","WarpedTongs"],"acts_visited":["Exordium","TheCity"],"potions_floor_usage":[6,11,16,21,24],"damage_taken":[{"damage":2.0,"enemies":"Small Slimes","floor":1.0,"turns":6.0},{"damage":6.0,"enemies":"Cultist","floor":2.0,"turns":4.0},{"damage":0.0,"enemies":"2 Louse","floor":3.0,"turns":4.0},{"damage":14.0,"enemies":"Lots of Slimes","floor":5.0,"turns":3.0},{"damage":20,"enemies":"Lagavulin","floor":6,"turns":5},{"damage":11,"enemies":"Blue Slaver","floor":7,"turns":6},{"damage":7,"enemies":"Looter","floor":10,"turns":4},{"damage":27,"enemies":"Gremlin Nob","floor":11,"turns":4},{"damage":10,"enemies":"Exordium Thugs","floor":14,"turns":4},{"damage":5,"enemies":"Slime Boss","floor":16,"turns":6},{"damage":27,"enemies":"3 Byrds","floor":18,"turns":4},{"damage":29,"enemies":"Spheric Guardian","floor":19,"turns":5},{"damage":8,"enemies":"3 Cultists","floor":20,"turns":3},{"damage":20,"enemies":"Snecko","floor":21,"turns":5},{"damage":5,"enemies":"Snake Plant","floor":24,"turns":5},{"damage":19,"enemies":"Shelled Parasite and Fungi","floor":25,"turns":2}],"seed_played":"5705428303077978693","potions_obtained":[{"floor":2.0,"key":"SpeedPotion"},{"floor":3.0,"key":"DuplicationPotion"},{"floor":6,"key":"Ancient Potion"},{"floor":14,"key":"AttackPotion"},{"floor":18,"key":"HeartOfIron"}],"is_trial":false,"path_per_floor":["M","M","M","?","M","E","M","R","T","M","E","R","?","M","R","B",null,"M","M","M","M","?","R","M","M"],"character_chosen":"IRONCLAD","items_purchased":[],"campfire_rested":0,"item_purchase_floors":[],"current_hp_per_floor":[68,68,68,57,49,35,30,30,30,29,10,10,70,66,66,70,70,49,26,26,14,14,14,15,0,0],"gold":493,"neow_bonus":"TRANSFORM_TWO_CARDS","is_daily":false,"chose_seed":false,"campfire_upgraded":4,"win_rate":0.0,"timestamp":1611556961,"path_taken":["M","M","M","?","M","E","M","R","T","M","E","R","?","M","R","BOSS","M","M","?","M","?","R","M","?"],"items_purchased_type":[],"build_version":"2020-12-22","purchased_purges":0,"victory":false,"max_hp_per_floor":[68,68,68,68,68,68,68,68,68,68,70,70,70,70,70,70,70,70,70,72,74,74,74,74,74,74],"relic_stats":{"Singing Bowl":6,"counters":[16,70],"Pantograph":4,"Astrolabe":["Clothesline","Wild Strike","Immolate"],"obtain_stats":[{"Singing Bowl":9,"Pantograph":6,"Astrolabe":17,"Molten Egg 2":11,"Burning Blood":0,"WarpedTongs":22},{"Singing Bowl":6,"Pantograph":5,"Astrolabe":10,"Molten Egg 2":8,"Burning Blood":0,"WarpedTongs":14},{"Singing Bowl":28,"Pantograph":22,"Astrolabe":46,"Molten Egg 2":36,"Burning Blood":0,"WarpedTongs":63}],"Burning Blood":79,"WarpedTongs":[7]},"card_choices":[{"not_picked":["Thunderclap","Reckless Charge"],"picked":"Battle Trance","floor":1.0},{"not_picked":["Second Wind","Thunderclap"],"picked":"Inflame","floor":2.0},{"not_picked":["Sword Boomerang","Dark Embrace"],"picked":"Whirlwind","floor":3.0},{"not_picked":["Perfected Strike","Power Through"],"picked":"Twin Strike","floor":5.0},{"not_picked":["Brutality","Shrug It Off"],"picked":"Inflame","floor":6},{"not_picked":["Cleave","Headbutt","Reckless Charge"],"picked":"SKIP","floor":7},{"not_picked":["Perfected Strike","Heavy Blade"],"picked":"Power Through","floor":10},{"not_picked":["Double Tap","True Grit","Armaments"],"picked":"Singing Bowl","floor":11},{"not_picked":["Searing Blow+1","Rampage+1"],"picked":"Combust","floor":14},{"not_picked":["Impervious","Limit Break"],"picked":"Offering","floor":16},{"not_picked":["Rampage+1","Thunderclap+1"],"picked":"Feel No Pain","floor":18},{"not_picked":["Headbutt+1","Armaments"],"picked":"Fire Breathing","floor":19},{"not_picked":["Entrench","Cleave+1","Battle Trance"],"picked":"Singing Bowl","floor":20},{"not_picked":["Clash+1","Uppercut+1","Reckless Charge+1"],"picked":"Singing Bowl","floor":21},{"not_picked":["Dropkick+1","Anger+1"],"picked":"Feed+1","floor":24}],"player_experience":1850127,"relics_obtained":[{"floor":6,"key":"Pantograph"},{"floor":9,"key":"Singing Bowl"},{"floor":11,"key":"Molten Egg 2"}],"event_choices":[{"damage_healed":0.0,"max_hp_gain":0.0,"max_hp_loss":0.0,"gold_gain":75.0,"event_name":"World of Goop","player_choice":"Gather Gold","floor":4.0,"gold_loss":0.0,"damage_taken":11.0},{"damage_healed":60,"gold_gain":0,"player_choice":"Full Heal","damage_taken":0,"max_hp_gain":0,"max_hp_loss":0,"event_name":"Wheel of Change","floor":13,"gold_loss":0},{"damage_healed":0,"gold_gain":0,"player_choice":"Rummage","damage_taken":0,"relics_obtained":["WarpedTongs"],"max_hp_gain":0,"max_hp_loss":0,"event_name":"Accursed Blacksmith","floor":22,"gold_loss":0,"cards_obtained":["Pain"]}],"is_beta":false,"boss_relics":[{"not_picked":["Tiny House","Velvet Choker"],"picked":"Astrolabe"}],"items_purged_floors":[],"is_endless":false,"potions_floor_spawned":[2,3,6,14,18],"killed_by":"Shelled Parasite and Fungi","ascension_level":20}}