{"host":"6jxiafzta1a1kcvk","time":1611587112,"event":{"mods":["Act Like it!","BaseMod","Conspire","Downfall","Hubris","Minty Spire (QoL Compilation)","Replay The Spire","Spicy Shops","StSLib","SuperFastMode"],"gold_per_floor":[99,274,6,6,0,14,14,0,34,51,69,69,99,116,130,234,234,234,250,250,250,250],"floor_reached":20,"language":"ZHS","playtime":1008,"items_purged":["Doubt"],"score":172,"play_id":"349997f9-f7cd-41f3-911c-43b84c940968","local_time":"20210125230512","is_ascension_mode":false,"campfire_choices":[{"floor":12,"key":"REST"},{"data":"hexamod:Defend","floor":18,"key":"PURGE"}],"circlet_count":0,"master_deck":["hexamod:Strike","hexamod:Defend","hexamod:Defend","hexamod:Defend","hexamod:Sear","hexamod:Float","hexamod:ForkedFlame","hexamod:FirstSeal","hexamod:SwordOfDarkness","hexamod:Firestarter","hexamod:FourthSeal","hexamod:RecurringNightmare","hexamod:SoulSteal","hexamod:HeatMetal","hexamod:ExtraCrispy","hexamod:TimeWarp","hexamod:StepThrough","hexamod:FifthSeal","hexamod:SecondSeal","hexamod:SixthSeal","hexamod:HeatMetal"],"relics":["Sozu","Membership Card","hubris:Towel","conspire:Dentures","Tiny Chest","Odd Mushroom","Empty Cage"],"acts_visited":["Exordium","TheCity"],"potions_floor_usage":[],"damage_taken":[{"damage":5,"enemies":"downfall:FleeingMerchant","floor":3,"turns":4},{"damage":5,"enemies":"downfall:FleeingMerchant","floor":5,"turns":4},{"damage":2,"enemies":"2 Louse","floor":6,"turns":2},{"damage":15,"enemies":"downfall:FleeingMerchant","floor":8,"turns":4},{"damage":31,"enemies":"Gremlin Nob","floor":9,"turns":4},{"damage":11,"enemies":"Jaw Worm","floor":10,"turns":2},{"damage":0,"enemies":"conspire:RoseBush","floor":11,"turns":2},{"damage":18,"enemies":"The Mushroom Lair","floor":13,"turns":5},{"damage":7,"enemies":"3 Louse","floor":14,"turns":3},{"damage":6,"enemies":"Gremlin Gang","floor":15,"turns":3},{"damage":29,"enemies":"IC_STATUS_ARCHETYPE","floor":16,"turns":7},{"damage":36,"enemies":"3 Byrds","floor":19,"turns":4},{"damage":50,"enemies":"Spheric Guardian","floor":20,"turns":5}],"seed_played":"1476020820785538352","potions_obtained":[],"is_trial":false,"path_per_floor":["R","?","$","?","$","M","T","$","E","M","M","R","?","M","M","B",null,"R","M","M"],"character_chosen":"THE_SPIRIT","items_purchased":["Membership Card","hexamod:SwordOfDarkness"],"campfire_rested":1,"item_purchase_floors":[3,3],"current_hp_per_floor":[70,70,65,65,67,70,70,62,38,34,41,62,51,51,45,23,70,70,41,0,0,0],"gold":250,"neow_bonus":"BOSS_RELIC","is_daily":false,"chose_seed":false,"campfire_upgraded":0,"win_rate":0.0,"timestamp":1611587112,"path_taken":["R","?","$","?","$","M","T","?","E","M","M","R","?","M","M","BOSS","R","M","M"],"items_purchased_type":["Relic","Card"],"build_version":"2020-12-22","purchased_purges":1,"victory":false,"max_hp_per_floor":[70,70,70,70,70,70,70,70,70,70,70,70,70,70,70,70,70,70,70,70,70,70],"card_choices":[{"not_picked":["hexamod:NightmareGuise","hexamod:GhostShield"],"picked":"hexamod:FirstSeal","floor":3},{"not_picked":["hexamod:RetreatToShadows","hexamod:ThermalTransfer"],"picked":"hexamod:Firestarter","floor":5},{"not_picked":["hexamod:ShieldOfDarkness","hexamod:BacktrackSmack"],"picked":"hexamod:FourthSeal","floor":6},{"not_picked":["hexamod:ShieldOfDarkness","hexamod:ThermalTransfer"],"picked":"hexamod:RecurringNightmare","floor":8},{"not_picked":["hexamod:FastForward","hexamod:HeatCrush"],"picked":"hexamod:SoulSteal","floor":9},{"not_picked":["hexamod:ShieldOfDarkness","hexamod:Firestarter"],"picked":"hexamod:HeatMetal","floor":10},{"not_picked":["hexamod:FirstSeal","hexamod:FlamesFromBeyond"],"picked":"hexamod:ExtraCrispy","floor":11},{"not_picked":["hexamod:HeatMetal","hexamod:ExtraCrispy"],"picked":"hexamod:TimeWarp","floor":13},{"not_picked":["hexamod:FirstSeal","hexamod:BacktrackSmack","hexamod:Firestarter"],"picked":"SKIP","floor":14},{"not_picked":["hexamod:NightmareGuise","hexamod:HeatMetal"],"picked":"hexamod:StepThrough","floor":15},{"not_picked":["hexamod:SearingWound","hexamod:ParanormalForm"],"picked":"hexamod:FifthSeal","floor":16},{"not_picked":["hexamod:ThirdSeal","hexamod:FourthSeal"],"picked":"hexamod:SecondSeal","floor":19},{"not_picked":["hexamod:FirstSeal","hexamod:SecondSeal"],"picked":"hexamod:SixthSeal","floor":19},{"not_picked":["hexamod:NightmareStrike+1","hexamod:ExtraCrispy"],"picked":"hexamod:HeatMetal","floor":19}],"player_experience":59433,"relics_obtained":[{"floor":7,"key":"conspire:Dentures"},{"floor":9,"key":"Tiny Chest"},{"floor":13,"key":"Odd Mushroom"}],"event_choices":[{"damage_healed":0,"gold_gain":0,"player_choice":"Fought Mushrooms","damage_taken":0,"max_hp_gain":0,"max_hp_loss":0,"event_name":"Mushrooms","floor":13,"gold_loss":0}],"is_beta":false,"boss_relics":[{"not_picked":["hubris:TerracottaHorce","Busted Crown"],"picked":"Empty Cage"}],"items_purged_floors":[3],"is_endless":false,"potions_floor_spawned":[6,9,10,11,13,16,19],"killed_by":"Spheric Guardian","ascension_level":0}}