{"host":"uvmuduost5bzvojs","time":1611556935,"event":{"mods":["Aspiration","Bard","BaseMod","Better Match","Block Reminder","Conspire","Hermit","Highlight Path","Hubris","Infinite Spire","Jorbs\u0027s Wanderer Trilogy","Mad Scientist","Marisa????????","Mimic Mod","Minty Spire (QoL Compilation)","Potionbrewer","Replay The Spire","Robot Space Explorer","StSLib","The Blackbeard","The Construct","The Cursed","The Disciple","The Hayseed","The Hierophant","The Juggle","The Jungle","The Poker Player","The Runesmith","The Servant 0.9.4","The Spell Scribe","The Valiant","TheBandit"],"gold_per_floor":[116,116,116,126,58,86,99,130,130,143,157,157,7,24,24,119,119,137,62,62,73,91,109,109,109],"floor_reached":24,"language":"ENG","playtime":1258,"items_purged":["hermit:Showdown"],"score":310,"play_id":"037be9a5-bd22-4cf1-b26b-89dbd339e00e","local_time":"20210125014215","is_ascension_mode":false,"campfire_choices":[{"data":"hermit:FullyLoaded","floor":12,"key":"SMITH"},{"data":"hermit:Brawl","floor":15,"key":"SMITH"}],"circlet_count":0,"master_deck":["hermit:Strike_Hermit","hermit:Defend_Hermit","hermit:Defend_Hermit","hermit:Defend_Hermit+1","hermit:Defend_Hermit+1","hermit:Snapshot","hermit:Covet","hermit:Horror","hermit:GoldenBullet","hermit:SprayPray","hermit:SprayPray","hermit:HighCaliber","hermit:Brawl+1","hermit:Horror","Writhe","Languid","hermit:HoleUp","Decay","hermit:Desperado"],"relics":["hermit:Momento","NeowsBlessing","Ring of Peace","Ring of Searing","War Paint","Pet Ghost","hubris:MedicalManual","Kintsugi"],"acts_visited":["Exordium","TheCity"],"potions_floor_usage":[8,16,16,21,22],"damage_taken":[{"damage":0,"enemies":"Cultist","floor":1,"turns":1},{"damage":0,"enemies":"Jaw Worm","floor":4,"turns":1},{"damage":5,"enemies":"Replay:BlueRogue","floor":6,"turns":2},{"damage":5,"enemies":"2 Louse","floor":7,"turns":3},{"damage":10,"enemies":"3 Sentries","floor":8,"turns":3},{"damage":8,"enemies":"Large Slime","floor":10,"turns":3},{"damage":0,"enemies":"Looter","floor":11,"turns":2},{"damage":3,"enemies":"3 Louse","floor":14,"turns":2},{"damage":0,"enemies":"Slime Boss","floor":16,"turns":3},{"damage":10,"enemies":"Chosen","floor":18,"turns":4},{"damage":39,"enemies":"Spheric Guardian","floor":21,"turns":7},{"damage":1,"enemies":"Snecko","floor":22,"turns":5},{"damage":19,"enemies":"Snake Plant","floor":23,"turns":3},{"damage":12,"enemies":"Chosen and Byrds","floor":24,"turns":3}],"seed_played":"1009559389137496381","potions_obtained":[{"floor":1,"key":"Explosive Potion"},{"floor":10,"key":"potionbrewer:NoxiousPotion"},{"floor":14,"key":"Fire Potion"},{"floor":16,"key":"LiquidMemories"},{"floor":18,"key":"hermit:Tonic"}],"is_trial":false,"path_per_floor":["M","?","?","M","$","E","M","E","T","M","M","R","$","M","R","B",null,"M","$","?","M","M","M","M"],"character_chosen":"HERMIT","items_purchased":["hermit:GoldenBullet","hermit:Brawl","hermit:Showdown"],"campfire_rested":0,"item_purchase_floors":[5,13,13],"current_hp_per_floor":[75,75,75,75,75,70,65,55,55,47,47,47,47,44,44,44,75,65,65,65,26,25,6,0,0],"gold":109,"neow_bonus":"THREE_ENEMY_KILL","is_daily":false,"chose_seed":false,"campfire_upgraded":2,"win_rate":0.0,"timestamp":1611556935,"path_taken":["M","?","?","?","?","E","M","E","T","M","M","R","$","M","R","BOSS","M","$","?","M","M","M","M"],"items_purchased_type":["Card","Card","Card"],"build_version":"2020-12-22","purchased_purges":1,"victory":false,"max_hp_per_floor":[75,75,75,75,75,75,75,75,75,75,75,75,75,75,75,75,75,75,75,75,75,75,75,75,75],"card_choices":[{"not_picked":["hermit:Maintenance","hermit:LowProfile"],"picked":"hermit:Horror","floor":1},{"not_picked":["hermit:GhostlyPresence","hermit:Quickdraw","hermit:Manifest"],"picked":"SKIP","floor":4},{"not_picked":["hermit:Ricochet","hermit:HoleUp"],"picked":"hermit:SprayPray","floor":6},{"not_picked":["hermit:BodyArmor","hermit:Misfire"],"picked":"hermit:SprayPray","floor":7},{"not_picked":["hermit:HoleUp","hermit:Adapt"],"picked":"hermit:HighCaliber","floor":8},{"not_picked":["hermit:TakeCover","hermit:Scavenge"],"picked":"hermit:Shortfuse","floor":10},{"not_picked":["hermit:ItchyTrigger","hermit:Snipe"],"picked":"hermit:FullyLoaded","floor":11},{"not_picked":["hermit:ItchyTrigger","hermit:WideOpen"],"picked":"hermit:Horror","floor":14},{"not_picked":["hermit:Showdown","hermit:WideOpen"],"picked":"hermit:HoleUp","floor":18},{"not_picked":["hermit:Scavenge","hermit:Maintenance"],"picked":"hermit:Desperado","floor":21},{"not_picked":["hermit:HighCaliber","hermit:EyeOfTheStorm","hermit:Misfire+1"],"picked":"SKIP","floor":22},{"not_picked":["hermit:Desperado","hermit:Quickdraw","hermit:Headshot+1"],"picked":"SKIP","floor":23}],"player_experience":1787636,"relics_obtained":[{"floor":2,"key":"Ring of Peace"},{"floor":2,"key":"Ring of Searing"},{"floor":6,"key":"War Paint"},{"floor":8,"key":"Pet Ghost"},{"floor":9,"key":"hubris:MedicalManual"}],"event_choices":[{"damage_healed":0,"gold_gain":0,"player_choice":"Ignored","damage_taken":0,"max_hp_gain":0,"max_hp_loss":0,"event_name":"NoteForYourself","floor":3,"gold_loss":0},{"damage_healed":0,"gold_gain":0,"player_choice":"Smashed Altar","damage_taken":0,"max_hp_gain":0,"max_hp_loss":0,"event_name":"Forgotten Altar","floor":20,"gold_loss":0,"cards_obtained":["Decay"]}],"is_beta":false,"boss_relics":[{"not_picked":["Replay:Bronze Core","hubris:CrackedHourglass"],"picked":"Kintsugi"}],"items_purged_floors":[19],"is_endless":false,"potions_floor_spawned":[1,10,14,16,18],"killed_by":"Chosen and Byrds","ascension_level":0}}