{"host":"k8o27zvh31u0ebbo","time":1611605129,"event":{"mods":["AchievementEnabler","BaseMod","Block Reminder","Highlight Path","Minty Spire (QoL Compilation)","Relic Sorter","Relic Stats","StSLib"],"gold_per_floor":[109,119,119,119,130,130,155,220,247,259,259,19,46,65,65,163,163,175,37,37,12,30,60,60,92,92,92,117,117,149,166,166,262,262,281,281,281,331,87,118,131,165,165,180,180,191,67,98,98,98],"floor_reached":51,"language":"ENG","playtime":3678,"items_purged":["Injury"],"score":1063,"play_id":"44beec25-f93d-4bfb-a4bb-54b0ed54a79e","local_time":"20210125140529","is_ascension_mode":true,"campfire_choices":[{"data":"Consecrate","floor":6.0,"key":"SMITH"},{"data":"SpiritShield","floor":11.0,"key":"SMITH"},{"data":"TalkToTheHand","floor":15.0,"key":"SMITH"},{"floor":24.0,"key":"REST"},{"data":"Wireheading","floor":27.0,"key":"SMITH"},{"data":"Tantrum","floor":29.0,"key":"SMITH"},{"data":"MentalFortress","floor":32,"key":"SMITH"},{"floor":45,"key":"REST"},{"floor":49,"key":"REST"}],"circlet_count":0,"master_deck":["Strike_P+1","Defend_P+1","Defend_P+1","Defend_P","Defend_P","Eruption+1","Vigilance","Protect","SashWhip+1","Consecrate+1","Meditate+1","Wireheading+1","SpiritShield+1","Ragnarok+1","CutThroughFate","BattleHymn","TalkToTheHand+1","LessonLearned","MentalFortress+1","Vengeance","FearNoEvil","Scrawl","Tantrum+1","ThirdEye+1","Omniscience","JustLucky+1","Vengeance+1","ConjureBlade+1","Halt+1","Halt+1","Weave","TalkToTheHand+1","Protect+1","TalkToTheHand+1","MentalFortress","EmptyBody+1","TalkToTheHand+1"],"relics":["PureWater","Ginger","Juzu Bracelet","StoneCalendar","Blood Vial","Membership Card","Matryoshka","Cursed Key","Anchor","Oddly Smooth Stone","CaptainsWheel","Yang","Eternal Feather","War Paint","Omamori","Astrolabe","Mango","Kunai","Calipers","Mummified Hand","Akabeko","Ornamental Fan","DollysMirror","PreservedInsect"],"acts_visited":["Exordium","TheCity","TheBeyond"],"potions_floor_usage":[30,33,33,33,42,50,50],"damage_taken":[{"damage":2.0,"enemies":"Small Slimes","floor":1.0,"turns":3.0},{"damage":0.0,"enemies":"Jaw Worm","floor":2.0,"turns":2.0},{"damage":0.0,"enemies":"2 Louse","floor":5.0,"turns":2.0},{"damage":12.0,"enemies":"3 Sentries","floor":7.0,"turns":4.0},{"damage":16.0,"enemies":"Gremlin Nob","floor":8.0,"turns":3.0},{"damage":4.0,"enemies":"Exordium Thugs","floor":10.0,"turns":3.0},{"damage":1.0,"enemies":"Gremlin Nob","floor":13.0,"turns":3.0},{"damage":7.0,"enemies":"Large Slime","floor":14.0,"turns":6.0},{"damage":2.0,"enemies":"Hexaghost","floor":16.0,"turns":9.0},{"damage":25.0,"enemies":"2 Thieves","floor":18.0,"turns":4.0},{"damage":2.0,"enemies":"Shell Parasite","floor":22.0,"turns":3.0},{"damage":21.0,"enemies":"Book of Stabbing","floor":23.0,"turns":6.0},{"damage":0.0,"enemies":"Slavers","floor":25.0,"turns":1.0},{"damage":7.0,"enemies":"Book of Stabbing","floor":28.0,"turns":6.0},{"damage":13,"enemies":"Slavers","floor":30,"turns":3},{"damage":4,"enemies":"Centurion and Healer","floor":31,"turns":6},{"damage":63,"enemies":"Automaton","floor":33,"turns":10},{"damage":16,"enemies":"3 Darklings","floor":35,"turns":6},{"damage":0,"enemies":"Mind Bloom Boss Battle","floor":38,"turns":3},{"damage":11,"enemies":"Nemesis","floor":40,"turns":7},{"damage":4,"enemies":"3 Shapes","floor":41,"turns":4},{"damage":63,"enemies":"Reptomancer","floor":42,"turns":6},{"damage":0,"enemies":"Sphere and 2 Shapes","floor":44,"turns":1},{"damage":16,"enemies":"Transient","floor":46,"turns":5},{"damage":2,"enemies":"Nemesis","floor":48,"turns":5},{"damage":0,"enemies":"Time Eater","floor":50,"turns":12}],"seed_played":"-2772185063570538471","potions_obtained":[{"floor":5.0,"key":"Block Potion"},{"floor":10.0,"key":"Ambrosia"},{"floor":14.0,"key":"EssenceOfSteel"},{"floor":25.0,"key":"Swift Potion"},{"floor":28.0,"key":"DuplicationPotion"},{"floor":31,"key":"DistilledChaos"},{"floor":40,"key":"Energy Potion"},{"floor":42,"key":"FearPotion"}],"is_trial":false,"path_per_floor":["M","M","?","?","M","R","E","?","T","M","R","$","E","M","R","B",null,"M","$","?","$","M","E","R","E","T","R","E","R","E","M","R","B",null,"M","?","?","?","$","E","M","E","T","M","R","M","$","E","R","B",null],"character_chosen":"WATCHER","items_purchased":["Membership Card","Ragnarok","CutThroughFate","Anchor","MentalFortress","Vengeance","Dexterity Potion","Kunai","Weave","TalkToTheHand","AttackPotion","BottledMiracle","DollysMirror"],"campfire_rested":3,"item_purchase_floors":[12,12,12,19,19,19,21,39,39,39,47,47,47],"current_hp_per_floor":[63,63,50,55,55,55,43,27,27,25,25,25,26,21,21,21,70,45,45,45,45,45,26,47,49,49,64,59,70,57,55,70,7,70,54,70,70,84,84,73,71,10,10,12,58,44,44,44,84,84],"gold":98,"neow_bonus":"ONE_RARE_RELIC","is_daily":false,"chose_seed":false,"campfire_upgraded":6,"win_rate":0.0,"timestamp":1611605129,"path_taken":["M","M","?","?","M","R","E","?","T","M","R","$","E","M","R","BOSS","M","$","?","?","M","E","R","E","T","R","E","R","E","M","R","BOSS","M","?","?","?","$","E","M","E","T","M","R","M","$","E","R","BOSS"],"items_purchased_type":["Relic","Card","Card","Relic","Card","Card","Potion","Relic","Card","Card","Potion","Potion","Relic"],"build_version":"2020-12-22","purchased_purges":1,"victory":true,"max_hp_per_floor":[65,65,65,70,70,70,70,70,70,70,70,70,70,70,70,70,70,70,70,70,70,70,70,70,70,70,70,70,70,70,70,70,70,70,70,70,70,84,84,84,84,84,84,84,84,84,84,84,84,84],"relic_stats":{"counters":[26,123],"Astrolabe":["JustLucky","Vengeance","ConjureBlade"],"StoneCalendar":[156],"Yang":[195],"Eternal Feather":83,"PreservedInsect":0,"Juzu Bracelet":1,"Ginger":[7],"War Paint":["Meditate","Defend_P"],"Cursed Key":2,"Blood Vial":28,"Mummified Hand":[16],"Ornamental Fan":[52],"Kunai":[25],"obtain_stats":[{"Calipers":40,"Astrolabe":34,"Oddly Smooth Stone":23,"StoneCalendar":8,"Yang":26,"Eternal Feather":26,"Mango":38,"PreservedInsect":48,"Juzu Bracelet":7,"Omamori":30,"Ginger":0,"War Paint":28,"Cursed Key":17,"Akabeko":43,"Blood Vial":9,"Anchor":19,"CaptainsWheel":25,"Matryoshka":13,"Mummified Hand":42,"Ornamental Fan":43,"DollysMirror":47,"Membership Card":12,"Kunai":39,"PureWater":0},{"Calipers":20,"Astrolabe":17,"Oddly Smooth Stone":12,"StoneCalendar":5,"Yang":13,"Eternal Feather":13,"Mango":19,"PreservedInsect":25,"Juzu Bracelet":4,"Omamori":15,"Ginger":0,"War Paint":14,"Cursed Key":9,"Akabeko":22,"Blood Vial":5,"Anchor":10,"CaptainsWheel":13,"Matryoshka":7,"Mummified Hand":22,"Ornamental Fan":22,"DollysMirror":24,"Membership Card":6,"Kunai":19,"PureWater":0},{"Calipers":90,"Astrolabe":74,"Oddly Smooth Stone":48,"StoneCalendar":14,"Yang":49,"Eternal Feather":49,"Mango":83,"PreservedInsect":111,"Juzu Bracelet":11,"Omamori":58,"Ginger":0,"War Paint":55,"Cursed Key":35,"Akabeko":100,"Blood Vial":14,"Anchor":39,"CaptainsWheel":49,"Matryoshka":20,"Mummified Hand":100,"Ornamental Fan":100,"DollysMirror":106,"Membership Card":17,"Kunai":83,"PureWater":0}]},"card_choices":[{"not_picked":["Wireheading","WreathOfFlame"],"picked":"Protect","floor":1.0},{"not_picked":["ClearTheMind","BowlingBash"],"picked":"SashWhip","floor":2.0},{"not_picked":["Evaluate","Crescendo"],"picked":"Consecrate","floor":5.0},{"not_picked":["PathToVictory","LikeWater"],"picked":"Meditate","floor":7.0},{"not_picked":["SashWhip","Conclude"],"picked":"Wireheading","floor":8.0},{"not_picked":["Nirvana","ClearTheMind"],"picked":"SpiritShield","floor":10.0},{"not_picked":["SashWhip","CrushJoints"],"picked":"BattleHymn","floor":13.0},{"not_picked":["FlyingSleeves","Halt"],"picked":"TalkToTheHand","floor":14.0},{"not_picked":["Judgement","Brilliance"],"picked":"LessonLearned","floor":16.0},{"not_picked":["Fasting2+1","Protect","BattleHymn"],"picked":"SKIP","floor":18.0},{"not_picked":["ReachHeaven","CrushJoints","EmptyBody"],"picked":"SKIP","floor":22.0},{"not_picked":["Evaluate","CrushJoints+1"],"picked":"FearNoEvil","floor":23.0},{"not_picked":["CrushJoints+1","Halt"],"picked":"Scrawl","floor":25.0},{"not_picked":["SashWhip","Evaluate"],"picked":"Tantrum","floor":28.0},{"not_picked":["Devotion","Conclude+1","Consecrate"],"picked":"SKIP","floor":30},{"not_picked":["FlyingSleeves+1","BowlingBash"],"picked":"ThirdEye+1","floor":31},{"not_picked":["LessonLearned","Ragnarok"],"picked":"Omniscience","floor":33},{"not_picked":["FollowUp","Prostrate"],"picked":"Halt","floor":35},{"not_picked":["BowlingBash+1","Fasting2"],"picked":"Halt+1","floor":38},{"not_picked":["Alpha","ReachHeaven+1"],"picked":"Protect+1","floor":40},{"not_picked":["ClearTheMind+1","InnerPeace+1"],"picked":"TalkToTheHand+1","floor":41},{"not_picked":["Brilliance","ReachHeaven+1"],"picked":"MentalFortress","floor":42},{"not_picked":["Consecrate+1","FollowUp+1","Prostrate"],"picked":"SKIP","floor":44},{"not_picked":["BowlingBash","FlyingSleeves"],"picked":"EmptyBody+1","floor":46},{"not_picked":["LikeWater","Evaluate","CrushJoints"],"picked":"SKIP","floor":48}],"player_experience":306962,"relics_obtained":[{"floor":7.0,"key":"Juzu Bracelet"},{"floor":8.0,"key":"StoneCalendar"},{"floor":9.0,"key":"Blood Vial"},{"floor":13.0,"key":"Matryoshka"},{"floor":23.0,"key":"Oddly Smooth Stone"},{"floor":25.0,"key":"CaptainsWheel"},{"floor":26.0,"key":"Yang"},{"floor":26.0,"key":"Eternal Feather"},{"floor":28.0,"key":"War Paint"},{"floor":30,"key":"Omamori"},{"floor":38,"key":"Mango"},{"floor":40,"key":"Calipers"},{"floor":42,"key":"Mummified Hand"},{"floor":43,"key":"Akabeko"},{"floor":43,"key":"Ornamental Fan"},{"floor":48,"key":"PreservedInsect"}],"event_choices":[{"damage_healed":0.0,"max_hp_gain":0.0,"max_hp_loss":0.0,"gold_gain":0.0,"event_name":"Shining Light","player_choice":"Entered Light","floor":3.0,"gold_loss":0.0,"damage_taken":13.0,"cards_upgraded":["SashWhip","Eruption"]},{"damage_healed":0.0,"max_hp_gain":5.0,"max_hp_loss":0.0,"gold_gain":0.0,"event_name":"Big Fish","player_choice":"Donut","floor":4.0,"gold_loss":0.0,"damage_taken":0.0},{"damage_healed":0.0,"max_hp_gain":0.0,"max_hp_loss":0.0,"gold_gain":0.0,"event_name":"Dead Adventurer","player_choice":"Searched \u00272\u0027 times","floor":8.0,"gold_loss":0.0,"damage_taken":0.0},{"damage_healed":0.0,"max_hp_gain":0.0,"max_hp_loss":0.0,"gold_gain":0.0,"event_name":"Accursed Blacksmith","player_choice":"Forge","floor":20.0,"gold_loss":0.0,"damage_taken":0.0,"cards_upgraded":["Ragnarok"]},{"damage_healed":18,"gold_gain":0,"player_choice":"Writhe","damage_taken":0,"max_hp_gain":0,"max_hp_loss":0,"event_name":"Winding Halls","floor":36,"gold_loss":0,"cards_obtained":["Writhe"]},{"damage_healed":0,"gold_gain":0,"player_choice":"Ignored","damage_taken":0,"max_hp_gain":0,"max_hp_loss":0,"event_name":"Tomb of Lord Red Mask","floor":37,"gold_loss":0},{"damage_healed":0,"gold_gain":0,"player_choice":"Fight","damage_taken":0,"max_hp_gain":0,"max_hp_loss":0,"event_name":"MindBloom","floor":38,"gold_loss":0}],"is_beta":false,"boss_relics":[{"not_picked":["Fusion Hammer","Empty Cage"],"picked":"Cursed Key"},{"not_picked":["Coffee Dripper","Tiny House"],"picked":"Astrolabe"}],"items_purged_floors":[39],"is_endless":false,"potions_floor_spawned":[5,10,14,23,25,28,31,40,42,48],"ascension_level":4}}