{"host":"f5gffvlv6a66yqkd","time":1611566506,"event":{"mods":["2.2 Compatiblity","BaseMod","Colored Map","Custom Start","DeckTracker","Keyboard Shortcuts","Minty Spire (QoL Compilation)","Permanent Neow","Quick Restart","Relic Stats","StSLib","SuperFastMode"],"gold_per_floor":[114,39,39,57,72,72,85,85,85,102,113,113,74,99,99,170,220,239,250,260,260,260],"floor_reached":21,"language":"KOR","playtime":679,"items_purged":[],"score":416,"play_id":"0f43d23a-cf7f-4226-a6e2-d8a807b2adf8","local_time":"20210125182146","is_ascension_mode":true,"campfire_choices":[{"data":"Corpse Explosion","floor":6.0,"key":"SMITH"},{"data":"Neutralize","floor":8.0,"key":"SMITH"},{"floor":12.0,"key":"REST"},{"data":"Crippling Poison","floor":15.0,"key":"SMITH"}],"circlet_count":0,"master_deck":["AscendersBane","Strike_G","Strike_G","Strike_G","Defend_G","Defend_G","Defend_G","Defend_G","Survivor","Neutralize+1","Corpse Explosion+1","Blade Dance","Crippling Poison+1","PiercingWail","Bane","Reflex","Footwork+1","Burst","Deadly Poison+1","Prepared","Acrobatics"],"relics":["Ring of the Snake","Prayer Wheel","Girya","Tiny House"],"acts_visited":["Exordium","TheCity"],"potions_floor_usage":[20],"damage_taken":[{"damage":0.0,"enemies":"2 Louse","floor":1.0,"turns":2.0},{"damage":13.0,"enemies":"Small Slimes","floor":4.0,"turns":3.0},{"damage":0.0,"enemies":"Cultist","floor":5.0,"turns":3.0},{"damage":8.0,"enemies":"Gremlin Gang","floor":7.0,"turns":3.0},{"damage":6.0,"enemies":"Red Slaver","floor":10.0,"turns":4.0},{"damage":4.0,"enemies":"Blue Slaver","floor":11.0,"turns":3.0},{"damage":26.0,"enemies":"Gremlin Nob","floor":14.0,"turns":4.0},{"damage":7.0,"enemies":"Hexaghost","floor":16.0,"turns":9.0},{"damage":11.0,"enemies":"2 Thieves","floor":18.0,"turns":4.0},{"damage":23.0,"enemies":"Chosen","floor":19.0,"turns":6.0},{"damage":21,"enemies":"Centurion and Healer","floor":20,"turns":5},{"damage":10,"enemies":"Cultist and Chosen","floor":21,"turns":3}],"seed_played":"2273983157827319926","potions_obtained":[{"floor":4.0,"key":"DistilledChaos"},{"floor":11.0,"key":"AttackPotion"},{"floor":14.0,"key":"CultistPotion"},{"floor":17.0,"key":"Energy Potion"},{"floor":18.0,"key":"SkillPotion"}],"is_trial":false,"path_per_floor":["M","?","?","M","M","R","M","R","T","M","M","R","$","E","R","B",null,"M","M","M","M"],"character_chosen":"THE_SILENT","items_purchased":["Footwork"],"campfire_rested":1,"item_purchase_floors":[13],"current_hp_per_floor":[59,59,59,46,46,46,38,38,38,32,28,47,47,21,21,14,58,47,24,3,0,0],"gold":260,"neow_bonus":"TRANSFORM_TWO_CARDS","is_daily":false,"chose_seed":false,"campfire_upgraded":3,"win_rate":0.0,"timestamp":1611566506,"path_taken":["M","?","?","M","?","R","M","R","T","M","M","R","$","E","R","BOSS","M","?","M","M"],"items_purchased_type":["Card"],"build_version":"2020-12-22","purchased_purges":0,"victory":false,"max_hp_per_floor":[66,66,66,66,66,66,66,66,66,66,66,66,66,66,66,66,71,71,71,71,71,71],"relic_stats":{"counters":[12,49],"Prayer Wheel":7,"obtain_stats":[{"Girya":14,"Tiny House":17,"Prayer Wheel":9,"Ring of the Snake":0},{"Girya":7,"Tiny House":8,"Prayer Wheel":4,"Ring of the Snake":0},{"Girya":22,"Tiny House":31,"Prayer Wheel":11,"Ring of the Snake":0}],"Ring of the Snake":[24]},"card_choices":[{"not_picked":["Prepared","Dagger Throw"],"picked":"Crippling Poison","floor":1.0},{"not_picked":["Slice","Flying Knee"],"picked":"PiercingWail","floor":4.0},{"not_picked":["Terror","Crippling Poison","Slice"],"picked":"SKIP","floor":5.0},{"not_picked":["Slice","Dagger Throw","Masterful Stab"],"picked":"SKIP","floor":7.0},{"not_picked":["Outmaneuver","Slice"],"picked":"Bane","floor":10.0},{"not_picked":["Masterful Stab","Dodge and Roll","Sucker Punch"],"picked":"SKIP","floor":10.0},{"not_picked":["Blade Dance","Escape Plan"],"picked":"Reflex","floor":11.0},{"not_picked":["Poisoned Stab","Crippling Poison","Cloak And Dagger"],"picked":"SKIP","floor":11.0},{"not_picked":["Heel Hook","Skewer","Calculated Gamble"],"picked":"SKIP","floor":14.0},{"not_picked":["Malaise","Grand Finale"],"picked":"Burst","floor":16.0},{"not_picked":["Masterful Stab","PiercingWail+1"],"picked":"Deadly Poison+1","floor":18.0},{"not_picked":["Cloak And Dagger","Poisoned Stab","Underhanded Strike"],"picked":"SKIP","floor":18.0},{"not_picked":["Accuracy","Slice"],"picked":"Prepared","floor":19},{"not_picked":["Leg Sweep","Deadly Poison+1","Cloak And Dagger"],"picked":"SKIP","floor":19},{"not_picked":["Blade Dance","Prepared"],"picked":"Acrobatics","floor":20},{"not_picked":["Dagger Throw","Storm of Steel","Cloak And Dagger"],"picked":"SKIP","floor":20}],"player_experience":1612901,"relics_obtained":[{"floor":9.0,"key":"Prayer Wheel"},{"floor":14.0,"key":"Girya"}],"event_choices":[{"cards_removed":["Shame"],"damage_healed":0.0,"max_hp_gain":0.0,"max_hp_loss":0.0,"gold_gain":0.0,"event_name":"The Cleric","player_choice":"Card Removal","floor":2.0,"gold_loss":75.0,"damage_taken":0.0},{"cards_removed":["Strike_G"],"damage_healed":0.0,"max_hp_gain":0.0,"max_hp_loss":0.0,"gold_gain":0.0,"event_name":"Purifier","player_choice":"Purged","floor":3.0,"gold_loss":0.0,"damage_taken":0.0}],"is_beta":false,"boss_relics":[{"not_picked":["Coffee Dripper","Calling Bell"],"picked":"Tiny House"}],"items_purged_floors":[],"is_endless":false,"potions_floor_spawned":[4,11,14,18],"killed_by":"Cultist and Chosen","ascension_level":20}}