{"host":"9qk11wtevf51xvhl","time":1611617110,"event":{"mods":["BaseMod","Minty Spire (QoL Compilation)"],"gold_per_floor":[109,109,109,119,132,167,167,228,255,270,12,12,38,56,56,161,161,172,189,201,221,232,258,83,83,83,117,117,134,161,181,181,286,286,306,323,323,6,45,79,79,114,141,155,174,206,206,206],"floor_reached":47,"language":"ENG","playtime":5934,"items_purged":["Strike_R","Strike_R"],"score":917,"play_id":"2a18e4e0-40e5-4884-8a67-416cfbad40de","local_time":"20210126002510","is_ascension_mode":true,"campfire_choices":[{"data":"Bash","floor":7,"key":"SMITH"},{"data":"Rupture","floor":12,"key":"SMITH"},{"data":"Armaments","floor":15,"key":"SMITH"},{"data":"Dual Wield","floor":28,"key":"SMITH"},{"data":"True Grit","floor":32,"key":"SMITH"},{"data":"Forethought","floor":41,"key":"SMITH"}],"circlet_count":0,"master_deck":["AscendersBane","Defend_R+1","Defend_R","Defend_R+1","Defend_R","Bash+1","Clothesline","Reaper","Iron Wave","Dual Wield+1","Armaments+1","Combust","Rupture+1","Impervious","Rupture","Immolate","Rupture","Whirlwind","Flame Barrier","Thunderclap","Fiend Fire","True Grit+1","Forethought+1","HandOfGreed","Evolve","Burning Pact+1"],"relics":["Burning Blood","War Paint","Thread and Needle","Happy Flower","Blood Vial","Red Skull","Busted Crown","Charon\u0027s Ashes","Unceasing Top","Bag of Preparation","Dream Catcher","Empty Cage","Mummified Hand","Bird Faced Urn","Nunchaku","Oddly Smooth Stone"],"acts_visited":["Exordium","TheCity","TheBeyond"],"potions_floor_usage":[5,6,8,16,18,23,27,27,40,40,45,45],"damage_taken":[{"damage":7,"enemies":"Jaw Worm","floor":1,"turns":3},{"damage":2,"enemies":"Cultist","floor":4,"turns":4},{"damage":2,"enemies":"2 Louse","floor":5,"turns":3},{"damage":40,"enemies":"Lagavulin","floor":6,"turns":9},{"damage":13,"enemies":"Gremlin Nob","floor":8,"turns":4},{"damage":12,"enemies":"Looter","floor":10,"turns":3},{"damage":17,"enemies":"Gremlin Nob","floor":13,"turns":5},{"damage":6,"enemies":"2 Fungi Beasts","floor":14,"turns":4},{"damage":8,"enemies":"Slime Boss","floor":16,"turns":9},{"damage":4,"enemies":"Shell Parasite","floor":18,"turns":5},{"damage":27,"enemies":"3 Byrds","floor":19,"turns":4},{"damage":26,"enemies":"Centurion and Healer","floor":20,"turns":8},{"damage":17,"enemies":"Snecko","floor":21,"turns":6},{"damage":7,"enemies":"3 Cultists","floor":22,"turns":3},{"damage":34,"enemies":"Slavers","floor":23,"turns":3},{"damage":21,"enemies":"Gremlin Leader","floor":27,"turns":6},{"damage":24,"enemies":"Snake Plant","floor":29,"turns":4},{"damage":27,"enemies":"Book of Stabbing","floor":30,"turns":5},{"damage":23,"enemies":"Centurion and Healer","floor":31,"turns":6},{"damage":22,"enemies":"Collector","floor":33,"turns":8},{"damage":23,"enemies":"Orb Walker","floor":35,"turns":5},{"damage":3,"enemies":"3 Shapes","floor":36,"turns":4},{"damage":14,"enemies":"3 Darklings","floor":39,"turns":5},{"damage":59,"enemies":"Reptomancer","floor":40,"turns":5},{"damage":38,"enemies":"Nemesis","floor":42,"turns":7},{"damage":0,"enemies":"Jaw Worm Horde","floor":44,"turns":3},{"damage":26,"enemies":"Transient","floor":45,"turns":5},{"damage":18,"enemies":"Maw","floor":46,"turns":6},{"damage":101,"enemies":"Giant Head","floor":47,"turns":9}],"seed_played":"7748632819057758935","potions_obtained":[{"floor":4,"key":"EntropicBrew"},{"floor":6,"key":"FearPotion"},{"floor":13,"key":"SpeedPotion"},{"floor":14,"key":"Block Potion"},{"floor":21,"key":"Energy Potion"},{"floor":22,"key":"LiquidBronze"},{"floor":23,"key":"Regen Potion"},{"floor":29,"key":"Dexterity Potion"},{"floor":30,"key":"DistilledChaos"},{"floor":39,"key":"DuplicationPotion"},{"floor":42,"key":"DistilledChaos"}],"is_trial":false,"path_per_floor":["M","?","$","M","M","E","R","?","T","M","$","R","E","M","R","B",null,"M","M","M","M","M","E","$","?","T","E","R","M","E","M","R","B",null,"M","M","?","$","M","E","R","E","T","M","M","M","E"],"character_chosen":"IRONCLAD","items_purchased":["Rupture","Blood Vial","Flame Barrier","Mummified Hand","Evolve"],"campfire_rested":0,"item_purchase_floors":[11,11,24,38,38],"current_hp_per_floor":[79,79,79,83,87,53,53,52,52,46,46,46,41,62,62,88,88,88,70,72,63,64,38,38,38,38,88,88,70,73,80,80,88,88,88,88,78,78,72,58,58,38,38,54,74,78,0,0],"gold":206,"neow_bonus":"TEN_PERCENT_HP_BONUS","is_daily":false,"chose_seed":false,"campfire_upgraded":6,"win_rate":0.0,"timestamp":1611617110,"path_taken":["M","?","?","M","M","E","R","?","T","M","$","R","E","M","R","BOSS","M","M","M","M","M","E","$","?","T","E","R","M","E","M","R","BOSS","M","M","?","$","M","E","R","E","T","M","M","M","E"],"items_purchased_type":["Card","Relic","Card","Relic","Card"],"build_version":"2020-12-22","purchased_purges":2,"victory":false,"max_hp_per_floor":[88,88,88,88,88,88,88,88,88,88,88,88,88,88,88,88,88,88,88,88,88,88,88,88,88,88,88,88,88,88,88,88,88,88,88,88,88,88,88,88,88,88,88,88,88,88,88,88],"card_choices":[{"not_picked":["Entrench","Feel No Pain"],"picked":"Clothesline","floor":1},{"not_picked":["Havoc","Cleave"],"picked":"Iron Wave","floor":4},{"not_picked":["Bloodletting","Havoc"],"picked":"Dual Wield","floor":5},{"not_picked":["Dark Embrace","Perfected Strike","Rampage"],"picked":"SKIP","floor":6},{"not_picked":["Body Slam","Clothesline"],"picked":"Armaments","floor":8},{"not_picked":["Clothesline","Reckless Charge"],"picked":"Combust","floor":10},{"not_picked":["Flex","Shockwave"],"picked":"Impervious","floor":13},{"not_picked":["Warcry","Heavy Blade"],"picked":"Rupture","floor":14},{"not_picked":["Demon Form","Limit Break"],"picked":"Immolate","floor":16},{"not_picked":[],"picked":"Rupture","floor":18},{"not_picked":["Clothesline+1"],"picked":"SKIP","floor":19},{"not_picked":[],"picked":"Whirlwind","floor":20},{"not_picked":["Infernal Blade"],"picked":"SKIP","floor":21},{"not_picked":["Anger+1"],"picked":"SKIP","floor":22},{"not_picked":["Headbutt"],"picked":"SKIP","floor":23},{"not_picked":[],"picked":"Fiend Fire","floor":27},{"not_picked":["Body Slam"],"picked":"SKIP","floor":29},{"not_picked":["Corruption"],"picked":"SKIP","floor":30},{"not_picked":[],"picked":"True Grit","floor":31},{"not_picked":["Flame Barrier"],"picked":"SKIP","floor":35},{"not_picked":["Wild Strike+1"],"picked":"SKIP","floor":36},{"not_picked":[],"picked":"Forethought","floor":37},{"not_picked":[],"picked":"HandOfGreed","floor":37},{"not_picked":["Twin Strike+1"],"picked":"SKIP","floor":39},{"not_picked":["Sword Boomerang"],"picked":"SKIP","floor":40},{"not_picked":["Havoc"],"picked":"SKIP","floor":42},{"not_picked":["Twin Strike+1"],"picked":"SKIP","floor":44},{"not_picked":[],"picked":"Burning Pact+1","floor":45},{"not_picked":["Anger"],"picked":"SKIP","floor":46}],"player_experience":500748,"relics_obtained":[{"floor":6,"key":"War Paint"},{"floor":8,"key":"Thread and Needle"},{"floor":9,"key":"Happy Flower"},{"floor":13,"key":"Red Skull"},{"floor":23,"key":"Charon\u0027s Ashes"},{"floor":26,"key":"Unceasing Top"},{"floor":27,"key":"Bag of Preparation"},{"floor":30,"key":"Dream Catcher"},{"floor":40,"key":"Bird Faced Urn"},{"floor":42,"key":"Nunchaku"},{"floor":43,"key":"Oddly Smooth Stone"}],"event_choices":[{"damage_healed":0,"gold_gain":0,"cards_transformed":["Strike_R"],"player_choice":"Transformed","damage_taken":0,"max_hp_gain":0,"max_hp_loss":0,"event_name":"Transmorgrifier","floor":2,"gold_loss":0,"cards_obtained":["Reaper"]},{"damage_healed":0,"gold_gain":0,"player_choice":"Searched \u00271\u0027 times","damage_taken":0,"max_hp_gain":0,"max_hp_loss":0,"event_name":"Dead Adventurer","floor":8,"gold_loss":0},{"damage_healed":0,"gold_gain":0,"player_choice":"Read","damage_taken":0,"max_hp_gain":0,"max_hp_loss":0,"event_name":"The Library","floor":25,"gold_loss":0,"cards_obtained":["Thunderclap"]},{"damage_healed":0,"gold_gain":0,"player_choice":"Memory 3","damage_taken":10,"max_hp_gain":0,"max_hp_loss":0,"event_name":"SensoryStone","floor":37,"gold_loss":0}],"is_beta":false,"boss_relics":[{"not_picked":["SacredBark","Astrolabe"],"picked":"Busted Crown"},{"not_picked":["Tiny House","Black Blood"],"picked":"Empty Cage"}],"items_purged_floors":[11,24],"is_endless":false,"potions_floor_spawned":[4,6,13,14,21,22,23,29,30,39,42],"killed_by":"Giant Head","ascension_level":10}}