{"host":"7qoz5gmva6til3yp","time":1611567373,"event":{"mods":["AchievementEnabler","BaseMod","Minty Spire (QoL Compilation)","StSLib","SuperFastMode"],"gold_per_floor":[109,121,46,46,46,72,86,105,182,182,182,192,220,220,220,345,345,360,399,299,398,423,423,459,459,512,555,555,588,503,522,522,645,645,661,661,611,626,650,693,705,751,763,685,743,288,288,307,307,307],"floor_reached":51,"language":"KOR","playtime":2614,"items_purged":["Strike_P","Defend_P","Defend_P","Strike_P"],"score":1379,"play_id":"9f99e29e-cde2-4c71-94f5-d755aaa59c2a","local_time":"20210125183613","is_ascension_mode":true,"campfire_choices":[{"data":"Eruption","floor":10.0,"key":"SMITH"},{"floor":15.0,"key":"REST"},{"data":"CrushJoints","floor":23.0,"key":"SMITH"},{"data":"Vault","floor":28.0,"key":"SMITH"},{"floor":32.0,"key":"REST"},{"data":"Adaptation","floor":41,"key":"SMITH"},{"data":"TalkToTheHand","floor":47,"key":"SMITH"},{"floor":49,"key":"REST"}],"circlet_count":0,"master_deck":["AscendersBane","Strike_P","Strike_P+1","Defend_P+1","Eruption+1","Vigilance","CrushJoints+1","EmptyFist+1","TalkToTheHand+1","FlurryOfBlows","Brilliance","Vault+1","Adaptation+1","EmptyBody+1","Flash of Steel+1"],"relics":["PureWater","NeowsBlessing","FossilizedHelix","Damaru","Sundial","Pear","Tiny Chest","Golden Idol","Philosopher\u0027s Stone","Red Mask","Shuriken","Molten Egg 2","Blood Vial","Pantograph","Smiling Mask","Oddly Smooth Stone","Black Star","Kunai","MawBank","Mummified Hand","HornCleat","GoldenEye","Potion Belt","Membership Card","TungstenRod"],"acts_visited":["Exordium","TheCity","TheBeyond"],"potions_floor_usage":[50,50,50],"damage_taken":[{"damage":0.0,"enemies":"Small Slimes","floor":1.0,"turns":2.0},{"damage":0.0,"enemies":"Jaw Worm","floor":2.0,"turns":1.0},{"damage":0.0,"enemies":"Gremlin Nob","floor":6.0,"turns":1.0},{"damage":0.0,"enemies":"Cultist","floor":7.0,"turns":3.0},{"damage":0.0,"enemies":"2 Fungi Beasts","floor":8.0,"turns":2.0},{"damage":0.0,"enemies":"Exordium Wildlife","floor":12.0,"turns":3.0},{"damage":9.0,"enemies":"3 Sentries","floor":13.0,"turns":8.0},{"damage":19.0,"enemies":"Slime Boss","floor":16.0,"turns":10.0},{"damage":0.0,"enemies":"Chosen","floor":18.0,"turns":2.0},{"damage":12.0,"enemies":"Masked Bandits","floor":19.0,"turns":4.0},{"damage":6.0,"enemies":"Shell Parasite","floor":22.0,"turns":3.0},{"damage":51.0,"enemies":"Book of Stabbing","floor":24.0,"turns":5.0},{"damage":38.0,"enemies":"Slavers","floor":27.0,"turns":4.0},{"damage":15.0,"enemies":"Gremlin Leader","floor":29.0,"turns":6.0},{"damage":0.0,"enemies":"3 Cultists","floor":31.0,"turns":4.0},{"damage":82.0,"enemies":"Automaton","floor":33.0,"turns":8.0},{"damage":40.0,"enemies":"3 Darklings","floor":35.0,"turns":7.0},{"damage":12,"enemies":"3 Shapes","floor":38,"turns":5},{"damage":11,"enemies":"Sphere and 2 Shapes","floor":39,"turns":4},{"damage":60,"enemies":"Nemesis","floor":40,"turns":8},{"damage":0,"enemies":"Giant Head","floor":42,"turns":6},{"damage":0,"enemies":"3 Darklings","floor":48,"turns":4},{"damage":66,"enemies":"Awakened One","floor":50,"turns":9}],"seed_played":"-7655858077089234126","potions_obtained":[{"floor":2.0,"key":"Ancient Potion"},{"floor":12.0,"key":"PowerPotion"},{"floor":22.0,"key":"Energy Potion"},{"floor":24.0,"key":"Regen Potion"},{"floor":31.0,"key":"StancePotion"},{"floor":33.0,"key":"FearPotion"},{"floor":39,"key":"Ancient Potion"},{"floor":42,"key":"BottledMiracle"}],"is_trial":false,"path_per_floor":["M","M","$","?","?","E","M","M","T","R","T","M","E","?","R","B",null,"M","?","$","?","M","R","E","T","T","E","R","E","?","M","R","B",null,"M","?","$","M","M","E","R","E","T","?","T","$","R","M","R","B",null],"character_chosen":"WATCHER","items_purchased":["Membership Card","TungstenRod","Regen Potion","Block Potion","Flash of Steel+1"],"campfire_rested":3,"item_purchase_floors":[46,46,46,46,46],"current_hp_per_floor":[65,65,65,62,48,48,48,48,48,48,58,58,49,29,53,34,70,70,58,58,58,52,52,1,1,1,35,35,22,22,24,48,6,63,25,25,25,15,6,18,18,20,20,20,20,20,20,22,45,6],"gold":307,"neow_bonus":"THREE_ENEMY_KILL","is_daily":false,"chose_seed":false,"campfire_upgraded":5,"win_rate":0.0,"timestamp":1611567373,"path_taken":["M","M","$","?","?","E","M","M","T","R","?","?","E","?","R","BOSS","M","?","$","?","M","R","E","?","T","E","R","E","?","M","R","BOSS","M","?","$","M","M","E","R","E","T","?","?","$","R","?","R","BOSS"],"items_purchased_type":["Relic","Relic","Potion","Potion","Card"],"build_version":"2020-12-22","purchased_purges":4,"victory":true,"max_hp_per_floor":[72,72,72,72,72,72,72,72,72,72,82,82,82,82,82,82,82,82,82,82,82,82,82,82,82,82,82,82,82,82,82,82,82,82,82,78,78,78,78,78,78,78,78,78,78,78,78,78,78,78],"card_choices":[{"not_picked":["ThirdEye","Crescendo"],"picked":"CrushJoints","floor":1.0},{"not_picked":["ForeignInfluence","Vengeance"],"picked":"EmptyFist","floor":2.0},{"not_picked":["Evaluate","BattleHymn","Devotion"],"picked":"SKIP","floor":6.0},{"not_picked":["Vengeance","FollowUp","ClearTheMind"],"picked":"SKIP","floor":7.0},{"not_picked":["Pray","Crescendo"],"picked":"TalkToTheHand","floor":8.0},{"not_picked":["EmptyFist","Protect"],"picked":"FlurryOfBlows","floor":12.0},{"not_picked":["Perseverance","WreathOfFlame","WheelKick"],"picked":"SKIP","floor":13.0},{"not_picked":["DeusExMachina","Omniscience"],"picked":"Brilliance","floor":16.0},{"not_picked":["Prostrate","FlyingSleeves","SignatureMove"],"picked":"SKIP","floor":18.0},{"not_picked":["Crescendo","ClearTheMind","PathToVictory"],"picked":"SKIP","floor":22.0},{"not_picked":["WindmillStrike","DevaForm"],"picked":"Vault","floor":24.0},{"not_picked":["Study","Prostrate","SashWhip+1"],"picked":"SKIP","floor":27.0},{"not_picked":["FlurryOfBlows+1","Wallop+1","PathToVictory"],"picked":"SKIP","floor":29.0},{"not_picked":["Fasting2","Wallop+1","CrushJoints+1"],"picked":"SKIP","floor":31.0},{"not_picked":["Fasting2+1","Prostrate+1","TalkToTheHand+1"],"picked":"SKIP","floor":35.0},{"not_picked":["Perseverance+1","SandsOfTime+1"],"picked":"Adaptation","floor":38},{"not_picked":["Worship+1","Perseverance","Crescendo+1"],"picked":"SKIP","floor":39},{"not_picked":["Fasting2","CutThroughFate+1","Wireheading"],"picked":"SKIP","floor":40},{"not_picked":["SpiritShield","EmptyBody+1","Conclude+1"],"picked":"SKIP","floor":42},{"not_picked":["SpiritShield","Conclude+1"],"picked":"EmptyBody+1","floor":42},{"not_picked":["Fasting2+1","WheelKick+1","Weave+1"],"picked":"SKIP","floor":48}],"player_experience":428854,"relics_obtained":[{"floor":6.0,"key":"Damaru"},{"floor":9.0,"key":"Sundial"},{"floor":11.0,"key":"Pear"},{"floor":13.0,"key":"Tiny Chest"},{"floor":19.0,"key":"Red Mask"},{"floor":24.0,"key":"Shuriken"},{"floor":25.0,"key":"Molten Egg 2"},{"floor":26.0,"key":"Blood Vial"},{"floor":27.0,"key":"Pantograph"},{"floor":29.0,"key":"Smiling Mask"},{"floor":40,"key":"Kunai"},{"floor":40,"key":"MawBank"},{"floor":42,"key":"Mummified Hand"},{"floor":42,"key":"HornCleat"},{"floor":43,"key":"GoldenEye"},{"floor":45,"key":"Potion Belt"}],"event_choices":[{"damage_healed":0.0,"max_hp_gain":0.0,"max_hp_loss":0.0,"gold_gain":0.0,"event_name":"Scrap Ooze","player_choice":"Success","floor":4.0,"gold_loss":0.0,"damage_taken":3.0,"relics_obtained":["FossilizedHelix"]},{"damage_healed":0.0,"max_hp_gain":0.0,"max_hp_loss":0.0,"gold_gain":0.0,"event_name":"Shining Light","player_choice":"Entered Light","floor":5.0,"gold_loss":0.0,"damage_taken":14.0,"cards_upgraded":["Strike_P","Defend_P"]},{"damage_healed":0.0,"max_hp_gain":0.0,"max_hp_loss":0.0,"gold_gain":0.0,"event_name":"Golden Idol","player_choice":"Take Damage","floor":14.0,"gold_loss":0.0,"damage_taken":20.0,"relics_obtained":["Golden Idol"]},{"damage_healed":0.0,"max_hp_gain":0.0,"max_hp_loss":0.0,"gold_gain":0.0,"event_name":"Masked Bandits","player_choice":"Fought Bandits","floor":19.0,"gold_loss":0.0,"damage_taken":0.0},{"damage_healed":0.0,"max_hp_gain":0.0,"max_hp_loss":0.0,"gold_gain":99.0,"event_name":"Nest","player_choice":"Stole From Cult","floor":21.0,"gold_loss":0.0,"damage_taken":0.0},{"damage_healed":0.0,"max_hp_gain":0.0,"max_hp_loss":0.0,"gold_gain":0.0,"event_name":"Addict","player_choice":"Obtained Relic","floor":30.0,"gold_loss":85.0,"damage_taken":0.0,"relics_obtained":["Oddly Smooth Stone"]},{"damage_healed":0.0,"max_hp_gain":0.0,"max_hp_loss":4.0,"gold_gain":0.0,"event_name":"Winding Halls","player_choice":"Max HP","floor":36.0,"gold_loss":0.0,"damage_taken":0.0},{"cards_removed":["Defend_P"],"damage_healed":0,"gold_gain":0,"player_choice":"Upgrade and Remove","damage_taken":0,"max_hp_gain":0,"max_hp_loss":0,"event_name":"Designer","floor":44,"gold_loss":90,"cards_upgraded":["EmptyFist"]}],"is_beta":false,"boss_relics":[{"not_picked":["Snecko Eye","Fusion Hammer"],"picked":"Philosopher\u0027s Stone"},{"not_picked":["Busted Crown","HolyWater"],"picked":"Black Star"}],"items_purged_floors":[3,20,37,46],"is_endless":false,"potions_floor_spawned":[2,12,22,24,31,33,39,42],"ascension_level":10}}