{"host":"l5xpox9cbdko122s","time":1611533542,"event":{"mods":["AchievementEnabler","BaseMod","Better Skull","Colored Map","Colored Powertips","Curses Come First","Displayed Cursed Tome","Hermit","Highlight Path","Minty Spire (QoL Compilation)","Quick Restart","Shop Mod","StSLib"],"gold_per_floor":[125,137,149,181,193,238,250,281,293,321,333,345,205,222,222,319,319,332,351,351,351,351,351],"floor_reached":22,"language":"ENG","playtime":1516,"items_purged":["Dualcast"],"score":184,"play_id":"bce7a1ad-d50a-4970-b6ee-1782d3ef58f1","local_time":"20210124191222","is_ascension_mode":false,"campfire_choices":[{"floor":7,"key":"RECALL"},{"floor":12,"key":"REST"},{"floor":15,"key":"REST"}],"circlet_count":0,"master_deck":["Strike_B","Strike_B","Strike_B","Defend_B","Defend_B","Defend_B","Defend_B","Sweeping Beam","Conserve Battery","Reprogram","Rebound","Necronomicurse"],"relics":["TungstenRod","MerchantsRug","Sozu","Necronomicon"],"acts_visited":["Exordium","TheCity"],"potions_floor_usage":[6,8,19],"damage_taken":[{"damage":0,"enemies":"2 Louse","floor":1,"turns":2},{"damage":10,"enemies":"Small Slimes","floor":4,"turns":3},{"damage":46,"enemies":"3 Sentries","floor":6,"turns":14},{"damage":0,"enemies":"Cultist","floor":8,"turns":3},{"damage":8,"enemies":"2 Fungi Beasts","floor":10,"turns":5},{"damage":10,"enemies":"Exordium Wildlife","floor":14,"turns":7},{"damage":34,"enemies":"The Guardian","floor":16,"turns":18},{"damage":15,"enemies":"Spheric Guardian","floor":18,"turns":8},{"damage":9,"enemies":"Chosen","floor":19,"turns":9},{"damage":41,"enemies":"Masked Bandits","floor":22,"turns":3}],"seed_played":"4838780347941692588","potions_obtained":[{"floor":4,"key":"LiquidMemories"},{"floor":6,"key":"BlessingOfTheForge"},{"floor":16,"key":"EssenceOfSteel"}],"is_trial":false,"path_per_floor":["M","?","?","M","?","E","R","M","T","M","?","R","$","M","R","B",null,"M","M","?","?","?"],"character_chosen":"DEFECT","items_purchased":["MerchantsRug","Conserve Battery"],"campfire_rested":2,"item_purchase_floors":[13,13],"current_hp_per_floor":[75,75,75,65,58,12,12,12,12,4,4,26,26,16,38,4,75,60,51,38,26,0,0],"gold":351,"neow_bonus":"RANDOM_COMMON_RELIC","is_daily":false,"chose_seed":false,"campfire_upgraded":0,"win_rate":0.0,"timestamp":1611533542,"path_taken":["M","?","?","M","?","E","R","M","T","M","?","R","$","M","R","BOSS","M","?","?","?","?"],"items_purchased_type":["Relic","Card"],"build_version":"2020-12-22","purchased_purges":1,"victory":false,"max_hp_per_floor":[75,75,75,75,75,75,75,75,75,75,75,75,75,75,75,75,75,75,75,80,80,80,80],"card_choices":[{"not_picked":["Leap","Ball Lightning","Compile Driver"],"picked":"SKIP","floor":1},{"not_picked":["Recycle","Stack","Blizzard"],"picked":"SKIP","floor":4},{"not_picked":["Doom and Gloom","Hologram","Blizzard"],"picked":"SKIP","floor":6},{"not_picked":["Steam","Go for the Eyes","Fusion"],"picked":"SKIP","floor":8},{"not_picked":["Gash","Hologram"],"picked":"Sweeping Beam","floor":10},{"not_picked":["Barrage","Streamline"],"picked":"Reprogram","floor":14},{"not_picked":["Compile Driver","Loop+1","Hologram"],"picked":"SKIP","floor":18},{"not_picked":["Redo","Ball Lightning"],"picked":"Rebound","floor":19}],"player_experience":192347,"relics_obtained":[{"floor":6,"key":"TungstenRod"}],"event_choices":[{"damage_healed":0,"gold_gain":0,"player_choice":"Ignored","damage_taken":0,"max_hp_gain":0,"max_hp_loss":0,"event_name":"Shining Light","floor":2,"gold_loss":0},{"damage_healed":0,"gold_gain":0,"player_choice":"Ignored","damage_taken":0,"max_hp_gain":0,"max_hp_loss":0,"event_name":"Liars Game","floor":3,"gold_loss":0},{"cards_removed":["Zap"],"damage_healed":0,"gold_gain":0,"player_choice":"Card Removal","damage_taken":7,"max_hp_gain":0,"max_hp_loss":0,"event_name":"Golden Wing","floor":5,"gold_loss":0},{"cards_removed":["Strike_B"],"damage_healed":0,"gold_gain":0,"player_choice":"Purged","damage_taken":0,"max_hp_gain":0,"max_hp_loss":0,"event_name":"Purifier","floor":11,"gold_loss":0},{"damage_healed":0,"gold_gain":0,"player_choice":"Shed Blood","damage_taken":19,"max_hp_gain":5,"max_hp_loss":0,"event_name":"Forgotten Altar","floor":20,"gold_loss":0},{"damage_healed":0,"gold_gain":0,"player_choice":"Obtained Book","damage_taken":16,"max_hp_gain":0,"max_hp_loss":0,"event_name":"Cursed Tome","floor":21,"gold_loss":0},{"damage_healed":0,"gold_gain":0,"player_choice":"Fought Bandits","damage_taken":0,"max_hp_gain":0,"max_hp_loss":0,"event_name":"Masked Bandits","floor":22,"gold_loss":0}],"is_beta":false,"boss_relics":[{"not_picked":["SacredBark","Cursed Key"],"picked":"Sozu"}],"items_purged_floors":[13],"is_endless":false,"potions_floor_spawned":[4,6,16,19],"killed_by":"Masked Bandits","ascension_level":0}}