{"host":"ooetke516h53yqww","time":1611595589,"event":{"mods":["100% Spire Juice","2.2 Compatiblity","Abigail Mod","Act Like it!","Astrologer","Bartender","BaseMod","Beaked The Cultist","Better Match","Better Third Choice","Conspire","Elementarium","Friendly Minions","Hallownest","Hermit","HololiveMod","Hubris","Infinite Spire","Kiyohime????","Lobotomy","LobotomyExtend","Mari Mod (Legacy)","Mari\u0027s V1 Patch","Menagerie","Minty Spire (QoL Compilation)","Prisma Mod","Random Character Button","Reliquary","Replay The Spire","Robot Space Explorer","Spicy Shops","StSLib","Td1madao Mod","The Alterego","The Bug Knight","The Marked","The Poker Player","The Senshi","TheSwordswoman","Uncapped","WarShipGirlsR/????R mod","Yakumo Yukari mod","Yohane!"],"gold_per_floor":[109,33,50,13,13,13,54,78,78,101,120,163,163,196,196,321,321,341,291,291,41,41,72,91,125,152,6,82,97,97,120,120,250,250,263,208,233,233,247,291,291,311,311,342,342,342,342],"floor_reached":46,"language":"ENG","playtime":2445,"items_purged":["Shame"],"score":916,"play_id":"c217f8d7-45d6-4052-bb03-53f495e6b6a2","local_time":"20210125122629","is_ascension_mode":true,"campfire_choices":[{"data":"alterego_mod:Impale","floor":6,"key":"SMITH"},{"floor":13,"key":"REST"},{"floor":30,"key":"REST"},{"data":"Three Hit","floor":32,"key":"SMITH"},{"floor":41,"key":"RECALL"},{"data":"Three Hit","floor":45,"key":"SMITH"}],"circlet_count":0,"master_deck":["Strike_C+1","Strike_C","Strike_C","Defend_C+1","Defend_C","Defend_C+1","Defend_C","Knight Kick","Chip","theSenshi:SailorBlock","alterego_mod:Impale+1","Reflection Mechanism","Floating Swing Kick","Judgment","Twin Teeth","Resistance","Furious","Floating Swing Kick","Floating Swing Kick","Doubt","Moon Tear","ReplayTheSpireMod:Compounding Headache","hubris:Wrath","Three Hit+1","Three Hit+1","Retrieval Recycling","Afterwards+1","Black Dance","Floating Swing Kick+1","Pod Laser","Machining+1","ReplayTheSpireMod:IOU","ReplayTheSpireMod:IOU","ReplayTheSpireMod:IOU","ReplayTheSpireMod:IOU","ReplayTheSpireMod:IOU","Floating Swing Kick","Awareness+1"],"relics":["Apod","infinitespire:Joker Card","Chemical X","Golden Idol","hubris:ToyBattleship","LetterFromLob","Sundial","War Paint","ReplayFunnel","ReplayTheSpireMod:TigerMarble","Ring of Fangs","ReplayTheSpireMod:Ring of Challenge","Replay:Ancient Bell","Oddly Smooth Stone","Blue Candle","Du-Vu Doll","infinitespire:ShieldingShard","Hallownest:UnbreakableCardRelic","HollowMod:StagPassRelic","Incense Burner","Replay:Baseball","Kunai","Runic Dome","Protect_Vest","Replay:Wax Seal","Ornamental Fan","ClockworkSouvenir","Golden Egg","infinitespire:Bottled Soul","Simple Rune"],"acts_visited":["Exordium","Hallownest:CityofTears","TheBeyond"],"potions_floor_usage":[12,16,24,25,33,46],"damage_taken":[{"damage":9.0,"enemies":"2 Louse","floor":1.0,"turns":2.0},{"damage":14.0,"enemies":"Jaw Worm","floor":3.0,"turns":4.0},{"damage":32,"enemies":"HollowMod:MossKnight","floor":7,"turns":6},{"damage":1,"enemies":"conspire:RoseBush","floor":8,"turns":3},{"damage":0,"enemies":"conspire:2 RoseBushes","floor":11,"turns":4},{"damage":4,"enemies":"3 Sentries","floor":12,"turns":5},{"damage":0,"enemies":"Lagavulin","floor":14,"turns":5},{"damage":11,"enemies":"Hexaghost","floor":16,"turns":10},{"damage":17,"enemies":"Hallownest:Guard_and_Sentry","floor":18,"turns":3},{"damage":18,"enemies":"Hallownest:eliteSoulWarrior","floor":23,"turns":7},{"damage":10,"enemies":"Hallownest:Flukemon_and_Top","floor":24,"turns":4},{"damage":13,"enemies":"Hallownest:Nosk","floor":25,"turns":9},{"damage":1,"enemies":"Hallownest:monsterMisterMushroom","floor":29,"turns":5},{"damage":0,"enemies":"Hallownest:Warrior_and_Youth","floor":31,"turns":3},{"damage":24,"enemies":"Hallownest:BossGrimm","floor":33,"turns":8},{"damage":4,"enemies":"3 Shapes","floor":35,"turns":3},{"damage":0,"enemies":"Orb Walker","floor":37,"turns":2},{"damage":0,"enemies":"Orb Walker","floor":38,"turns":2},{"damage":12,"enemies":"Maw","floor":39,"turns":5},{"damage":0,"enemies":"R_Hoarder","floor":40,"turns":5},{"damage":0,"enemies":"Transient","floor":42,"turns":5},{"damage":0,"enemies":"Giant Head","floor":44,"turns":6},{"damage":84,"enemies":"Giant Head","floor":46,"turns":12}],"seed_played":"2017492814588313889","potions_obtained":[{"floor":8,"key":"Adrenaline Potion"},{"floor":12,"key":"Toxic Potion"},{"floor":16,"key":"ColorlessPotion"},{"floor":23,"key":"DistilledChaos"},{"floor":31,"key":"Venom Potion"},{"floor":38,"key":"DistilledChaos"}],"is_trial":false,"path_per_floor":["M","$","M","$","?","R","E","M","T","T","M","E","R","E","R","B",null,"M","?","AVR","?","?","E","M","E","T","$","T","M","R","M","R","B",null,"M","$","M","?","M","E","R","M","T","E","R","?"],"character_chosen":"TD1MADAO_CLASS","items_purchased":["Chemical X","Judgment","Replay:Baseball","Protect_Vest","Replay:Wax Seal","Ornamental Fan","ClockworkSouvenir"],"campfire_rested":2,"item_purchase_floors":[2,4,27,36,36,36,36],"current_hp_per_floor":[61,61,47,47,47,47,15,14,14,14,14,10,29,29,29,18,65,48,48,48,48,52,34,24,11,11,11,11,10,29,29,29,5,65,61,61,61,61,49,49,49,49,49,57,57,0,0],"gold":342,"neow_bonus":"ONE_RARE_RELIC","is_daily":false,"chose_seed":false,"campfire_upgraded":3,"win_rate":0.0,"timestamp":1611595589,"path_taken":["M","$","M","$","?","R","E","M","T","?","M","E","R","E","R","BOSS","M","?","AVR","?","?","E","M","E","T","?","?","M","R","M","R","BOSS","M","$","M","?","M","E","R","M","T","E","R","?"],"items_purchased_type":["Relic","Card","Relic","Relic","Relic","Relic","Relic"],"build_version":"2020-12-22","purchased_purges":1,"victory":false,"max_hp_per_floor":[70,70,70,70,65,65,65,65,65,65,65,65,65,65,65,65,65,65,65,65,65,65,65,65,65,65,65,65,65,65,65,65,65,65,65,65,65,65,65,65,65,65,65,65,65,65,65],"card_choices":[{"not_picked":["Resistance","Cursed Blade"],"picked":"Reflection Mechanism","floor":1.0},{"not_picked":["White Contract","Cursed Blade"],"picked":"Floating Swing Kick","floor":3.0},{"not_picked":["Preloading","Fire Up"],"picked":"Twin Teeth","floor":7},{"not_picked":["Awareness","Fire Blade"],"picked":"Resistance","floor":8},{"not_picked":["Load Balancing","Black Execution"],"picked":"Furious","floor":11},{"not_picked":["Rupture","Black Execution"],"picked":"Floating Swing Kick","floor":12},{"not_picked":["Black Execution","Bugfix"],"picked":"Floating Swing Kick","floor":14},{"not_picked":["Pod Laser","Black Warm Hole"],"picked":"Moon Tear","floor":16},{"not_picked":["Delirium","Replay:Hysterical Blindness"],"picked":"ReplayTheSpireMod:Compounding Headache","floor":17},{"not_picked":["Regret","Normality"],"picked":"Shame","floor":17},{"not_picked":["Languid","Amnesia"],"picked":"hubris:Wrath","floor":17},{"not_picked":["Oblique Hack","Here Defend Chip"],"picked":"Winding Magic","floor":18},{"not_picked":[],"picked":"Three Hit","floor":19},{"not_picked":[],"picked":"Three Hit","floor":19},{"not_picked":[],"picked":"Retrieval Recycling","floor":19},{"not_picked":["Ruin Defend","Trader"],"picked":"Afterwards+1","floor":23},{"not_picked":["Gravity Defend","Black Shadow"],"picked":"Black Dance","floor":24},{"not_picked":["Lore","Afterwards","Pod Fire"],"picked":"SKIP","floor":25},{"not_picked":["Black Dance","Gravity Defend"],"picked":"Floating Swing Kick+1","floor":29},{"not_picked":["Break Into+1","Afterwards","Perfect Defend"],"picked":"SKIP","floor":31},{"not_picked":["Retrieval Recycling","Shockwave Tdmadao"],"picked":"Pod Laser","floor":33},{"not_picked":["Black Shadow+1","Cursed Blade"],"picked":"Machining+1","floor":35},{"not_picked":["Lore+1","Cursed Blade","Black Spear+1"],"picked":"SKIP","floor":37},{"not_picked":["White Contract+1","Revenge+1"],"picked":"Floating Swing Kick","floor":39},{"not_picked":["Fire Up","Sub Weapons+1","Transfer Energy"],"picked":"SKIP","floor":40},{"not_picked":["Winding Magic","New Defend Magic"],"picked":"Awareness+1","floor":42},{"not_picked":["Floating Even","Transfer Energy","Sudden Beat"],"picked":"SKIP","floor":44}],"player_experience":1529129,"relics_obtained":[{"floor":7,"key":"hubris:ToyBattleship"},{"floor":7,"key":"LetterFromLob"},{"floor":9,"key":"Sundial"},{"floor":10,"key":"War Paint"},{"floor":12,"key":"ReplayFunnel"},{"floor":14,"key":"ReplayTheSpireMod:TigerMarble"},{"floor":15,"key":"Ring of Fangs"},{"floor":15,"key":"ReplayTheSpireMod:Ring of Challenge"},{"floor":23,"key":"HollowMod:StagPassRelic"},{"floor":25,"key":"Incense Burner"},{"floor":28,"key":"Kunai"},{"floor":40,"key":"Golden Egg"},{"floor":43,"key":"infinitespire:Bottled Soul"},{"floor":44,"key":"Simple Rune"}],"event_choices":[{"damage_healed":0,"gold_gain":0,"player_choice":"Lose Max HP","damage_taken":0,"relics_obtained":["Golden Idol"],"max_hp_gain":0,"max_hp_loss":5,"event_name":"Golden Idol","floor":5,"gold_loss":0}],"is_beta":false,"boss_relics":[{"not_picked":["Honey Jar","Hololive_TopUpMoneyS"],"picked":"Replay:Ancient Bell"},{"not_picked":["MawBank","hubris:SlimyHat"],"picked":"Oddly Smooth Stone"},{"not_picked":["infinitespire:WardingShard","Onion Ring"],"picked":"Blue Candle"},{"not_picked":["hubris:GlazedTorus","infinitespire:Golems Mask"],"picked":"Du-Vu Doll"},{"not_picked":["conspire:RoyalGoblet","SacredBark"],"picked":"Runic Dome"}],"items_purged_floors":[36],"is_endless":false,"potions_floor_spawned":[8,12,16,23,31,38,40],"killed_by":"Giant Head","ascension_level":2}}