{"host":"ujw6l3a2nhn97ib9","time":1611543613,"event":{"mods":["BaseMod","Hermit","Koishi","Lobotomy","Minty Spire (QoL Compilation)","Replay The Spire","StSLib","The Bug Knight","The Cursed","The Dragon Tamer","The Hierophant","The Jungle","The Poker Player","The Runesmith"],"gold_per_floor":[117,137,137,137,62,90,106,106,175,57,88,107,138,151,151,254,254,264,85,97,97,97,97,107,134,134,170,170,204,232,272,272,395,395,426,12,48,60,60],"floor_reached":38,"language":"KOR","playtime":1721,"items_purged":["hermit:Defend_Hermit","hermit:Strike_Hermit","hermit:Defend_Hermit"],"score":443,"play_id":"eed23941-fee5-4662-bf6f-0ec220c32479","local_time":"20210125120013","is_ascension_mode":false,"campfire_choices":[{"data":"hermit:Snapshot","floor":8.0,"key":"SMITH"},{"floor":15.0,"key":"REST"},{"data":"Metamorphosis","floor":23.0,"key":"SMITH"},{"floor":32.0,"key":"REST"}],"circlet_count":0,"master_deck":["hermit:Strike_Hermit","hermit:Strike_Hermit","hermit:Strike_Hermit","hermit:Snapshot+1","hermit:Covet","hermit:BigShot","hermit:GoldenBullet","hermit:BigShot","hermit:Ricochet","hermit:EyeOfTheStorm","Metamorphosis+1","hermit:HighCaliber+1","hermit:Deadeye","hermit:Ricochet+1","hermit:Combo","hermit:EternalForm+1","hermit:Roulette+1","hermit:BigShot+1","hermit:BigShot+1"],"relics":["SacredBark","ReplayTheSpireMod:Ring of Exchange","Ring of Searing","Omamori","hermit:Horseshoe","Regal Pillow","Replay:Baseball","ReplayTheSpireMod:ShopPack","Frozen Egg 2","Replay:Bandana","Empty Cage","Vajra"],"acts_visited":["Exordium","Exordium","TheBeyond"],"potions_floor_usage":[33,38],"damage_taken":[{"damage":1.0,"enemies":"Cultist","floor":1.0,"turns":3.0},{"damage":1.0,"enemies":"Jaw Worm","floor":2.0,"turns":3.0},{"damage":23.0,"enemies":"3 Sentries","floor":6.0,"turns":8.0},{"damage":5.0,"enemies":"Small Slimes","floor":7.0,"turns":3.0},{"damage":5.0,"enemies":"Gremlin Nob","floor":11.0,"turns":3.0},{"damage":5.0,"enemies":"Looter","floor":12.0,"turns":3.0},{"damage":13.0,"enemies":"Lagavulin","floor":13.0,"turns":3.0},{"damage":0.0,"enemies":"2 Fungi Beasts","floor":14.0,"turns":2.0},{"damage":12.0,"enemies":"Hexaghost","floor":16.0,"turns":8.0},{"damage":25.0,"enemies":"theJungle:Flameango_and_Byrd","floor":18.0,"turns":4.0},{"damage":11.0,"enemies":"theJungle:GiantWrat","floor":20.0,"turns":3.0},{"damage":20.0,"enemies":"theJungle:SlimyTreeVines","floor":24.0,"turns":4.0},{"damage":20.0,"enemies":"theJungle:Cassacara","floor":25.0,"turns":3.0},{"damage":5.0,"enemies":"Snake Plant","floor":27.0,"turns":3.0},{"damage":0.0,"enemies":"theJungle:JungleHuntersEncounter","floor":29.0,"turns":3.0},{"damage":0.0,"enemies":"theJungle:Lyon","floor":30.0,"turns":2.0},{"damage":3.0,"enemies":"Snake Plant","floor":31.0,"turns":3.0},{"damage":9,"enemies":"theJungle:QueenSpyder","floor":33,"turns":8},{"damage":33,"enemies":"Orb Walker","floor":35,"turns":3},{"damage":36,"enemies":"3 Darklings","floor":37,"turns":4},{"damage":8,"enemies":"Spire Growth","floor":38,"turns":2}],"seed_played":"-6250315002256798256","potions_obtained":[{"floor":2.0,"key":"SpeedPotion"},{"floor":6.0,"key":"DistilledChaos"},{"floor":7.0,"key":"Explosive Potion"},{"floor":13.0,"key":"Flashbang"},{"floor":16.0,"key":"Strength Potion"},{"floor":24.0,"key":"Cursed Concoction"},{"floor":25.0,"key":"ColorlessPotion"},{"floor":27.0,"key":"BlessingOfTheForge"},{"floor":33,"key":"SpeedPotion"}],"is_trial":false,"path_per_floor":["M","M","?","?","$","E","M","R","T","$","E","M","E","M","R","B",null,"M","$","M","?","?","R","M","E","T","M","?","M","M","M","R","B",null,"M","$","M","M"],"character_chosen":"HERMIT","items_purchased":["hermit:BigShot","hermit:GoldenBullet","hermit:Deadeye","hermit:BigShot+1","Vajra","LifebloodPotion"],"campfire_rested":2,"item_purchase_floors":[10,10,19,36,36,36],"current_hp_per_floor":[74,73,73,73,73,50,45,45,45,45,40,35,22,22,59,47,75,50,50,39,49,49,49,29,9,9,4,4,4,4,1,38,29,75,42,42,6,0,0],"gold":60,"neow_bonus":"BOSS_RELIC","is_daily":false,"chose_seed":false,"campfire_upgraded":2,"win_rate":0.0,"timestamp":1611543613,"path_taken":["M","M","?","?","?","E","M","R","T","$","E","M","E","M","R","BOSS","M","$","M","?","?","R","M","E","T","M","?","?","M","M","R","BOSS","M","$","M","M"],"items_purchased_type":["Card","Card","Card","Card","Relic","Potion"],"build_version":"2020-12-22","purchased_purges":3,"victory":false,"max_hp_per_floor":[75,75,75,75,75,75,75,75,75,75,75,75,75,75,75,75,75,75,75,75,75,75,75,75,75,75,75,75,75,75,75,75,75,75,75,75,75,75,75],"card_choices":[{"not_picked":["hermit:Desperado","hermit:Determination","hermit:HighCaliber"],"picked":"SKIP","floor":1.0},{"not_picked":["hermit:FlashPowder","hermit:HighCaliber","hermit:TrackingShot"],"picked":"SKIP","floor":2.0},{"not_picked":["hermit:Grudge","hermit:FatalDesire","hermit:GhostlyPresence"],"picked":"SKIP","floor":6.0},{"not_picked":["hermit:Grudge","hermit:NoHoldsBarred","hermit:Coalescence"],"picked":"SKIP","floor":7.0},{"not_picked":["hermit:LowProfile","hermit:Ricochet"],"picked":"hermit:BigShot","floor":11.0},{"not_picked":["hermit:FullyLoaded","hermit:Glare"],"picked":"hermit:Ricochet","floor":12.0},{"not_picked":["hermit:Midnight","hermit:Snipe","hermit:LowProfile"],"picked":"SKIP","floor":13.0},{"not_picked":["hermit:Determination","hermit:LuckOfTheDraw"],"picked":"hermit:EyeOfTheStorm","floor":14.0},{"not_picked":["ReplayTheSpireMod:Necrogeddon","Sadistic Nature"],"picked":"Metamorphosis","floor":17.0},{"not_picked":["hermit:PistolWhip","hermit:Coalescence"],"picked":"hermit:HighCaliber+1","floor":18.0},{"not_picked":["hermit:Feint","hermit:FullyLoaded+1"],"picked":"hermit:Ricochet+1","floor":20.0},{"not_picked":["hermit:Coalescence","hermit:ShadowCloak"],"picked":"hermit:Combo","floor":24.0},{"not_picked":["hermit:Virtue+1","hermit:Glare"],"picked":"hermit:EternalForm+1","floor":25.0},{"not_picked":["hermit:SprayPray+1","hermit:LowProfile","hermit:HighCaliber"],"picked":"SKIP","floor":27.0},{"not_picked":["hermit:Ricochet","hermit:Quickdraw","hermit:BodyArmor"],"picked":"SKIP","floor":29.0},{"not_picked":["hermit:CursedWeapon","hermit:TrackingShot+1","hermit:Virtue"],"picked":"SKIP","floor":30.0},{"not_picked":["hermit:Snipe","hermit:Coalescence+1","hermit:PistolWhip"],"picked":"SKIP","floor":31.0},{"not_picked":["hermit:SprayPray","hermit:Glare+1"],"picked":"hermit:Roulette+1","floor":35},{"not_picked":["hermit:ItchyTrigger","hermit:FullyLoaded+1","hermit:Feint"],"picked":"SKIP","floor":37}],"player_experience":490999,"relics_obtained":[{"floor":3.0,"key":"ReplayTheSpireMod:Ring of Exchange"},{"floor":3.0,"key":"Ring of Searing"},{"floor":6.0,"key":"Omamori"},{"floor":9.0,"key":"hermit:Horseshoe"},{"floor":11.0,"key":"Regal Pillow"},{"floor":13.0,"key":"Replay:Baseball"},{"floor":25.0,"key":"Frozen Egg 2"},{"floor":26.0,"key":"Replay:Bandana"}],"event_choices":[{"cards_removed":["Amnesia"],"damage_healed":0.0,"max_hp_gain":0.0,"max_hp_loss":0.0,"gold_gain":0.0,"event_name":"Living Wall","player_choice":"Forget","floor":4.0,"gold_loss":0.0,"damage_taken":0.0},{"damage_healed":0.0,"max_hp_gain":0.0,"max_hp_loss":0.0,"gold_gain":0.0,"event_name":"Lab","player_choice":"Got Potions","floor":28.0,"gold_loss":0.0,"damage_taken":0.0}],"is_beta":false,"boss_relics":[{"not_picked":["Cursed Key","Lee\u0027s Waffle"],"picked":"ReplayTheSpireMod:ShopPack"},{"not_picked":["Replay:Ancient Bell","Honey Jar"],"picked":"Empty Cage"}],"items_purged_floors":[5,19,36],"is_endless":false,"potions_floor_spawned":[2,6,7,13,16,24,25,27,33],"killed_by":"Spire Growth","ascension_level":0}}