{"host":"vyiqbz5w606ur92t","time":1611592871,"event":{"mods":["BaseMod","Downfall","Minty Spire (QoL Compilation)","StSLib"],"gold_per_floor":[99,99,99,99,118,152,152,52,67,67,81,92,121,271,286,286,286,286],"floor_reached":16,"language":"ENG","playtime":1155,"items_purged":[],"score":110,"play_id":"8e870388-5f27-43cb-a1f3-62a28964036a","local_time":"20210125164111","is_ascension_mode":false,"campfire_choices":[{"data":"bronze:Replicate","floor":1,"key":"SMITH"},{"data":"bronze:Return","floor":8,"key":"SMITH"},{"data":"bronze:MaxOutput","floor":10,"key":"SMITH"}],"circlet_count":0,"master_deck":["bronze:Strike","bronze:Strike","bronze:Strike","bronze:Strike","bronze:Defend","bronze:Defend","bronze:Defend","bronze:Defend","bronze:Replicate+1","bronze:Goto","bronze:MaxOutput+1","bronze:CutThrough","bronze:Spike","bronze:DazingPulse","bronze:CutThrough","bronze:Return+1","bronze:Overheat","bronze:Return","bronze:Invalidate","bronze:Philosophize","downfall:Icky","bronze:ForceShield"],"relics":["bronze:BronzeCore","downfall:HeartsMalice","Tiny Chest","Pocketwatch","downfall:HeartBlessingGreen","Question Card"],"acts_visited":["Exordium"],"potions_floor_usage":[9,13,16],"damage_taken":[{"damage":0,"enemies":"Jaw Worm","floor":2,"turns":1},{"damage":0,"enemies":"2 Louse","floor":3,"turns":1},{"damage":0,"enemies":"2 Louse","floor":4,"turns":1},{"damage":2,"enemies":"Small Slimes","floor":5,"turns":2},{"damage":25,"enemies":"Gremlin Nob","floor":6,"turns":4},{"damage":2,"enemies":"Gremlin Gang","floor":9,"turns":4},{"damage":6,"enemies":"Blue Slaver","floor":11,"turns":2},{"damage":3,"enemies":"2 Fungi Beasts","floor":12,"turns":3},{"damage":10,"enemies":"3 Sentries","floor":13,"turns":5},{"damage":0,"enemies":"Large Slime","floor":15,"turns":4},{"damage":27,"enemies":"SI_SHIV_ARCHETYPE","floor":16,"turns":3}],"seed_played":"-979607774770540163","potions_obtained":[{"floor":6,"key":"Block Potion"},{"floor":9,"key":"PowerPotion"},{"floor":11,"key":"FearPotion"},{"floor":12,"key":"LiquidMemories"},{"floor":13,"key":"Explosive Potion"}],"is_trial":false,"path_per_floor":["R","M","M","?","M","E","T","R","M","R","M","M","E","?","M","B"],"character_chosen":"THE_AUTOMATON","items_purchased":[],"campfire_rested":0,"item_purchase_floors":[],"current_hp_per_floor":[70,70,70,70,68,43,43,43,41,41,35,32,22,22,22,0,0,0],"gold":286,"neow_bonus":"THREE_ENEMY_KILL","is_daily":false,"chose_seed":false,"campfire_upgraded":3,"win_rate":0.0,"timestamp":1611592871,"path_taken":["R","M","M","?","M","E","T","R","M","R","M","M","E","?","M","BOSS"],"items_purchased_type":[],"build_version":"2020-12-22","purchased_purges":0,"victory":false,"max_hp_per_floor":[70,70,70,70,70,70,70,70,70,70,70,70,70,70,70,70,70,70],"card_choices":[{"not_picked":["bronze:ItsAFeature","bronze:BitShift"],"picked":"bronze:MaxOutput","floor":2},{"not_picked":["bronze:BuggyMess","bronze:Return"],"picked":"bronze:CutThrough","floor":3},{"not_picked":[],"picked":"bronze:Spike","floor":4},{"not_picked":[],"picked":"bronze:DazingPulse","floor":4},{"not_picked":["bronze:Flail","bronze:NullPointer"],"picked":"bronze:CutThrough","floor":4},{"not_picked":["bronze:ChosenStrike","bronze:Invalidate"],"picked":"bronze:Return","floor":5},{"not_picked":["bronze:Break","bronze:CloningBeam"],"picked":"bronze:Overheat","floor":6},{"not_picked":["bronze:Shield","bronze:ChildClass"],"picked":"bronze:Return","floor":9},{"not_picked":["bronze:OilSpill","bronze:DigitalCarnage"],"picked":"bronze:Invalidate","floor":11},{"not_picked":["bronze:Iterate","bronze:CloningBeam"],"picked":"bronze:Philosophize","floor":12},{"not_picked":["bronze:DelayedSlice","bronze:Break","bronze:Shield"],"picked":"SKIP","floor":13},{"not_picked":["bronze:DelayedGuard","bronze:BitShift","bronze:Deprecate"],"picked":"bronze:ForceShield","floor":15}],"player_experience":1053470,"relics_obtained":[{"floor":6,"key":"Tiny Chest"},{"floor":7,"key":"Pocketwatch"},{"floor":13,"key":"Question Card"}],"event_choices":[],"is_beta":false,"boss_relics":[],"items_purged_floors":[],"is_endless":false,"potions_floor_spawned":[6,9,11,12,13],"killed_by":"SI_SHIV_ARCHETYPE","ascension_level":0}}