{"host":"refsn2q8at3dn95k","time":1611544485,"event":{"mods":["BaseMod","Downfall","Hubris","Infinite Spire","Minty Spire (QoL Compilation)","Replay The Spire","StSLib","The Jungle"],"gold_per_floor":[113,113,113,123,123,150,160,160,187,187,218,218,231,245,245,349,349,361,361,376,376,396,410,424,439,465,476,491,511,525,550,550,650,650,660,674,674,689,704,739,273,308,356,356,388,402,402,420,420,420,420,420,14,43,43,43],"floor_reached":55,"language":"ENG","playtime":6088,"items_purged":["Pain","Strike_R","Strike_R"],"score":872,"play_id":"3e20f459-bae0-4bbf-8d7c-4c83f958f0b2","local_time":"20210124211445","is_ascension_mode":false,"campfire_choices":[{"data":"Immolate","floor":8,"key":"SMITH"},{"data":"Bash","floor":10,"key":"SMITH"},{"data":"Inflame","floor":12,"key":"SMITH"},{"floor":15,"key":"REST"},{"floor":32,"key":"RECALL"},{"floor":44,"key":"REST"},{"floor":47,"key":"REST"},{"data":"infinitespire:UltimateForm","floor":49,"key":"SMITH"},{"data":"ReplayTheSpireMod:Chaos Vortex","floor":52,"key":"SMITH"}],"circlet_count":0,"master_deck":["Strike_R","Strike_R","Strike_R","Defend_R","Defend_R+1","Defend_R","Defend_R+1","Bash+1","Immolate+1","Inflame+1","infinitespire:UltimateForm+1","ReplayTheSpireMod:Chaos Vortex+1","Reaper","Feed","Heavy Blade+1"],"relics":["Cracked Core","NeowsBlessing","infinitespire:Cubic Diamond","Ring of Misfortune","Ring of Panic","WarpedTongs","Potion Belt","Pocketwatch","infinitespire:Burning Sword","Orichalcum","Replay:Baseball","Bag of Marbles","hubris:Stopwatch","Orichalcum","King of Hearts","Snack Pack","Replay:Rubber Ducky","Nunchaku","Replay:Mystery Machine","War Paint","HandDrill","infinitespire:Lucky Rock"],"acts_visited":["Exordium","TheCity","TheBeyond","TheEnding"],"potions_floor_usage":[16,16,33,39,39,42,42,46,55,55,55,55],"damage_taken":[{"damage":0,"enemies":"Cultist","floor":1,"turns":1},{"damage":0,"enemies":"2 Louse","floor":4,"turns":1},{"damage":0,"enemies":"Gremlin Nob","floor":6,"turns":1},{"damage":0,"enemies":"Jaw Worm","floor":7,"turns":1},{"damage":10,"enemies":"3 Sentries","floor":11,"turns":4},{"damage":0,"enemies":"Gremlin Gang","floor":13,"turns":2},{"damage":3,"enemies":"Looter","floor":14,"turns":2},{"damage":14,"enemies":"Hexaghost","floor":16,"turns":6},{"damage":2,"enemies":"Shell Parasite","floor":18,"turns":2},{"damage":0,"enemies":"Chosen","floor":20,"turns":2},{"damage":0,"enemies":"Shelled Parasite and Fungi","floor":22,"turns":2},{"damage":8,"enemies":"Snake Plant","floor":23,"turns":2},{"damage":0,"enemies":"Centurion and Healer","floor":24,"turns":3},{"damage":0,"enemies":"3 Cultists","floor":25,"turns":1},{"damage":10,"enemies":"Snecko","floor":27,"turns":3},{"damage":0,"enemies":"Cultist and Chosen","floor":28,"turns":3},{"damage":0,"enemies":"Chosen and Byrds","floor":29,"turns":4},{"damage":0,"enemies":"3 Cultists","floor":30,"turns":1},{"damage":0,"enemies":"Slavers","floor":31,"turns":1},{"damage":19,"enemies":"hubris:MusketHawk","floor":33,"turns":5},{"damage":0,"enemies":"Orb Walker","floor":35,"turns":1},{"damage":0,"enemies":"3 Shapes","floor":36,"turns":3},{"damage":0,"enemies":"3 Darklings","floor":38,"turns":1},{"damage":16,"enemies":"Maw","floor":39,"turns":5},{"damage":16,"enemies":"Reptomancer","floor":40,"turns":5},{"damage":93,"enemies":"Nightmare","floor":42,"turns":7},{"damage":11,"enemies":"Reptomancer","floor":45,"turns":4},{"damage":13,"enemies":"Spire Growth","floor":46,"turns":4},{"damage":0,"enemies":"Jaw Worm Horde","floor":48,"turns":1},{"damage":12,"enemies":"infinitespire:MassOfShapes","floor":50,"turns":8},{"damage":16,"enemies":"Shield and Spear","floor":54,"turns":5},{"damage":104,"enemies":"The Heart","floor":55,"turns":6}],"seed_played":"-5772151952264146167","potions_obtained":[{"floor":11,"key":"Block Potion"},{"floor":13,"key":"BloodPotion"},{"floor":14,"key":"EssenceOfSteel"},{"floor":16,"key":"sneckomod:MuddlingPotion"},{"floor":18,"key":"Adrenaline Potion"},{"floor":22,"key":"SmokeBomb"},{"floor":29,"key":"Adrenaline Potion"},{"floor":30,"key":"LiquidBronze"},{"floor":33,"key":"champ:CounterPotion"},{"floor":38,"key":"BloodPotion"},{"floor":39,"key":"LiquidBronze"},{"floor":45,"key":"ColorlessPotion"},{"floor":48,"key":"sneckomod:MuddlingPotion"},{"floor":54,"key":"Swift Potion"}],"is_trial":false,"path_per_floor":["M","?","?","M","?","E","M","R","T","R","E","R","M","M","R","B",null,"M","AVR","M","?","M","M","M","M","T","M","M","M","M","E","R","B",null,"M","M","?","M","M","E","$","NM","T","R","E","M","R","M","R","B",null,"R","$","E","B"],"character_chosen":"IRONCLAD","items_purchased":["King of Hearts","Snack Pack","War Paint","HandDrill"],"campfire_rested":3,"item_purchase_floors":[41,41,53,53],"current_hp_per_floor":[80,80,80,80,80,80,80,80,80,80,70,70,70,67,80,66,80,78,78,78,78,78,70,80,80,80,80,80,80,80,80,80,61,80,80,84,84,84,84,73,73,31,31,58,49,68,92,92,92,87,92,92,92,76,0,0],"gold":43,"neow_bonus":"THREE_ENEMY_KILL","is_daily":false,"chose_seed":false,"campfire_upgraded":5,"win_rate":0.0,"timestamp":1611544485,"path_taken":["M","?","?","M","?","E","?","R","T","R","E","R","M","M","R","BOSS","M","AVR","M","?","M","M","M","M","T","M","M","M","?","E","R","BOSS","M","M","?","M","M","E","$","NM","T","R","E","M","R","M","R","BOSS","R","$","E","BOSS"],"items_purchased_type":["Relic","Relic","Relic","Relic"],"build_version":"2020-12-22","purchased_purges":3,"victory":false,"max_hp_per_floor":[80,80,80,80,80,80,80,80,80,80,80,80,80,80,80,80,80,80,80,80,80,80,80,80,80,80,80,80,80,80,80,80,80,80,80,84,84,84,84,84,84,92,92,92,92,92,92,92,92,92,92,92,92,92,92,92],"card_choices":[{"not_picked":["Replay:Undeath\u0027s Touch","Sword Boomerang","Iron Wave"],"picked":"SKIP","floor":1},{"not_picked":["Spot Weakness","Armaments","Shrug It Off"],"picked":"SKIP","floor":4},{"not_picked":["Replay:Undeath\u0027s Touch","hubris:ReadiedAction"],"picked":"Immolate","floor":6},{"not_picked":["Twin Strike","Dual Wield","Sword Boomerang"],"picked":"SKIP","floor":7},{"not_picked":["Wild Strike","Disarm"],"picked":"Inflame","floor":11},{"not_picked":["ReplayTheSpireMod:LeadingStrike","Twin Strike","Clothesline"],"picked":"SKIP","floor":13},{"not_picked":["Armaments","Cleave","Body Slam"],"picked":"SKIP","floor":14},{"not_picked":["Clash","Iron Wave","hubris:ReadiedAction"],"picked":"SKIP","floor":18},{"not_picked":["Dark Embrace","Perfected Strike","Armaments"],"picked":"SKIP","floor":20},{"not_picked":["Armaments","Run Through+1","Iron Wave"],"picked":"SKIP","floor":22},{"not_picked":["ReplayTheSpireMod:Stacked","True Grit"],"picked":"Reaper","floor":23},{"not_picked":["Iron Wave","Hemokinesis+1","Havoc"],"picked":"SKIP","floor":24},{"not_picked":["Carnage+1","Clothesline","Massacre+1"],"picked":"SKIP","floor":25},{"not_picked":["Evolve","Spot Weakness","ReplayTheSpireMod:Limb From Limb+1"],"picked":"SKIP","floor":27},{"not_picked":["ReplayTheSpireMod:Strike From Hell","ReplayTheSpireMod:Limb From Limb+1","Power Through"],"picked":"SKIP","floor":28},{"not_picked":["Armaments+1","Thunderclap+1","hubris:SharpeningStone"],"picked":"SKIP","floor":29},{"not_picked":["Seeing Red","Headbutt","ReplayTheSpireMod:Corrosion Curse+1"],"picked":"SKIP","floor":30},{"not_picked":["Havoc","Sword Boomerang","Burning Pact"],"picked":"SKIP","floor":31},{"not_picked":["Eclipse","Immolate"],"picked":"Feed","floor":33},{"not_picked":["Flex+1","Body Slam","Replay:Undeath\u0027s Touch"],"picked":"SKIP","floor":35},{"not_picked":["Armaments+1","Perfected Strike+1","Flex"],"picked":"SKIP","floor":36},{"not_picked":["Ghostly Armor","Whirlwind+1","Armaments"],"picked":"SKIP","floor":38},{"not_picked":["Fiend Fire","Uppercut","Clash"],"picked":"SKIP","floor":39},{"not_picked":["Perfected Strike+1","Pommel Strike+1","Blood for Blood+1"],"picked":"SKIP","floor":40},{"not_picked":["Wild Strike+1","Armaments","Headbutt+1"],"picked":"SKIP","floor":42},{"not_picked":["Twin Strike+1","hubris:ReadiedAction","Replay:Undeath\u0027s Touch+1"],"picked":"SKIP","floor":45},{"not_picked":["Disarm+1","Wild Strike+1","Burning Pact+1"],"picked":"SKIP","floor":46},{"not_picked":["Clash+1","hubris:ReadiedAction"],"picked":"Heavy Blade+1","floor":48},{"not_picked":["ReplayTheSpireMod:LeadingStrike","Sword Boomerang","Life Link"],"picked":"SKIP","floor":54}],"player_experience":1715980,"relics_obtained":[{"floor":3,"key":"Ring of Misfortune"},{"floor":3,"key":"Ring of Panic"},{"floor":6,"key":"Potion Belt"},{"floor":11,"key":"Pocketwatch"},{"floor":26,"key":"Replay:Baseball"},{"floor":31,"key":"Bag of Marbles"},{"floor":40,"key":"Orichalcum"},{"floor":42,"key":"Replay:Rubber Ducky"},{"floor":43,"key":"Nunchaku"},{"floor":45,"key":"Replay:Mystery Machine"},{"floor":54,"key":"infinitespire:Lucky Rock"}],"event_choices":[{"damage_healed":0,"gold_gain":0,"player_choice":"Rummage","damage_taken":0,"relics_obtained":["WarpedTongs"],"max_hp_gain":0,"max_hp_loss":0,"event_name":"Accursed Blacksmith","floor":5,"gold_loss":0,"cards_obtained":["Pain"]},{"cards_removed":["Replay:Hysterical Blindness"],"damage_healed":0,"gold_gain":0,"player_choice":"Purged","damage_taken":0,"max_hp_gain":0,"max_hp_loss":0,"event_name":"Purifier","floor":21,"gold_loss":0},{"damage_healed":0,"gold_gain":0,"player_choice":"Ignored","damage_taken":0,"max_hp_gain":0,"max_hp_loss":0,"event_name":"NoteForYourself","floor":37,"gold_loss":0}],"is_beta":false,"boss_relics":[{"not_picked":["Replay:Wanted Poster","ReplayTheSpireMod:SealedPack"],"picked":"infinitespire:Burning Sword"},{"not_picked":["bronze:MakeshiftBattery","hubris:BlackHole"],"picked":"hubris:Stopwatch"}],"items_purged_floors":[19,41,53],"is_endless":false,"potions_floor_spawned":[11,13,14,16,18,22,29,30,33,38,39,45,48,54],"killed_by":"The Heart","ascension_level":0}}