{"host":"3a1ypf1irl30q4k8","time":1611561627,"event":{"mods":["AchievementEnabler","BaseMod","Bestiary","Colored Map","Minty Spire (QoL Compilation)","Relic Stats"],"gold_per_floor":[119,119,138,11,36,71,71,96,175,218,231,256,270,78,78,203,203,228,228,238,95,95,127,127,127,127],"floor_reached":25,"language":"ENG","playtime":1277,"items_purged":["Pain"],"score":280,"play_id":"a8790e80-bbc2-4fce-94fd-8a4e8c83d7fe","local_time":"20210125080027","is_ascension_mode":true,"campfire_choices":[{"data":"Bash","floor":7.0,"key":"SMITH"},{"data":"Power Through","floor":15.0,"key":"SMITH"},{"data":"Power Through","floor":24,"key":"SMITH"}],"circlet_count":0,"master_deck":["Strike_R","Strike_R","Strike_R","Defend_R","Defend_R","Defend_R","Defend_R","Bash+1","Perfected Strike","Headbutt","Pommel Strike","Thunderclap","Combust","Clothesline","Shrug It Off","Immolate","Battle Trance","Power Through+1","Evolve","Impervious","Rage+1","Power Through+1"],"relics":["Burning Blood","Bloody Idol","Gambling Chip","Kunai","Red Skull","Medical Kit","Empty Cage","ClockworkSouvenir","Toy Ornithopter"],"acts_visited":["Exordium","TheCity"],"potions_floor_usage":[23,25],"damage_taken":[{"damage":18.0,"enemies":"Small Slimes","floor":1.0,"turns":3.0},{"damage":2.0,"enemies":"2 Louse","floor":3.0,"turns":3.0},{"damage":14.0,"enemies":"Jaw Worm","floor":5.0,"turns":3.0},{"damage":35.0,"enemies":"3 Sentries","floor":6.0,"turns":7.0},{"damage":4.0,"enemies":"2 Fungi Beasts","floor":8.0,"turns":3.0},{"damage":21.0,"enemies":"Gremlin Nob","floor":10.0,"turns":4.0},{"damage":9.0,"enemies":"Blue Slaver","floor":11.0,"turns":2.0},{"damage":0.0,"enemies":"3 Louse","floor":12.0,"turns":1.0},{"damage":0.0,"enemies":"Large Slime","floor":13.0,"turns":2.0},{"damage":42.0,"enemies":"Hexaghost","floor":16.0,"turns":10.0},{"damage":27.0,"enemies":"Chosen","floor":18.0,"turns":6.0},{"damage":28,"enemies":"Spheric Guardian","floor":20,"turns":5},{"damage":32,"enemies":"Slavers","floor":23,"turns":4},{"damage":40,"enemies":"Book of Stabbing","floor":25,"turns":4}],"seed_played":"-3102203465858892979","potions_obtained":[{"floor":5.0,"key":"AttackPotion"},{"floor":6.0,"key":"EssenceOfSteel"},{"floor":12.0,"key":"SteroidPotion"},{"floor":18,"key":"PowerPotion"},{"floor":23,"key":"LiquidMemories"}],"is_trial":false,"path_per_floor":["M","?","M","$","M","E","R","M","T","E","M","M","M","$","R","B",null,"M","?","M","$","?","E","R","E"],"character_chosen":"IRONCLAD","items_purchased":["Pommel Strike","Medical Kit","Evolve","ClockworkSouvenir"],"campfire_rested":0,"item_purchase_floors":[4,14,14,21],"current_hp_per_floor":[84,84,88,88,80,51,51,53,53,38,35,41,47,47,47,11,89,68,68,51,51,51,30,30,0,0],"gold":127,"neow_bonus":"TWENTY_PERCENT_HP_BONUS","is_daily":false,"chose_seed":false,"campfire_upgraded":3,"win_rate":0.0,"timestamp":1611561627,"path_taken":["M","?","M","$","M","E","R","M","T","E","M","M","M","$","R","BOSS","M","?","M","$","?","E","R","E"],"items_purchased_type":["Card","Relic","Card","Relic"],"build_version":"2020-12-22","purchased_purges":1,"victory":false,"max_hp_per_floor":[96,89,89,89,89,89,89,89,89,89,89,89,89,89,89,89,89,89,89,89,89,89,89,89,89,89],"relic_stats":{"counters":[14,57],"Bloody Idol":10,"Gambling Chip":[27],"Kunai":[4],"Medical Kit":[18],"obtain_stats":[{"Golden Idol":2,"Gambling Chip":6,"Bloody Idol":19,"Kunai":9,"Medical Kit":14,"Empty Cage":17,"Burning Blood":0,"Red Skull":10,"Toy Ornithopter":23,"ClockworkSouvenir":21},{"Golden Idol":1,"Gambling Chip":4,"Bloody Idol":11,"Kunai":5,"Medical Kit":9,"Empty Cage":10,"Burning Blood":0,"Red Skull":6,"Toy Ornithopter":13,"ClockworkSouvenir":12},{"Golden Idol":3,"Gambling Chip":16,"Bloody Idol":44,"Kunai":19,"Medical Kit":28,"Empty Cage":38,"Burning Blood":0,"Red Skull":23,"Toy Ornithopter":53,"ClockworkSouvenir":49}],"Burning Blood":78,"Toy Ornithopter":5},"card_choices":[{"not_picked":["Metallicize","Flex"],"picked":"Perfected Strike","floor":1.0},{"not_picked":["Warcry","Twin Strike"],"picked":"Headbutt","floor":3.0},{"not_picked":["Heavy Blade","Body Slam"],"picked":"Thunderclap","floor":5.0},{"not_picked":["Havoc","Twin Strike"],"picked":"Combust","floor":6.0},{"not_picked":["Body Slam","True Grit"],"picked":"Clothesline","floor":8.0},{"not_picked":["Rampage","Armaments"],"picked":"Shrug It Off","floor":10.0},{"not_picked":["True Grit","Headbutt"],"picked":"Immolate","floor":11.0},{"not_picked":["Twin Strike","Perfected Strike"],"picked":"Battle Trance","floor":12.0},{"not_picked":["Flex","Body Slam"],"picked":"Power Through","floor":13.0},{"not_picked":["Brutality","Bludgeon"],"picked":"Impervious","floor":16.0},{"not_picked":["Cleave","Clothesline","Body Slam"],"picked":"SKIP","floor":18},{"not_picked":["Shrug It Off","Intimidate"],"picked":"Rage+1","floor":20},{"not_picked":["Whirlwind+1","Searing Blow"],"picked":"Power Through","floor":23}],"player_experience":1195557,"relics_obtained":[{"floor":6.0,"key":"Gambling Chip"},{"floor":9.0,"key":"Kunai"},{"floor":10.0,"key":"Red Skull"},{"floor":23,"key":"Toy Ornithopter"}],"event_choices":[{"damage_healed":0.0,"max_hp_gain":0.0,"max_hp_loss":7.0,"gold_gain":0.0,"event_name":"Golden Idol","player_choice":"Lose Max HP","floor":2.0,"gold_loss":0.0,"damage_taken":0.0,"relics_obtained":["Golden Idol"]},{"damage_healed":0,"gold_gain":0,"player_choice":"Gave Idol","damage_taken":0,"relics_obtained":["Bloody Idol"],"max_hp_gain":0,"max_hp_loss":0,"event_name":"Forgotten Altar","floor":19,"relics_lost":["Golden Idol"],"gold_loss":0},{"damage_healed":0,"gold_gain":0,"player_choice":"Ignored","damage_taken":0,"max_hp_gain":0,"max_hp_loss":0,"event_name":"Vampires","floor":22,"gold_loss":0}],"is_beta":false,"boss_relics":[{"not_picked":["Black Star","Busted Crown"],"picked":"Empty Cage"}],"items_purged_floors":[4],"is_endless":false,"potions_floor_spawned":[5,6,12,18,23],"killed_by":"Book of Stabbing","ascension_level":4}}