{"host":"uv231blk40vjdojr","time":1611587806,"event":{"mods":["AchievementEnabler","BaseMod","Bestiary","Minty Spire (QoL Compilation)","Relic Stats"],"gold_per_floor":[119,134,153,153,11,11,49,49,95,129,152,11,11,11,11,104,104,127,127,127,143,143,143],"floor_reached":22,"language":"ENG","playtime":1021,"items_purged":[],"score":459,"play_id":"82090c0d-a552-44a3-a213-305a79484de0","local_time":"20210125161646","is_ascension_mode":true,"campfire_choices":[{"data":"Poisoned Stab","floor":6,"key":"SMITH"},{"data":"Dagger Spray","floor":8,"key":"SMITH"},{"data":"Blade Dance","floor":13,"key":"SMITH"},{"data":"Footwork","floor":15,"key":"SMITH"}],"circlet_count":0,"master_deck":["AscendersBane","Defend_G","Defend_G","Defend_G","Defend_G","Defend_G","Survivor","Neutralize","Sucker Punch","Blur","Masterful Stab","Poisoned Stab+1","Footwork+1","Dagger Spray+1","Cloak And Dagger","Wraith Form v2","Blade Dance+1","After Image","PiercingWail+1","Bite","Bite","Bite","Bite","Bite","Acrobatics"],"relics":["Ring of the Snake","Golden Idol","Happy Flower","Pen Nib","Art of War","Empty Cage","Nilry\u0027s Codex"],"acts_visited":["Exordium","TheCity"],"potions_floor_usage":[3,7,10,10,16],"damage_taken":[{"damage":14,"enemies":"Jaw Worm","floor":1,"turns":7},{"damage":4,"enemies":"Small Slimes","floor":2,"turns":7},{"damage":0,"enemies":"Cultist","floor":3,"turns":3},{"damage":0,"enemies":"3 Sentries","floor":7,"turns":7},{"damage":15,"enemies":"Lagavulin","floor":10,"turns":6},{"damage":1,"enemies":"Lots of Slimes","floor":11,"turns":3},{"damage":7,"enemies":"Hexaghost","floor":16,"turns":11},{"damage":8,"enemies":"Shell Parasite","floor":18,"turns":7},{"damage":19,"enemies":"Chosen","floor":21,"turns":5},{"damage":15,"enemies":"Shelled Parasite and Fungi","floor":22,"turns":5}],"seed_played":"-2227254972308151812","potions_obtained":[{"floor":0,"key":"EntropicBrew"},{"floor":0,"key":"Energy Potion"},{"floor":3,"key":"PowerPotion"},{"floor":11,"key":"SteroidPotion"}],"is_trial":false,"path_per_floor":["M","M","M","?","$","R","E","R","T","E","M","$","R","$","R","B",null,"M","?","?","M","M"],"character_chosen":"THE_SILENT","items_purchased":["Poisoned Stab","Footwork","Blade Dance","LiquidBronze"],"campfire_rested":0,"item_purchase_floors":[5,5,12,12],"current_hp_per_floor":[45,41,41,41,41,41,41,41,41,26,25,25,25,25,25,18,50,42,42,21,10,0,0],"gold":143,"neow_bonus":"THREE_SMALL_POTIONS","is_daily":false,"chose_seed":false,"campfire_upgraded":4,"win_rate":0.0,"timestamp":1611587806,"path_taken":["M","M","M","?","$","R","E","R","T","E","M","$","R","?","R","BOSS","M","?","?","M","M"],"items_purchased_type":["Card","Card","Card","Potion"],"build_version":"2020-12-22","purchased_purges":0,"victory":false,"max_hp_per_floor":[66,66,66,60,60,60,60,60,60,60,60,60,60,60,60,60,60,60,42,42,42,42,42],"relic_stats":{"Happy Flower":[12],"counters":[10,61],"Golden Idol":47,"Pen Nib":[9],"Art of War":[3],"obtain_stats":[{"Happy Flower":7,"Golden Idol":4,"Nilry\u0027s Codex":20,"Pen Nib":9,"Art of War":10,"Empty Cage":17,"Ring of the Snake":0},{"Happy Flower":4,"Golden Idol":3,"Nilry\u0027s Codex":8,"Pen Nib":4,"Art of War":5,"Empty Cage":7,"Ring of the Snake":0},{"Happy Flower":24,"Golden Idol":17,"Nilry\u0027s Codex":51,"Pen Nib":24,"Art of War":30,"Empty Cage":44,"Ring of the Snake":0}],"Ring of the Snake":[20]},"card_choices":[{"not_picked":["PiercingWail","Masterful Stab"],"picked":"Sucker Punch","floor":1},{"not_picked":["Deflect","Catalyst"],"picked":"Blur","floor":2},{"not_picked":["Slice","Distraction"],"picked":"Masterful Stab","floor":3},{"not_picked":["Outmaneuver","Poisoned Stab"],"picked":"Dagger Spray","floor":7},{"not_picked":["Tactician","Backflip"],"picked":"Cloak And Dagger","floor":10},{"not_picked":["Slice","Underhanded Strike"],"picked":"Wraith Form v2","floor":11},{"not_picked":["Unload","Adrenaline"],"picked":"After Image","floor":16},{"not_picked":["Masterful Stab+1","Eviscerate"],"picked":"PiercingWail+1","floor":18},{"not_picked":["Bane+1","Prepared"],"picked":"Acrobatics","floor":21}],"player_experience":720958,"relics_obtained":[{"floor":7,"key":"Happy Flower"},{"floor":9,"key":"Pen Nib"},{"floor":10,"key":"Art of War"},{"floor":20,"key":"Nilry\u0027s Codex"}],"event_choices":[{"damage_healed":0,"gold_gain":0,"player_choice":"Lose Max HP","damage_taken":0,"relics_obtained":["Golden Idol"],"max_hp_gain":0,"max_hp_loss":6,"event_name":"Golden Idol","floor":4,"gold_loss":0},{"damage_healed":0,"gold_gain":0,"player_choice":"Became a vampire","damage_taken":0,"max_hp_gain":0,"max_hp_loss":18,"event_name":"Vampires","floor":19,"gold_loss":0,"cards_obtained":["Bite","Bite","Bite","Bite","Bite"]},{"damage_healed":0,"gold_gain":0,"player_choice":"Obtained Book","damage_taken":21,"max_hp_gain":0,"max_hp_loss":0,"event_name":"Cursed Tome","floor":20,"gold_loss":0}],"is_beta":false,"boss_relics":[{"not_picked":["Ectoplasm","SlaversCollar"],"picked":"Empty Cage"}],"items_purged_floors":[],"is_endless":false,"potions_floor_spawned":[3,11],"killed_by":"Shelled Parasite and Fungi","ascension_level":20}}