{"host":"bpkhhmvsfrvlto2l","time":1611586924,"event":{"mods":["2.2 Compatiblity","AchievementEnabler","Act Like it!","AlwaysNeverKeys","Aspiration","BaseMod","Better Silent Start","Challenge The Spire","Colored Map","Colored Powertips","Custom Start","Energized Spire","Friendly Minions","GifTheSpireLib","Halation","Hubris","Infinite Spire","Ironclad Rager","Mimic Mod","Minty Spire (QoL Compilation)","Permanent Neow","Quick Restart","Random Character Button","Relic Sorter","Replay The Spire","Spikes Relics","StSLib","Stuff the Spire","Swap Starting Deck Mod","Trackpad"],"gold_per_floor":[116,116,466,478,255,255,255,255,291,304,304,335,355,385,385,385,385],"floor_reached":16,"language":"ENG","playtime":512,"items_purged":["hubris:Gluttony"],"score":162,"play_id":"476c72d1-b1fc-4a81-a39c-1b6fb7b5393e","local_time":"20210125100204","is_ascension_mode":true,"campfire_choices":[{"data":"Zap","floor":6,"key":"SMITH"},{"data":"Dualcast","floor":8,"key":"SMITH"},{"floor":15,"key":"REST"}],"circlet_count":0,"master_deck":["AscendersBane","Strike_B+1","Strike_B","Strike_B+1","Strike_B","Defend_B","Defend_B","Defend_B","Defend_B","Zap+1","Dualcast+1","Gash","Decay","Injury","Ball Lightning","Electrodynamics","CommonCold"],"relics":["Cracked Core","halation:PinkSoulGem","Ring of Peace","Ring of Greed","Old Coin","Blue Doll","Whetstone","Toxic Egg 2","Pet Ghost","Turnip","Pantograph"],"acts_visited":["Exordium"],"potions_floor_usage":[14],"damage_taken":[{"damage":2,"enemies":"Jaw Worm","floor":1,"turns":3},{"damage":4,"enemies":"2 Louse","floor":4,"turns":3},{"damage":14,"enemies":"infinitespire:Voidling","floor":9,"turns":8},{"damage":9,"enemies":"infinitespire:Voidling","floor":10,"turns":4},{"damage":17,"enemies":"Lagavulin","floor":12,"turns":4},{"damage":4,"enemies":"3 Louse","floor":13,"turns":4},{"damage":14,"enemies":"Gremlin Nob","floor":14,"turns":4},{"damage":68,"enemies":"Hexaghost","floor":16,"turns":9}],"seed_played":"-6849465021028050622","potions_obtained":[{"floor":1,"key":"SkillPotion"}],"is_trial":false,"path_per_floor":["M","?","?","M","$","R","?","R","MIM","M","?","E","M","E","R","B"],"character_chosen":"DEFECT","items_purchased":["Whetstone"],"campfire_rested":1,"item_purchase_floors":[5],"current_hp_per_floor":[66,66,66,62,62,62,62,62,48,48,56,39,35,21,43,0,0],"gold":385,"neow_bonus":"RANDOM_EVENT","is_daily":false,"chose_seed":false,"campfire_upgraded":2,"win_rate":0.0,"timestamp":1611586924,"path_taken":["M","?","?","M","$","R","?","R","MIM","M","?","E","M","E","R","BOSS"],"items_purchased_type":["Relic"],"build_version":"2020-12-22","purchased_purges":1,"victory":false,"max_hp_per_floor":[75,75,75,75,75,75,75,75,75,75,75,75,75,75,75,75,75],"card_choices":[{"not_picked":["Coolheaded","StuffTheSpire:Plugnplay","Rebound"],"picked":"SKIP","floor":4},{"not_picked":["Streamline","Hologram+1"],"picked":"Ball Lightning","floor":10},{"not_picked":["Barrage","Steam+1"],"picked":"Electrodynamics","floor":12}],"player_experience":106881,"relics_obtained":[{"floor":3,"key":"Ring of Peace"},{"floor":3,"key":"Ring of Greed"},{"floor":3,"key":"Old Coin"},{"floor":3,"key":"Blue Doll"},{"floor":9,"key":"Pet Ghost"},{"floor":12,"key":"Turnip"},{"floor":14,"key":"Pantograph"}],"event_choices":[],"is_beta":false,"boss_relics":[],"items_purged_floors":[5],"is_endless":false,"potions_floor_spawned":[1,13],"killed_by":"Hexaghost","ascension_level":10}}