{"host":"dhlnk6yox2l1s6up","time":1611542427,"event":{"mods":["BaseMod","Colored Map","Highlight Path","Minty Spire (QoL Compilation)","Relic Stats","StSLib"],"gold_per_floor":[110,128,128,147,158,158,178,188,214,243,260,278,304,304,304,403,403,403,403,403,403,403,403,403,403,403,403,98,98,98,98,98,98,98,98,98,98,98,58,58,58,58,58,58,58,58,58,58,58,58,58,58,10,10,10],"floor_reached":56,"language":"ENG","playtime":20992,"items_purged":[],"score":1770,"play_id":"9b708af4-bdd5-43a8-bdef-4b9f6c1c2fad","local_time":"20210124204027","is_ascension_mode":true,"campfire_choices":[{"data":"Barrage","floor":6.0,"key":"SMITH"},{"floor":15.0,"key":"REST"},{"data":"Sweeping Beam","floor":32.0,"key":"SMITH"},{"floor":41.0,"key":"RECALL"},{"floor":47.0,"key":"REST"},{"data":"Skim","floor":49.0,"key":"SMITH"},{"data":"White Noise","floor":52.0,"key":"SMITH"}],"circlet_count":0,"master_deck":["Defend_B+1","Defend_B","Defend_B","Zap","Dualcast+1","Echo Form","Barrage+1","Cold Snap","Glacier+1","White Noise+1","Ball Lightning","Beam Cell","Conserve Battery","Aggregate+1","Machine Learning","Ball Lightning","Bite","Bite","Bite","Transmutation","Flash of Steel","Go for the Eyes","Skim+1","Defragment+1","Skim","Beam Cell+1","Genetic Algorithm+1","Sweeping Beam+1","Echo Form","Madness","Madness","Ball Lightning+1","Compile Driver+1","Stack+1"],"relics":["Cracked Core","War Paint","PreservedInsect","Orichalcum","Ectoplasm","Akabeko","DataDisk","Ancient Tea Set","Art of War","ClockworkSouvenir","Oddly Smooth Stone","Dream Catcher","Busted Crown","Bird Faced Urn","CeramicFish","Regal Pillow","Mummified Hand","Bag of Preparation","Pear"],"acts_visited":["Exordium","TheCity","TheBeyond","TheEnding"],"potions_floor_usage":[55,55,55],"damage_taken":[{"damage":6.0,"enemies":"2 Louse","floor":1.0,"turns":3.0},{"damage":6.0,"enemies":"Cultist","floor":2.0,"turns":4.0},{"damage":5.0,"enemies":"Small Slimes","floor":4.0,"turns":4.0},{"damage":6.0,"enemies":"2 Fungi Beasts","floor":5.0,"turns":4.0},{"damage":9.0,"enemies":"Blue Slaver","floor":7.0,"turns":4.0},{"damage":7.0,"enemies":"Large Slime","floor":8.0,"turns":4.0},{"damage":10.0,"enemies":"Gremlin Nob","floor":10.0,"turns":3.0},{"damage":15.0,"enemies":"Gremlin Gang","floor":11.0,"turns":4.0},{"damage":0.0,"enemies":"Exordium Wildlife","floor":12.0,"turns":3.0},{"damage":6.0,"enemies":"Lagavulin","floor":13.0,"turns":6.0},{"damage":8.0,"enemies":"Hexaghost","floor":16.0,"turns":8.0},{"damage":4.0,"enemies":"Chosen","floor":18.0,"turns":3.0},{"damage":4.0,"enemies":"Shell Parasite","floor":19.0,"turns":5.0},{"damage":30.0,"enemies":"Shelled Parasite and Fungi","floor":22.0,"turns":14.0},{"damage":16.0,"enemies":"Book of Stabbing","floor":23.0,"turns":4.0},{"damage":0.0,"enemies":"Snake Plant","floor":24.0,"turns":5.0},{"damage":12.0,"enemies":"Gremlin Leader","floor":25.0,"turns":6.0},{"damage":18.0,"enemies":"Slavers","floor":27.0,"turns":6.0},{"damage":0.0,"enemies":"Snecko","floor":29.0,"turns":3.0},{"damage":11.0,"enemies":"Gremlin Leader","floor":30.0,"turns":6.0},{"damage":0.0,"enemies":"Centurion and Healer","floor":31.0,"turns":5.0},{"damage":16.0,"enemies":"Automaton","floor":33.0,"turns":11.0},{"damage":0.0,"enemies":"Orb Walker","floor":35.0,"turns":3.0},{"damage":0.0,"enemies":"3 Shapes","floor":36.0,"turns":7.0},{"damage":38.0,"enemies":"2 Orb Walkers","floor":38.0,"turns":6.0},{"damage":0.0,"enemies":"Giant Head","floor":40.0,"turns":5.0},{"damage":18.0,"enemies":"Reptomancer","floor":42.0,"turns":6.0},{"damage":50.0,"enemies":"Giant Head","floor":44.0,"turns":7.0},{"damage":0.0,"enemies":"Transient","floor":45.0,"turns":5.0},{"damage":27.0,"enemies":"Nemesis","floor":46.0,"turns":5.0},{"damage":3.0,"enemies":"Writhing Mass","floor":48.0,"turns":5.0},{"damage":62.0,"enemies":"Donu and Deca","floor":50.0,"turns":10.0},{"damage":50.0,"enemies":"Shield and Spear","floor":54.0,"turns":15.0},{"damage":69,"enemies":"The Heart","floor":55,"turns":12}],"seed_played":"8937064175451641889","potions_obtained":[{"floor":2.0,"key":"EntropicBrew"},{"floor":4.0,"key":"BlessingOfTheForge"},{"floor":5.0,"key":"AttackPotion"},{"floor":12.0,"key":"ColorlessPotion"},{"floor":16.0,"key":"AttackPotion"},{"floor":19.0,"key":"ColorlessPotion"},{"floor":25.0,"key":"Energy Potion"},{"floor":29.0,"key":"BlessingOfTheForge"},{"floor":33.0,"key":"Swift Potion"},{"floor":36.0,"key":"FearPotion"},{"floor":38.0,"key":"SkillPotion"},{"floor":39.0,"key":"Ancient Potion"},{"floor":39.0,"key":"SteroidPotion"},{"floor":39.0,"key":"ColorlessPotion"},{"floor":40.0,"key":"DuplicationPotion"},{"floor":44.0,"key":"CultistPotion"},{"floor":48.0,"key":"FocusPotion"}],"is_trial":false,"path_per_floor":["M","M","?","M","M","R","M","M","T","E","M","M","E","?","R","B",null,"M","M","?","?","M","E","M","E","T","E","$","M","E","M","R","B",null,"M","M","?","?","?","E","R","E","T","E","M","E","R","M","R","B",null,"R","$","E","B",null],"character_chosen":"DEFECT","items_purchased":["ClockworkSouvenir","Oddly Smooth Stone","FocusPotion"],"campfire_rested":2,"item_purchase_floors":[28,28,53],"current_hp_per_floor":[62,56,75,70,64,64,55,48,48,38,23,23,17,2,24,16,60,56,52,52,52,50,42,50,52,52,42,42,46,48,52,52,52,52,52,52,45,15,15,41,41,43,43,2,32,17,47,52,52,16,43,43,43,47,42],"gold":10,"neow_bonus":"TRANSFORM_CARD","is_daily":false,"chose_seed":false,"campfire_upgraded":4,"win_rate":0.0,"timestamp":1611542427,"path_taken":["M","M","?","M","?","R","M","M","T","E","M","M","E","?","R","BOSS","M","M","?","?","M","E","M","E","T","E","?","M","E","M","R","BOSS","M","M","?","?","?","E","R","E","T","E","M","E","R","M","R","BOSS","R","$","E","BOSS"],"items_purchased_type":["Relic","Relic","Potion"],"build_version":"2020-12-22","purchased_purges":0,"victory":true,"max_hp_per_floor":[75,75,75,75,75,75,75,75,75,75,75,75,75,75,75,75,75,75,75,52,52,52,52,52,52,52,52,52,52,52,52,52,52,52,52,52,52,52,52,52,52,52,52,52,52,52,52,52,52,52,52,52,52,62,62],"relic_stats":{"Regal Pillow":15,"counters":[34,201],"CeramicFish":0,"PreservedInsect":669,"Bag of Preparation":[8],"War Paint":["Dualcast","Glacier"],"Orichalcum":[138],"Dream Catcher":1,"Busted Crown":22,"Mummified Hand":[33],"Bird Faced Urn":[100],"Ectoplasm":707,"Art of War":[7],"obtain_stats":[{"Regal Pillow":42,"Pear":54,"CeramicFish":40,"Oddly Smooth Stone":28,"PreservedInsect":10,"Bag of Preparation":46,"War Paint":9,"Orichalcum":13,"Ancient Tea Set":26,"Akabeko":23,"ClockworkSouvenir":28,"DataDisk":25,"Dream Catcher":30,"Busted Crown":34,"Mummified Hand":44,"Bird Faced Urn":38,"Ectoplasm":17,"Art of War":27,"Cracked Core":0},{"Regal Pillow":27,"Pear":33,"CeramicFish":26,"Oddly Smooth Stone":18,"PreservedInsect":7,"Bag of Preparation":30,"War Paint":6,"Orichalcum":10,"Ancient Tea Set":17,"Akabeko":15,"ClockworkSouvenir":18,"DataDisk":17,"Dream Catcher":20,"Busted Crown":22,"Mummified Hand":28,"Bird Faced Urn":25,"Ectoplasm":11,"Art of War":18,"Cracked Core":0},{"Regal Pillow":142,"Pear":189,"CeramicFish":136,"Oddly Smooth Stone":90,"PreservedInsect":26,"Bag of Preparation":159,"War Paint":23,"Orichalcum":39,"Ancient Tea Set":84,"Akabeko":73,"ClockworkSouvenir":90,"DataDisk":84,"Dream Catcher":99,"Busted Crown":115,"Mummified Hand":149,"Bird Faced Urn":131,"Ectoplasm":47,"Art of War":90,"Cracked Core":0}]},"card_choices":[{"not_picked":["Go for the Eyes","Conserve Battery"],"picked":"Barrage","floor":1.0},{"not_picked":["Heatsinks","Ball Lightning"],"picked":"Cold Snap","floor":2.0},{"not_picked":["Genetic Algorithm","Sunder"],"picked":"Glacier","floor":4.0},{"not_picked":["Storm","Redo","Streamline"],"picked":"SKIP","floor":5.0},{"not_picked":["Sweeping Beam","Redo"],"picked":"White Noise","floor":7.0},{"not_picked":["Aggregate","Force Field"],"picked":"Ball Lightning","floor":8.0},{"not_picked":["Fusion","Buffer"],"picked":"Beam Cell","floor":10.0},{"not_picked":["Streamline","Go for the Eyes"],"picked":"Conserve Battery","floor":11.0},{"not_picked":["Stack","Steam Power"],"picked":"Aggregate","floor":12.0},{"not_picked":["Echo Form","Rebound","Glacier"],"picked":"SKIP","floor":13.0},{"not_picked":["Echo Form","Amplify"],"picked":"Machine Learning","floor":16.0},{"not_picked":["Sunder","Ball Lightning","Rebound+1"],"picked":"SKIP","floor":18.0},{"not_picked":["Scrape","Gash"],"picked":"Ball Lightning","floor":19.0},{"not_picked":["Cold Snap","Barrage"],"picked":"Go for the Eyes","floor":22.0},{"not_picked":["Hologram","Cold Snap"],"picked":"Skim","floor":23.0},{"not_picked":["Leap+1","Turbo"],"picked":"Defragment+1","floor":24.0},{"not_picked":["Barrage","BootSequence"],"picked":"Skim","floor":25.0},{"not_picked":["Rainbow","Gash"],"picked":"Beam Cell+1","floor":27.0},{"not_picked":["Turbo","Conserve Battery","Aggregate"],"picked":"SKIP","floor":29.0},{"not_picked":["Chaos","Gash"],"picked":"Genetic Algorithm+1","floor":30.0},{"not_picked":["Heatsinks+1","Self Repair"],"picked":"Sweeping Beam","floor":31.0},{"not_picked":["Buffer","Thunder Strike"],"picked":"Echo Form","floor":33.0},{"not_picked":["Cold Snap+1"],"picked":"SKIP","floor":35.0},{"not_picked":["Cold Snap"],"picked":"SKIP","floor":36.0},{"not_picked":[],"picked":"Ball Lightning+1","floor":40.0},{"not_picked":["Scrape+1"],"picked":"SKIP","floor":42.0},{"not_picked":["Sweeping Beam"],"picked":"SKIP","floor":44.0},{"not_picked":["Beam Cell+1"],"picked":"SKIP","floor":45.0},{"not_picked":[],"picked":"Compile Driver+1","floor":46.0},{"not_picked":[],"picked":"Stack+1","floor":48.0},{"not_picked":["Compile Driver+1"],"picked":"SKIP","floor":54.0}],"player_experience":5948505,"relics_obtained":[{"floor":9.0,"key":"War Paint"},{"floor":10.0,"key":"PreservedInsect"},{"floor":13.0,"key":"Orichalcum"},{"floor":23.0,"key":"Akabeko"},{"floor":25.0,"key":"DataDisk"},{"floor":26.0,"key":"Ancient Tea Set"},{"floor":27.0,"key":"Art of War"},{"floor":30.0,"key":"Dream Catcher"},{"floor":38.0,"key":"Bird Faced Urn"},{"floor":40.0,"key":"CeramicFish"},{"floor":42.0,"key":"Regal Pillow"},{"floor":44.0,"key":"Mummified Hand"},{"floor":46.0,"key":"Bag of Preparation"},{"floor":54.0,"key":"Pear"}],"event_choices":[{"damage_healed":19.0,"max_hp_gain":0.0,"max_hp_loss":0.0,"gold_gain":0.0,"event_name":"Wheel of Change","player_choice":"Full Heal","floor":3.0,"gold_loss":0.0,"damage_taken":0.0},{"damage_healed":0.0,"max_hp_gain":0.0,"max_hp_loss":0.0,"gold_gain":0.0,"event_name":"Shining Light","player_choice":"Entered Light","floor":14.0,"gold_loss":0.0,"damage_taken":15.0,"cards_upgraded":["Aggregate","Defend_B"]},{"damage_healed":0.0,"max_hp_gain":0.0,"max_hp_loss":23.0,"gold_gain":0.0,"event_name":"Vampires","player_choice":"Became a vampire","floor":20.0,"gold_loss":0.0,"damage_taken":0.0,"cards_obtained":["Bite","Bite","Bite","Bite","Bite"]},{"damage_healed":0.0,"max_hp_gain":0.0,"max_hp_loss":0.0,"gold_gain":0.0,"cards_transformed":["Bite","Bite"],"event_name":"Drug Dealer","player_choice":"Became Test Subject","floor":21.0,"gold_loss":0.0,"damage_taken":0.0,"cards_obtained":["Transmutation","Flash of Steel"]},{"damage_healed":0.0,"max_hp_gain":0.0,"max_hp_loss":0.0,"gold_gain":0.0,"event_name":"Winding Halls","player_choice":"Embrace Madness","floor":37.0,"gold_loss":0.0,"damage_taken":7.0,"cards_obtained":["Madness","Madness"]},{"damage_healed":0.0,"max_hp_gain":0.0,"max_hp_loss":0.0,"gold_gain":0.0,"event_name":"Mysterious Sphere","player_choice":"Fight","floor":38.0,"gold_loss":0.0,"damage_taken":0.0},{"damage_healed":0.0,"max_hp_gain":0.0,"max_hp_loss":0.0,"gold_gain":0.0,"event_name":"The Woman in Blue","player_choice":"Bought 3 Potions","floor":39.0,"gold_loss":0.0,"damage_taken":0.0}],"is_beta":false,"boss_relics":[{"not_picked":["Astrolabe","Calling Bell"],"picked":"Ectoplasm"},{"not_picked":["Cursed Key","Black Star"],"picked":"Busted Crown"}],"items_purged_floors":[],"is_endless":false,"potions_floor_spawned":[2,4,5,12,16,19,25,29,33,36,38,40,44,48,54],"ascension_level":8}}