{"host":"zksvs3x2ysy9npnz","time":1611610842,"event":{"mods":["Aspiration","BaseMod","Beaked The Cultist","BetterRewards","Clockwork Mod","Colored Map","Conspire","Downfall","Duelist Mod","Ekko","Fiend Mod","Halation","Highlight Path","Hubris","Infinite Spire","Jedi Mod","Magitek Elite","Minty Spire (QoL Compilation)","Permanent Neow","Quick Restart","Relic Stats","Shop Mod","StSLib","The Runesmith","The Witch","thorton"],"gold_per_floor":[139,139,149,149,167,167,179,179,179,210,210,241,241,87,87,159,159,172,172,172,185,165,191,206,226,250,266,266,296,142,17,17,88,88,100,110,110,123,139,139,169,169,169,169,217,273,273,294,294,306,325,325,325,69,126,160,160],"floor_reached":56,"language":"FRA","playtime":11533,"items_purged":["theDuelist:Sparks","theDuelist:Sangan","theDuelist:Nameless:Power:Beatraptor","theDuelist:FinalFlame"],"score":2506,"play_id":"19c36ff3-3d07-42bb-b0ca-395b6a1d8dec","local_time":"20210125224042","is_ascension_mode":true,"campfire_choices":[{"data":"theDuelist:DoubleTool","floor":6.0,"key":"SMITH"},{"data":"theDuelist:DoubleTool+1","floor":8.0,"key":"SMITH"},{"data":"theDuelist:DoubleTool+2","floor":11.0,"key":"SMITH"},{"data":"theDuelist:DoubleTool+3","floor":13.0,"key":"SMITH"},{"data":"theDuelist:DoubleTool+4","floor":15.0,"key":"SMITH"},{"data":"theDuelist:DoubleTool+5","floor":28.0,"key":"SMITH"},{"data":"theDuelist:PowerKaishin","floor":32.0,"key":"SMITH"},{"data":"theDuelist:FluteKuriboh","floor":40.0,"key":"SMITH"},{"floor":42.0,"key":"RECALL"},{"data":"theDuelist:AmuletAmbition","floor":44.0,"key":"SMITH"},{"data":"hubris:Fate","floor":49.0,"key":"SMITH"},{"data":"theDuelist:ScrapFactory","floor":53.0,"key":"SMITH"}],"circlet_count":0,"master_deck":["theDuelist:BeaverWarrior","theDuelist:BeaverWarrior","theDuelist:CastleWalls","theDuelist:CastleWalls","AscendersBane","theDuelist:GiantSoldier+1","theDuelist:GiantSoldier","theDuelist:ScrapFactory+1","theDuelist:CrystalRaigeki","theDuelist:Nameless:War:MaskedDragon","theDuelist:HappyLover","theDuelist:DoubleTool+6","theDuelist:BattleFootballer","theDuelist:BigKoala","theDuelist:MagicHoleGolem","theDuelist:PowerKaishin+1","theDuelist:AmuletAmbition+1","theDuelist:FluteKuriboh+1","theDuelist:ImperialOrder+1","theDuelist:SolarWindJammer","hubris:Fate+1","theDuelist:PotDuality","theDuelist:SpiritHarp","theDuelist:ImperialOrder"],"relics":["theDuelist:MillenniumPuzzle","theDuelist:CardPoolRelic","theDuelist:CardPoolBasicRelic","theDuelist:BoosterPackPoolRelic","theDuelist:CardPoolAddRelic","theDuelist:CardPoolMinusRelic","theDuelist:CardPoolSaveRelic","theDuelist:CardPoolOptionsRelic","infinitespire:FocusingShard","hubris:PeanutButter","jedi:crownofsimplicity","aspiration:MobileForge","Anchor","Bottled Flame","Runic Pyramid","halation:IllGainedPizza","Mythril_Glove","Blood Vial","conspire:Boomerang","Ice Cream","Thread and Needle","hubris:Icosahedron","theDuelist:MonsterEggRelic"],"acts_visited":["Exordium","TheCity","TheBeyond","TheEnding"],"potions_floor_usage":[55],"damage_taken":[{"damage":0.0,"enemies":"2 Louse","floor":1.0,"turns":4.0},{"damage":0.0,"enemies":"Jaw Worm","floor":3.0,"turns":3.0},{"damage":0.0,"enemies":"Cultist","floor":5.0,"turns":3.0},{"damage":1.0,"enemies":"Looter","floor":7.0,"turns":3.0},{"damage":2.0,"enemies":"3 Sentries","floor":10.0,"turns":6.0},{"damage":0.0,"enemies":"Gremlin Nob","floor":12.0,"turns":3.0},{"damage":0.0,"enemies":"The Guardian","floor":16.0,"turns":11.0},{"damage":0.0,"enemies":"Chosen","floor":18.0,"turns":4.0},{"damage":0.0,"enemies":"Shell Parasite","floor":21.0,"turns":7.0},{"damage":9.0,"enemies":"Nightmare","floor":23.0,"turns":13.0},{"damage":1.0,"enemies":"Chosen and Byrds","floor":24.0,"turns":6.0},{"damage":0.0,"enemies":"Snake Plant","floor":25.0,"turns":5.0},{"damage":0.0,"enemies":"conspire:HollyBat","floor":27.0,"turns":8.0},{"damage":0.0,"enemies":"theDuelist:KaibaA2","floor":29.0,"turns":4.0},{"damage":0.0,"enemies":"hubris:MusketHawk","floor":33.0,"turns":15.0},{"damage":0.0,"enemies":"3 Shapes","floor":35.0,"turns":4.0},{"damage":0.0,"enemies":"Orb Walker","floor":36.0,"turns":4.0},{"damage":0.0,"enemies":"Transient","floor":38.0,"turns":6.0},{"damage":0.0,"enemies":"Jaw Worm Horde","floor":39.0,"turns":5.0},{"damage":0.0,"enemies":"Reptomancer","floor":41.0,"turns":7.0},{"damage":0.0,"enemies":"Nightmare","floor":45.0,"turns":10.0},{"damage":0.0,"enemies":"Nightmare","floor":46.0,"turns":7.0},{"damage":0.0,"enemies":"Sphere and 2 Shapes","floor":48.0,"turns":6.0},{"damage":0.0,"enemies":"Donu and Deca","floor":50.0,"turns":8.0},{"damage":13.0,"enemies":"hubris:GrandSnecko","floor":51.0,"turns":10.0},{"damage":36,"enemies":"Shield and Spear","floor":55,"turns":10},{"damage":48,"enemies":"The Heart","floor":56,"turns":3}],"seed_played":"1787673873207233421","potions_obtained":[{"floor":1.0,"key":"Slimebound:ThreeZeroPotion"},{"floor":7.0,"key":"champ:CounterPotion"},{"floor":10.0,"key":"theDuelist:BottledKuriboh"},{"floor":18.0,"key":"DistilledChaos"},{"floor":21.0,"key":"Block Potion"},{"floor":45.0,"key":"theDuelist:BottledKuriboh"},{"floor":46.0,"key":"jedi:StrikingPotion"}],"is_trial":false,"path_per_floor":["M","?","M","?","M","R","M","R","T","E","R","E","R","$","R","B",null,"M","?","?","M","?","NM","M","M","T","M","R","E","$","$","R","B",null,"M","M","?","M","M","R","E","R","T","R","NM","?","?","M","R","B","B",null,"R","$","E","B"],"character_chosen":"THE_DUELIST","items_purchased":["theDuelist:BattleFootballer","theDuelist:PowerKaishin","theDuelist:SpiritHarp","theDuelist:ImperialOrder"],"campfire_rested":0,"item_purchase_floors":[14,30,54,54],"current_hp_per_floor":[63,69,69,69,69,69,68,68,68,66,66,66,66,66,66,66,74,74,70,70,70,70,61,60,60,60,60,60,60,60,60,60,60,72,72,72,72,72,72,72,72,72,72,72,72,74,74,76,76,76,63,73,73,73,39,0,0],"gold":160,"neow_bonus":"REMOVE_CARD","is_daily":false,"chose_seed":false,"campfire_upgraded":11,"win_rate":0.0,"timestamp":1611610842,"path_taken":["M","?","?","?","?","R","M","R","T","E","R","E","R","$","R","BOSS","M","?","?","M","?","NM","M","M","T","?","R","E","?","$","R","BOSS","M","M","?","?","M","R","E","R","T","R","NM","?","?","?","R","BOSS","BOSS","R","$","E","BOSS"],"items_purchased_type":["Card","Card","Card","Card"],"build_version":"2020-12-22","purchased_purges":4,"victory":false,"max_hp_per_floor":[70,76,76,76,76,76,76,76,76,76,76,76,76,76,76,76,76,76,76,76,76,76,76,76,76,76,76,76,76,76,76,76,76,76,76,76,76,76,76,76,76,76,76,76,76,76,76,76,76,76,76,76,76,76,76,76,76],"relic_stats":{"Blood Vial":8,"counters":[27,175],"obtain_stats":[{"Ice Cream":46,"halation:IllGainedPizza":41,"Thread and Needle":46,"infinitespire:FocusingShard":9,"conspire:Boomerang":46,"theDuelist:MillenniumPuzzle":0,"theDuelist:CardPoolSaveRelic":0,"jedi:crownofsimplicity":12,"Mythril_Glove":43,"Blood Vial":45,"theDuelist:BoosterPackPoolRelic":0,"theDuelist:CardPoolMinusRelic":0,"Anchor":23,"Bottled Flame":29,"hubris:Icosahedron":47,"aspiration:MobileForge":17,"theDuelist:CardPoolBasicRelic":0,"hubris:PeanutButter":10,"theDuelist:CardPoolAddRelic":0,"theDuelist:CardPoolOptionsRelic":0,"theDuelist:CardPoolRelic":0,"Runic Pyramid":34,"theDuelist:MonsterEggRelic":55},{"Ice Cream":22,"halation:IllGainedPizza":20,"Thread and Needle":22,"infinitespire:FocusingShard":4,"conspire:Boomerang":22,"theDuelist:MillenniumPuzzle":0,"theDuelist:CardPoolSaveRelic":0,"jedi:crownofsimplicity":6,"Mythril_Glove":20,"Blood Vial":21,"theDuelist:BoosterPackPoolRelic":0,"theDuelist:CardPoolMinusRelic":0,"Anchor":10,"Bottled Flame":14,"hubris:Icosahedron":22,"aspiration:MobileForge":7,"theDuelist:CardPoolBasicRelic":0,"hubris:PeanutButter":5,"theDuelist:CardPoolAddRelic":0,"theDuelist:CardPoolOptionsRelic":0,"theDuelist:CardPoolRelic":0,"Runic Pyramid":15,"theDuelist:MonsterEggRelic":26},{"Ice Cream":138,"halation:IllGainedPizza":121,"Thread and Needle":138,"infinitespire:FocusingShard":13,"conspire:Boomerang":138,"theDuelist:MillenniumPuzzle":0,"theDuelist:CardPoolSaveRelic":0,"jedi:crownofsimplicity":22,"Mythril_Glove":121,"Blood Vial":131,"theDuelist:BoosterPackPoolRelic":0,"theDuelist:CardPoolMinusRelic":0,"Anchor":57,"Bottled Flame":80,"hubris:Icosahedron":138,"aspiration:MobileForge":33,"theDuelist:CardPoolBasicRelic":0,"hubris:PeanutButter":19,"theDuelist:CardPoolAddRelic":0,"theDuelist:CardPoolOptionsRelic":0,"theDuelist:CardPoolRelic":0,"Runic Pyramid":95,"theDuelist:MonsterEggRelic":172}]},"card_choices":[{"not_picked":["theDuelist:PsychicShockwave","theDuelist:ImperialOrder","theDuelist:FairyBox","theDuelist:PowerWall"],"picked":"theDuelist:CrystalRaigeki","floor":1.0},{"not_picked":["theDuelist:WhiteMagicalHat","theDuelist:SangaEarth","theDuelist:MythicalBeast","theDuelist:FrontierWiseman"],"picked":"theDuelist:HappyLover","floor":3.0},{"not_picked":["theDuelist:CombinationAttack","theDuelist:BigFire","theDuelist:RainbowNeos","theDuelist:BerserkerCrush"],"picked":"theDuelist:DoubleTool","floor":5.0},{"not_picked":["theDuelist:MeteorDestruction","theDuelist:BigFire","theDuelist:ScrapFactory","theDuelist:AfterTheStorm","theDuelist:WhiteHowling"],"picked":"SKIP","floor":7.0},{"not_picked":["theDuelist:YamiForm","theDuelist:Wildfire","theDuelist:SevenCompleted","theDuelist:PineappleBlast","theDuelist:MillenniumShield"],"picked":"SKIP","floor":10.0},{"not_picked":["theDuelist:InfernoFireBlast","theDuelist:FusionFire","theDuelist:ElectromagneticShield","theDuelist:Mathematician"],"picked":"theDuelist:Sangan","floor":12.0},{"not_picked":["theDuelist:CombinationAttack","theDuelist:Invigoration","theDuelist:WormApocalypse","theDuelist:DarkBurningAttack","theDuelist:Eva"],"picked":"SKIP","floor":18.0},{"not_picked":["theDuelist:CombinationAttack","theDuelist:Downbeat","theDuelist:Tuningware","theDuelist:PowerKaishin","theDuelist:SilverApples"],"picked":"SKIP","floor":21.0},{"not_picked":["theDuelist:CoreBlaster","theDuelist:WhiteMagicalHat","theDuelist:SpiritHarp","theDuelist:Downbeat+1","theDuelist:SangaEarth"],"picked":"SKIP","floor":23.0},{"not_picked":["theDuelist:BlockGolem","theDuelist:EarthEffigy","theDuelist:EarthquakeGiant+1","theDuelist:GraniteLoyalist"],"picked":"theDuelist:MagicHoleGolem","floor":24.0},{"not_picked":["theDuelist:InfernoFireBlast","theDuelist:FusionFire","theDuelist:SolarWindJammer","theDuelist:InstantFusion+1","theDuelist:LightLaser"],"picked":"SKIP","floor":25.0},{"not_picked":["theDuelist:BigFire","theDuelist:ClearKuriboh","theDuelist:FuryFire","theDuelist:DestroyerGolem","theDuelist:LightningDarts"],"picked":"SKIP","floor":27.0},{"not_picked":["theDuelist:CombinationAttack+1","theDuelist:SwordDeepSeated","theDuelist:RainbowNeos","theDuelist:ScrapFactory","theDuelist:WormApocalypse+1"],"picked":"SKIP","floor":29.0},{"not_picked":["theDuelist:Wildfire","theDuelist:LightningBlade","theDuelist:LightLaser","theDuelist:ForbiddenLance"],"picked":"theDuelist:AmuletAmbition","floor":33.0},{"not_picked":["theDuelist:WhiteHowling","theDuelist:PineappleBlast","theDuelist:FairyBox","theDuelist:PsychicShockwave","theDuelist:Reinforcements"],"picked":"SKIP","floor":35.0},{"not_picked":["theDuelist:HammerShot","theDuelist:Polymerization+1","theDuelist:ForbiddenLance+1","theDuelist:SlotMachine","theDuelist:UltraPolymerization+1"],"picked":"SKIP","floor":36.0},{"not_picked":["theDuelist:BigFire","theDuelist:RainbowNeos","theDuelist:SpiritHarp","theDuelist:CharcoalInpachi"],"picked":"theDuelist:FluteKuriboh","floor":38.0},{"not_picked":["theDuelist:WhiteHowling","theDuelist:GravityAxe+1","theDuelist:MiraculousDescent","theDuelist:GridRod"],"picked":"theDuelist:ImperialOrder+1","floor":39.0},{"not_picked":["theDuelist:Sangan+1","theDuelist:MythicalBeast+1","theDuelist:BattleFootballer","theDuelist:MillenniumShield+1"],"picked":"theDuelist:SolarWindJammer","floor":41.0},{"not_picked":["infinitespire:Oblivion","infinitespire:SevenWalls"],"picked":"hubris:Fate","floor":45.0},{"not_picked":["theDuelist:Mathematician","theDuelist:LightningBlade","theDuelist:ForbiddenLance"],"picked":"SKIP","floor":45.0},{"not_picked":["theDuelist:LegendHeart","theDuelist:DeltaAttacker","theDuelist:CircleFireKings","theDuelist:Wiretap"],"picked":"theDuelist:PotDuality","floor":48.0},{"not_picked":["theDuelist:CoreBlaster+4","theDuelist:FusionFire+1","theDuelist:GravityAxe+1","theDuelist:Electrowhip+1","theDuelist:AncientGearFist+3"],"picked":"SKIP","floor":55}],"player_experience":2232879,"relics_obtained":[{"floor":9.0,"key":"infinitespire:FocusingShard"},{"floor":10.0,"key":"hubris:PeanutButter"},{"floor":12.0,"key":"jedi:crownofsimplicity"},{"floor":23.0,"key":"Anchor"},{"floor":29.0,"key":"Bottled Flame"},{"floor":41.0,"key":"halation:IllGainedPizza"},{"floor":43.0,"key":"Mythril_Glove"},{"floor":45.0,"key":"Blood Vial"},{"floor":46.0,"key":"conspire:Boomerang"},{"floor":46.0,"key":"Ice Cream"},{"floor":46.0,"key":"Thread and Needle"},{"floor":55,"key":"theDuelist:MonsterEggRelic"}],"event_choices":[{"power_reward":4.0,"total_magic_score":18.0,"gold_gain":0.0,"duelist":true,"damage_taken":0.0,"relics_obtained":[],"points":15.0,"war_reward":4.0,"max_hp_gain":6.0,"max_hp_loss":0.0,"spent_points":{"magic":0.0,"greed":0.0,"war":4.0,"power":4.0,"hunger":4.0},"event_name":"Nameless Tomb","hunger_reward":4.0,"floor":2.0,"gold_loss":0.0,"cards_obtained":["theDuelist:Nameless:Power:Beatraptor","theDuelist:Nameless:War:MaskedDragon"]},{"damage_healed":0.0,"max_hp_gain":0.0,"max_hp_loss":0.0,"gold_gain":0.0,"event_name":"Visit from Anubis","player_choice":"Leave","duelist":true,"floor":4.0,"gold_loss":0.0,"damage_taken":0.0},{"damage_healed":0.0,"max_hp_gain":0.0,"max_hp_loss":0.0,"gold_gain":0.0,"event_name":"conspire:Investor","player_choice":"Leave","floor":19.0,"gold_loss":0.0,"damage_taken":0.0},{"damage_healed":0.0,"max_hp_gain":0.0,"max_hp_loss":0.0,"gold_gain":0.0,"event_name":"The Library","player_choice":"Read","floor":20.0,"gold_loss":0.0,"damage_taken":0.0,"cards_obtained":["theDuelist:BigKoala"]},{"damage_healed":0.0,"max_hp_gain":0.0,"max_hp_loss":0.0,"gold_gain":0.0,"event_name":"The Woman in Blue","player_choice":"Bought 1 Potion","floor":22.0,"gold_loss":0.0,"damage_taken":0.0},{"damage_healed":0.0,"max_hp_gain":0.0,"max_hp_loss":0.0,"gold_gain":0.0,"event_name":"Accursed Blacksmith","player_choice":"Forge","floor":37.0,"gold_loss":0.0,"damage_taken":0.0,"cards_upgraded":["theDuelist:GiantSoldier"]},{"damage_healed":0.0,"max_hp_gain":0.0,"max_hp_loss":0.0,"gold_gain":0.0,"event_name":"Battle City","player_choice":"Fight","duelist":true,"floor":46.0,"gold_loss":0.0,"damage_taken":0.0}],"is_beta":false,"boss_relics":[{"not_picked":["thethorton:GreedFountain","Runic Cube"],"picked":"aspiration:MobileForge"},{"not_picked":["halation:Yufonium","conspire:SeveredTorchhead"],"picked":"Runic Pyramid"}],"items_purged_floors":[14,30,31,54],"is_endless":false,"potions_floor_spawned":[1,7,10,18,21,24,27,35,39,45,46],"killed_by":"The Heart","ascension_level":20}}