{"host":"ndqo0ze3xqwwg5zo","time":1611545622,"event":{"mods":["BaseMod","Colored Powertips","Downfall","Hermit","Minty Spire (QoL Compilation)","StSLib","The Cursed","The Disciple","The Hierophant","The Necromancer","The Servant 0.9.4"],"gold_per_floor":[113,124,199,199,211,211,165,165,165,165,165,198,228,182,182,285,285,302,302,320,13,25,56,56,71,151,166,166,178,178,178],"floor_reached":30,"language":"ENG","playtime":2869,"items_purged":[],"score":248,"play_id":"f30cc4df-12a2-4f03-9287-829906a0ffc1","local_time":"20210124213342","is_ascension_mode":false,"campfire_choices":[{"data":"TheCursedMod:CursedWand","floor":6,"key":"SMITH"},{"data":"TheCursedMod:Wield","floor":10,"key":"SMITH"},{"data":"TheCursedMod:SpitefulStrike","floor":15,"key":"SMITH"},{"data":"TheCursedMod:CursedStaff","floor":24,"key":"SMITH"},{"data":"TheCursedMod:TacticalStrike","floor":28,"key":"SMITH"}],"circlet_count":0,"master_deck":["TheCursedMod:Strike_TheCursed","TheCursedMod:Strike_TheCursed","TheCursedMod:Strike_TheCursed","TheCursedMod:Strike_TheCursed","TheCursedMod:Defend_TheCursed","TheCursedMod:Defend_TheCursed+1","TheCursedMod:Defend_TheCursed+1","TheCursedMod:Defend_TheCursed","TheCursedMod:CursedWand+1","TheCursedMod:CleanUpWorkshop+1","TheCursedMod:Dregs","TheCursedMod:SurpriseAttack","TheCursedMod:Wield+1","TheCursedMod:SpitefulStrike+1","TheCursedMod:TacticalStrike+1","TheCursedMod:DemonSword","TheCursedMod:TacticalStrike+1","TheCursedMod:CircleOfFlame+1","TheCursedMod:CursedStaff+1","TheCursedMod:SpitefulPlan+1","TheCursedMod:StunningStrike"],"relics":["TheCursedMod:BlackMagic101","TheCursedMod:BloodyHarpoon","HornCleat","War Paint","SlaversCollar","Nloth\u0027s Gift","Ice Cream","White Beast Statue","Gremlin Horn"],"acts_visited":["Exordium","TheCity"],"potions_floor_usage":[23,30,30],"damage_taken":[{"damage":0,"enemies":"Cultist","floor":1,"turns":1},{"damage":0,"enemies":"2 Louse","floor":2,"turns":1},{"damage":0,"enemies":"Jaw Worm","floor":5,"turns":1},{"damage":6,"enemies":"Gremlin Nob","floor":12,"turns":4},{"damage":37,"enemies":"Slime Boss","floor":16,"turns":15},{"damage":6,"enemies":"Shell Parasite","floor":18,"turns":5},{"damage":4,"enemies":"3 Byrds","floor":20,"turns":5},{"damage":22,"enemies":"Sentry and Sphere","floor":22,"turns":6},{"damage":13,"enemies":"Book of Stabbing","floor":23,"turns":6},{"damage":0,"enemies":"Snecko","floor":25,"turns":3},{"damage":10,"enemies":"Centurion and Healer","floor":27,"turns":5},{"damage":10,"enemies":"Cultist and Chosen","floor":29,"turns":4},{"damage":11,"enemies":"Snake Plant","floor":30,"turns":4}],"seed_played":"-4284331379851650821","potions_obtained":[{"floor":2,"key":"SkillPotion"},{"floor":16,"key":"Swift Potion"},{"floor":23,"key":"SkillPotion"},{"floor":25,"key":"hexamod:SoulburnPotion"},{"floor":27,"key":"Strength Potion"},{"floor":29,"key":"Block Potion"}],"is_trial":false,"path_per_floor":["M","M","?","?","M","R","$","T","T","R","?","E","?","$","R","B",null,"M","?","M","$","M","E","R","M","T","M","R","M","M"],"character_chosen":"THE_CURSED","items_purchased":["TheCursedMod:Wield","TheCursedMod:TacticalStrike","Ice Cream"],"campfire_rested":0,"item_purchase_floors":[7,14,21],"current_hp_per_floor":[75,75,64,64,64,64,64,64,64,64,64,58,58,58,58,21,75,69,69,65,65,43,30,30,30,30,20,20,10,0,0],"gold":178,"neow_bonus":"THREE_ENEMY_KILL","is_daily":false,"chose_seed":false,"campfire_upgraded":5,"win_rate":0.0,"timestamp":1611545622,"path_taken":["M","M","?","?","M","R","?","?","T","R","?","E","?","$","R","BOSS","M","?","?","$","M","E","R","M","T","M","R","?","M"],"items_purchased_type":["Card","Card","Relic"],"build_version":"2020-12-22","purchased_purges":0,"victory":false,"max_hp_per_floor":[75,75,75,75,75,75,75,75,75,75,75,75,75,75,75,75,75,75,75,75,75,75,75,75,75,75,75,75,75,75,75],"card_choices":[{"not_picked":["TheCursedMod:CircleOfFlame","TheCursedMod:SoulReap"],"picked":"TheCursedMod:SurpriseAttack","floor":1},{"not_picked":["TheCursedMod:CursedMace","TheCursedMod:SaltUponWound","TheCursedMod:Stretching"],"picked":"SKIP","floor":2},{"not_picked":["TheCursedMod:Hemoplague","TheCursedMod:CircleOfAmplification","TheCursedMod:BloodBarrier"],"picked":"SKIP","floor":5},{"not_picked":["TheCursedMod:SoulCrush","TheCursedMod:DemonicPact"],"picked":"TheCursedMod:SpitefulStrike","floor":12},{"not_picked":["TheCursedMod:ParallelWorld","TheCursedMod:ShockAndAwe"],"picked":"TheCursedMod:DemonSword","floor":16},{"not_picked":["TheCursedMod:Stigma","TheCursedMod:SpitefulStrike"],"picked":"TheCursedMod:TacticalStrike+1","floor":18},{"not_picked":["TheCursedMod:TroublousMinions","TheCursedMod:CursedAmulet"],"picked":"TheCursedMod:CircleOfFlame+1","floor":20},{"not_picked":["TheCursedMod:SpreadPlague","TheCursedMod:VitalStrike+1","TheCursedMod:SmokeScreen"],"picked":"SKIP","floor":22},{"not_picked":["TheCursedMod:SaltUponWound","TheCursedMod:TacticalStrike"],"picked":"TheCursedMod:CursedStaff","floor":23},{"not_picked":["TheCursedMod:TroublousMinions","TheCursedMod:Stretching","TheCursedMod:BlessingInDisguise+1"],"picked":"SKIP","floor":25},{"not_picked":["TheCursedMod:Torture","TheCursedMod:BloodBarrier+1"],"picked":"TheCursedMod:SpitefulPlan+1","floor":27},{"not_picked":["TheCursedMod:CircleOfFlame+1","TheCursedMod:ReleasedStrength"],"picked":"TheCursedMod:StunningStrike","floor":29}],"player_experience":9174,"relics_obtained":[{"floor":8,"key":"TheCursedMod:BloodyHarpoon"},{"floor":9,"key":"HornCleat"},{"floor":12,"key":"War Paint"},{"floor":23,"key":"White Beast Statue"},{"floor":26,"key":"Gremlin Horn"}],"event_choices":[{"damage_healed":0,"gold_gain":75,"player_choice":"Gather Gold","damage_taken":11,"max_hp_gain":0,"max_hp_loss":0,"event_name":"World of Goop","floor":3,"gold_loss":0},{"damage_healed":0,"gold_gain":0,"player_choice":"Ignored","damage_taken":0,"max_hp_gain":0,"max_hp_loss":0,"event_name":"Golden Wing","floor":4,"gold_loss":0},{"damage_healed":0,"gold_gain":0,"player_choice":"Grow","damage_taken":0,"max_hp_gain":0,"max_hp_loss":0,"event_name":"Living Wall","floor":11,"gold_loss":0,"cards_upgraded":["TheCursedMod:CleanUpWorkshop"]},{"damage_healed":0,"gold_gain":30,"player_choice":"Searched \u00272\u0027 times","damage_taken":0,"max_hp_gain":0,"max_hp_loss":0,"event_name":"Dead Adventurer","floor":13,"gold_loss":0},{"damage_healed":0,"gold_gain":0,"player_choice":"Traded Relic","damage_taken":0,"relics_obtained":["Nloth\u0027s Gift"],"max_hp_gain":0,"max_hp_loss":0,"event_name":"N\u0027loth","floor":19,"relics_lost":["NeowsBlessing"],"gold_loss":0}],"is_beta":false,"boss_relics":[{"not_picked":["Snecko Eye","Coffee Dripper"],"picked":"SlaversCollar"}],"items_purged_floors":[],"is_endless":false,"potions_floor_spawned":[2,16,23,25,27,29],"killed_by":"Snake Plant","ascension_level":0}}