{"host":"hpvsbp715q3lql9o","time":1611607989,"event":{"mods":["BaseMod","Downfall","Friendly Minions","Marisa（F雨　魔理沙）","Minty Spire (QoL Compilation)","Replay The Spire","RumiaBox-露米娅的神秘盒子","StSLib","The Administrix","The Animator","The Construct","The Cursed"],"gold_per_floor":[15,15,25,45,60,60,87,107,107,119,119,146,146,156,156,252,252,269,269,286,4,18,18,34,65,117,117,136,164,177,197,197,294,294,307,325,75,94,108,108,108],"floor_reached":40,"language":"ZHS","playtime":4986,"items_purged":["ReplayTheSpireMod:Splinters","Perseverance"],"score":596,"play_id":"24bf38f5-0eff-45ea-8ec9-8efc807a43bf","local_time":"20210126045309","is_ascension_mode":false,"campfire_choices":[{"data":"Evaluate","floor":6,"key":"SMITH"},{"data":"Eruption","floor":11,"key":"SMITH"},{"data":"Collect","floor":13,"key":"SMITH"},{"data":"ClearTheMind","floor":23,"key":"SMITH"},{"floor":32,"key":"REST"}],"circlet_count":0,"master_deck":["Eruption+1","Vigilance","DeusExMachina","SignatureMove","Prostrate","ThirdEye+1","Evaluate+1","WindmillStrike","Prostrate","Collect+1","DeusExMachina","CutThroughFate","DeusExMachina","Prostrate+1","Meditate","DeceiveReality","Replay:Hum+1","Master of Strategy","ClearTheMind+1","Vengeance+1","Collect+1","Study+1","BattleHymn","Adaptation","Consecrate+1","Ragnarok","FlyingSleeves","EmptyFist","Crescendo","Weave","Replay:BluntJabs","Nirvana+1","Replay:AtTheReady+1","Wallop","Evaluate+1"],"relics":["PureWater","Onion Ring","GodSword4","construct:FoamFinger","Thread and Needle","Philosopher\u0027s Stone","ReplayTheSpireMod:CursedCoin","Pet Ghost","Art of War","Simple Rune","Pandora\u0027s Box","ReplayFunnel"],"acts_visited":["Exordium","TheCity","TheBeyond"],"potions_floor_usage":[7,7,16,25,29,35],"damage_taken":[{"damage":7,"enemies":"Small Slimes","floor":1,"turns":6},{"damage":0,"enemies":"2 Louse","floor":3,"turns":2},{"damage":0,"enemies":"Cultist","floor":4,"turns":2},{"damage":0,"enemies":"2 Fungi Beasts","floor":5,"turns":2},{"damage":7,"enemies":"3 Sentries","floor":7,"turns":7},{"damage":0,"enemies":"Looter","floor":8,"turns":3},{"damage":0,"enemies":"Gremlin Gang","floor":10,"turns":5},{"damage":10,"enemies":"Lagavulin","floor":12,"turns":4},{"damage":0,"enemies":"3 Louse","floor":14,"turns":1},{"damage":6,"enemies":"Fading Forest","floor":16,"turns":11},{"damage":19,"enemies":"Shell Parasite","floor":18,"turns":4},{"damage":0,"enemies":"Chosen","floor":20,"turns":1},{"damage":0,"enemies":"Snecko","floor":22,"turns":4},{"damage":5,"enemies":"Centurion and Healer","floor":24,"turns":3},{"damage":18,"enemies":"Slavers","floor":25,"turns":6},{"damage":0,"enemies":"Sentry and Sphere","floor":28,"turns":4},{"damage":14,"enemies":"Book of Stabbing","floor":29,"turns":3},{"damage":0,"enemies":"Shelled Parasite and Fungi","floor":30,"turns":2},{"damage":11,"enemies":"Snake Plant","floor":31,"turns":2},{"damage":0,"enemies":"Automaton","floor":33,"turns":5},{"damage":2,"enemies":"Orb Walker","floor":35,"turns":3},{"damage":22,"enemies":"3 Darklings","floor":36,"turns":4},{"damage":0,"enemies":"Transient","floor":38,"turns":5},{"damage":10,"enemies":"4 Shapes","floor":39,"turns":3},{"damage":49,"enemies":"Reptomancer","floor":40,"turns":2}],"seed_played":"6920196146051216489","potions_obtained":[{"floor":4,"key":"DistilledChaos"},{"floor":5,"key":"Fire Potion"},{"floor":8,"key":"FearPotion"},{"floor":10,"key":"GamblersBrew"},{"floor":18,"key":"FearPotion"},{"floor":28,"key":"Death Potion"},{"floor":31,"key":"Elixir"},{"floor":33,"key":"Flashbang"},{"floor":35,"key":"Doom Potion"}],"is_trial":false,"path_per_floor":["M","?","M","M","M","R","E","M","T","M","R","E","R","M","R","B",null,"M","?","M","$","M","R","M","E","T","?","M","E","M","M","R","B",null,"M","M","$","M","M","E"],"character_chosen":"WATCHER","items_purchased":["Master of Strategy","ReplayTheSpireMod:CursedCoin","Pet Ghost","ClearTheMind","ReplayFunnel"],"campfire_rested":1,"item_purchase_floors":[21,21,21,21,37],"current_hp_per_floor":[65,58,58,58,58,58,51,51,51,51,51,41,41,41,62,70,72,53,53,53,53,53,53,48,30,30,30,30,16,16,5,26,26,72,70,48,48,48,38,0,0],"gold":108,"neow_bonus":"THREE_RARE_CARDS","is_daily":false,"chose_seed":false,"campfire_upgraded":4,"win_rate":0.0,"timestamp":1611607989,"path_taken":["M","?","M","M","M","R","E","M","T","M","R","E","R","M","R","BOSS","M","?","M","$","M","R","M","E","T","?","M","E","M","M","R","BOSS","M","M","$","M","M","E"],"items_purchased_type":["Card","Relic","Relic","Card","Relic"],"build_version":"2020-12-22","purchased_purges":2,"victory":false,"max_hp_per_floor":[72,72,72,72,72,72,72,72,72,72,72,72,72,72,72,72,72,72,72,72,72,72,72,72,72,72,72,72,72,72,72,72,72,72,72,72,72,72,72,72,72],"card_choices":[{"not_picked":["Replay:AllIn","Establishment"],"picked":"DeusExMachina","floor":0},{"not_picked":["FlyingSleeves","Replay:DivineShield"],"picked":"SignatureMove","floor":1},{"not_picked":["ReachHeaven","Replay:AtTheReady"],"picked":"Prostrate","floor":3},{"not_picked":["SignatureMove","ClearTheMind"],"picked":"ThirdEye","floor":4},{"not_picked":["Crescendo","Replay:Battleflow"],"picked":"Evaluate","floor":5},{"not_picked":["EmptyFist","Halt"],"picked":"WindmillStrike","floor":7},{"not_picked":["Crescendo","Replay:Battleflow"],"picked":"Prostrate","floor":8},{"not_picked":["EmptyBody","BowlingBash"],"picked":"Collect","floor":10},{"not_picked":["FearNoEvil","MasterReality"],"picked":"DeusExMachina","floor":12},{"not_picked":["Protect","JustLucky"],"picked":"CutThroughFate","floor":14},{"not_picked":["DevaForm","Brilliance"],"picked":"DeusExMachina","floor":16},{"not_picked":["SignatureMove","TalkToTheHand"],"picked":"Prostrate+1","floor":18},{"not_picked":["FollowUp","LikeWater"],"picked":"Replay:Hum+1","floor":20},{"not_picked":["Swivel","Halt+1"],"picked":"Vengeance+1","floor":22},{"not_picked":["Prostrate+1","Crescendo"],"picked":"Collect+1","floor":24},{"not_picked":["SandsOfTime","SashWhip+1"],"picked":"Study","floor":25},{"not_picked":["DeceiveReality","Replay:Battleflow"],"picked":"BattleHymn","floor":28},{"not_picked":["EmptyMind+1","WreathOfFlame+1"],"picked":"Adaptation","floor":29},{"not_picked":["Prostrate","Replay:BluntJabs","Consecrate"],"picked":"SKIP","floor":30},{"not_picked":["FlyingSleeves","EmptyBody"],"picked":"Consecrate+1","floor":31},{"not_picked":["Judgement","Omniscience"],"picked":"Ragnarok","floor":33},{"not_picked":["Vengeance","ClearTheMind"],"picked":"Nirvana+1","floor":35},{"not_picked":["FollowUp","CrushJoints+1"],"picked":"Replay:AtTheReady+1","floor":36},{"not_picked":["Replay:BluntJabs+1","FlyingSleeves"],"picked":"Wallop","floor":38},{"not_picked":["Study","Devotion"],"picked":"Evaluate+1","floor":39}],"player_experience":218015,"relics_obtained":[{"floor":7,"key":"GodSword4"},{"floor":9,"key":"construct:FoamFinger"},{"floor":12,"key":"Thread and Needle"},{"floor":25,"key":"Art of War"},{"floor":29,"key":"Simple Rune"}],"event_choices":[{"damage_healed":0,"gold_gain":0,"player_choice":"Success","damage_taken":7,"relics_obtained":["Onion Ring"],"max_hp_gain":0,"max_hp_loss":0,"event_name":"Scrap Ooze","floor":2,"gold_loss":0},{"damage_healed":0,"gold_gain":0,"cards_transformed":["Strike_P","Defend_P"],"player_choice":"Became Test Subject","damage_taken":0,"max_hp_gain":0,"max_hp_loss":0,"event_name":"Drug Dealer","floor":19,"gold_loss":0,"cards_obtained":["Meditate","DeceiveReality"]},{"damage_healed":0,"gold_gain":0,"player_choice":"Upgraded","damage_taken":0,"max_hp_gain":0,"max_hp_loss":0,"event_name":"Upgrade Shrine","floor":27,"gold_loss":0,"cards_upgraded":["Study"]}],"is_beta":false,"boss_relics":[{"not_picked":["Tiny House","Fusion Hammer"],"picked":"Philosopher\u0027s Stone"},{"not_picked":["Empty Cage","bronze:MakeshiftBattery"],"picked":"Pandora\u0027s Box"}],"items_purged_floors":[21,37],"is_endless":false,"potions_floor_spawned":[4,5,8,10,18,28,31,33,35],"killed_by":"Reptomancer","ascension_level":0}}