{"host":"vyiqbz5w606ur92t","time":1611583160,"event":{"mods":["BaseMod","Downfall","Minty Spire (QoL Compilation)","StSLib"],"gold_per_floor":[99,112,112,129,143,143,143,51,83,103,103,103,103],"floor_reached":11,"language":"ENG","playtime":1150,"items_purged":[],"score":73,"play_id":"e6776c85-5b51-4c0c-baa0-4cac624bd052","local_time":"20210125135920","is_ascension_mode":false,"campfire_choices":[{"data":"hexamod:Float","floor":1,"key":"SMITH"},{"data":"hexamod:CatchUp","floor":6,"key":"SMITH"}],"circlet_count":0,"master_deck":["hexamod:Strike","hexamod:Strike","hexamod:Strike","hexamod:Strike","hexamod:Defend","hexamod:Defend","hexamod:Defend","hexamod:Defend","hexamod:Sear","hexamod:Float+1","hexamod:HeatMetal","hexamod:CatchUp+1","hexamod:BurningTouch","hexamod:FastForward","hexamod:PhantomFireball","hexamod:GhostShield","hexamod:FastForward"],"relics":["hexamod:SpiritBrand","downfall:ShatteredFragment","Bronze Scales","Ancient Tea Set"],"acts_visited":["Exordium"],"potions_floor_usage":[11,11],"damage_taken":[{"damage":0,"enemies":"Small Slimes","floor":2,"turns":3},{"damage":6,"enemies":"Jaw Worm","floor":4,"turns":3},{"damage":5,"enemies":"2 Louse","floor":5,"turns":3},{"damage":5,"enemies":"downfall:FleeingMerchant","floor":8,"turns":4},{"damage":24,"enemies":"3 Sentries","floor":9,"turns":7},{"damage":0,"enemies":"Red Slaver","floor":10,"turns":3},{"damage":25,"enemies":"Gremlin Nob","floor":11,"turns":3}],"seed_played":"6993788715380961301","potions_obtained":[{"floor":4,"key":"Strength Potion"},{"floor":10,"key":"DuplicationPotion"}],"is_trial":false,"path_per_floor":["R","M","?","M","M","R","T","$","E","M","E"],"character_chosen":"THE_SPIRIT","items_purchased":["hexamod:PhantomFireball"],"campfire_rested":0,"item_purchase_floors":[8],"current_hp_per_floor":[77,77,56,50,45,45,45,40,16,16,0,0,0],"gold":103,"neow_bonus":"TEN_PERCENT_HP_BONUS","is_daily":false,"chose_seed":false,"campfire_upgraded":2,"win_rate":0.0,"timestamp":1611583160,"path_taken":["R","M","?","M","M","R","T","$","E","M","E"],"items_purchased_type":["Card"],"build_version":"2020-12-22","purchased_purges":0,"victory":false,"max_hp_per_floor":[77,77,77,77,77,77,77,77,77,77,77,77,77],"card_choices":[{"not_picked":["hexamod:NightmareGuise","hexamod:SwordOfDarkness"],"picked":"hexamod:HeatMetal","floor":2},{"not_picked":["hexamod:SpectralAdrenaline","hexamod:GhostflameBarrier"],"picked":"hexamod:CatchUp","floor":4},{"not_picked":["hexamod:ThermalTransfer","hexamod:GhostShield"],"picked":"hexamod:BurningTouch","floor":5},{"not_picked":["hexamod:SpectersWail","hexamod:UnlimitedPower"],"picked":"hexamod:FastForward","floor":8},{"not_picked":["hexamod:ChargedBarrage","hexamod:NightmareGuise"],"picked":"hexamod:GhostShield","floor":9},{"not_picked":["hexamod:SecondSeal","hexamod:Firestarter"],"picked":"hexamod:FastForward","floor":10}],"player_experience":1044943,"relics_obtained":[{"floor":7,"key":"Bronze Scales"},{"floor":9,"key":"Ancient Tea Set"}],"event_choices":[],"is_beta":false,"boss_relics":[],"items_purged_floors":[],"is_endless":false,"potions_floor_spawned":[4,10],"killed_by":"Gremlin Nob","ascension_level":0}}