{"host":"a5lz0e76zb3fcwkm","time":1611594732,"event":{"mods":["AchievementEnabler","BaseMod","Colored Map","Colored Powertips","Minty Spire (QoL Compilation)","StSLib","SuperFastMode"],"gold_per_floor":[114,129,129,145,162,162,187,187,187,205,235,248,248,283,283,283,283],"floor_reached":16,"language":"KOR","playtime":402,"items_purged":[],"score":244,"play_id":"86f7909b-cf76-46c0-9cbb-ac648ad2cab1","local_time":"20210126021212","is_ascension_mode":true,"campfire_choices":[{"data":"Dagger Spray","floor":6.0,"key":"SMITH"},{"data":"Cloak And Dagger","floor":8.0,"key":"SMITH"},{"data":"Wraith Form v2","floor":15,"key":"SMITH"}],"circlet_count":0,"master_deck":["AscendersBane","Strike_G","Strike_G","Strike_G","Strike_G","Defend_G","Defend_G","Defend_G","Defend_G","Defend_G","Survivor","Neutralize","Masterful Stab","Cloak And Dagger+1","Crippling Poison","Dagger Spray+1","PiercingWail","Finisher","Wraith Form v2+1","Cloak And Dagger+1"],"relics":["Ring of the Snake","Pen Nib","Bag of Marbles","Smiling Mask","Pear","Omamori"],"acts_visited":[],"potions_floor_usage":[],"damage_taken":[{"damage":4.0,"enemies":"Cultist","floor":1.0,"turns":5.0},{"damage":0.0,"enemies":"Jaw Worm","floor":2.0,"turns":4.0},{"damage":0.0,"enemies":"Small Slimes","floor":4.0,"turns":3.0},{"damage":0.0,"enemies":"Looter","floor":5.0,"turns":3.0},{"damage":5.0,"enemies":"3 Sentries","floor":7.0,"turns":9.0},{"damage":4.0,"enemies":"Large Slime","floor":10.0,"turns":5.0},{"damage":8,"enemies":"Gremlin Nob","floor":11,"turns":3},{"damage":7,"enemies":"Exordium Wildlife","floor":12,"turns":4},{"damage":5,"enemies":"3 Sentries","floor":14,"turns":5},{"damage":38,"enemies":"Slime Boss","floor":16,"turns":12}],"seed_played":"-6410029697177955011","potions_obtained":[{"floor":1.0,"key":"SpeedPotion"},{"floor":5.0,"key":"Energy Potion"},{"floor":7.0,"key":"Weak Potion"}],"is_trial":false,"path_per_floor":["M","M","?","M","M","R","E","R","T","M","E","M","?","E","R","B"],"character_chosen":"THE_SILENT","items_purchased":[],"campfire_rested":0,"item_purchase_floors":[],"current_hp_per_floor":[55,55,55,55,55,55,50,50,50,46,48,41,41,36,36,0,0],"gold":283,"neow_bonus":"RANDOM_COMMON_RELIC","is_daily":false,"chose_seed":false,"campfire_upgraded":3,"win_rate":0.0,"timestamp":1611594732,"path_taken":["M","M","?","M","M","R","E","R","T","M","E","?","?","E","R","BOSS"],"items_purchased_type":[],"build_version":"2020-12-22","purchased_purges":0,"victory":false,"max_hp_per_floor":[66,66,66,66,66,66,66,66,66,66,76,76,76,76,76,76,76],"card_choices":[{"not_picked":["Acrobatics","Deadly Poison"],"picked":"Masterful Stab","floor":1.0},{"not_picked":["Eviscerate","Dodge and Roll","Slice"],"picked":"SKIP","floor":2.0},{"not_picked":["Flying Knee","Masterful Stab"],"picked":"Crippling Poison","floor":4.0},{"not_picked":["Expertise","Sucker Punch"],"picked":"Dagger Spray","floor":5.0},{"not_picked":["Dagger Throw","Deflect"],"picked":"PiercingWail","floor":7.0},{"not_picked":["Dagger Spray","Footwork"],"picked":"Finisher","floor":10.0},{"not_picked":["Flying Knee","Poisoned Stab"],"picked":"Wraith Form v2","floor":11},{"not_picked":["Deadly Poison","Backstab"],"picked":"Cloak And Dagger","floor":12},{"not_picked":["Riddle With Holes","Prepared","Glass Knife"],"picked":"SKIP","floor":14}],"player_experience":1804118,"relics_obtained":[{"floor":7.0,"key":"Bag of Marbles"},{"floor":9.0,"key":"Smiling Mask"},{"floor":11,"key":"Pear"},{"floor":14,"key":"Omamori"}],"event_choices":[{"damage_healed":0.0,"max_hp_gain":0.0,"max_hp_loss":0.0,"gold_gain":0.0,"cards_transformed":["Strike_G"],"event_name":"Transmorgrifier","player_choice":"Transformed","floor":3.0,"gold_loss":0.0,"damage_taken":0.0,"cards_obtained":["Cloak And Dagger"]},{"damage_healed":0,"gold_gain":0,"player_choice":"Upgraded","damage_taken":0,"max_hp_gain":0,"max_hp_loss":0,"event_name":"Upgrade Shrine","floor":13,"gold_loss":0,"cards_upgraded":["Cloak And Dagger"]}],"is_beta":false,"boss_relics":[],"items_purged_floors":[],"is_endless":false,"potions_floor_spawned":[1,5,7],"killed_by":"Slime Boss","ascension_level":20}}