{"host":"2q4w55ev63ot6isg","time":1611594574,"event":{"mods":["Aspiration","BaseMod","Downfall","Hubris","Marisa????????","Minty Spire (QoL Compilation)","Replay The Spire","StSLib","The Cursed","The Jungle","The Servant 0.9.4"],"gold_per_floor":[213,213,231,247,21,21,21,21,21,52,52,52,52,67,67,164,164,152,152,152,80,92,92,104,104,104,119,144,159,74,91,91,191,191,210,210,210,220,238,238,251,251,251,59,93,93,113,113,113,113],"floor_reached":51,"language":"ENG","playtime":2210,"items_purged":["Strike_B"],"score":674,"play_id":"b7437696-d8cf-4591-9609-08df1f6a0469","local_time":"20210125090934","is_ascension_mode":true,"campfire_choices":[{"data":"Zap","floor":6.0,"key":"SMITH"},{"data":"Zap","floor":8.0,"key":"SMITH"},{"data":"White Noise","floor":13.0,"key":"SMITH"},{"data":"Defragment","floor":15.0,"key":"SMITH"},{"data":"ReplayUltimateDefense","floor":23.0,"key":"SMITH"},{"data":"Self Repair","floor":23.0,"key":"SMITH"},{"data":"Fission","floor":25.0,"key":"SMITH"},{"data":"Hologram","floor":25.0,"key":"SMITH"},{"data":"White Noise","floor":32.0,"key":"SMITH"},{"data":"Leap","floor":32.0,"key":"SMITH"},{"data":"Reboot","floor":40,"key":"SMITH"},{"data":"Core Surge","floor":40,"key":"SMITH"},{"data":"Battle Trance","floor":42,"key":"SMITH"},{"data":"Defend_B","floor":42,"key":"SMITH"},{"data":"Machine Learning","floor":49,"key":"SMITH"},{"data":"Shrug It Off","floor":49,"key":"SMITH"}],"circlet_count":0,"master_deck":["Strike_B","Strike_B","Defend_B","Defend_B","Defend_B+1","Defend_B","Zap+1","Dualcast+1","Leap+1","Zap+1","Hologram+1","Self Repair+1","White Noise+1","Defragment+1","Amplify+1","Injury","downfall:Haunted","Languid","Battle Trance+1","Amnesia","ReplayUltimateDefense+1","Static Discharge+1","Fission+1","White Noise+1","Coolheaded+1","Reboot+1","Core Surge+1","Storm+1","Capacitor+1","Shrug It Off+1","Machine Learning+1"],"relics":["Cracked Core","Replay:Frozen Program","hubris:DisguiseKit","HornCleat","hubris:BundleOfHerbs","Ring of Panic","Replay:Ancient Bell","Anchor","Blue Candle","Replay:Arrowhead","ReplayTheSpireMod:CursedCoin","Meat on the Bone","Centennial Puzzle","Nunchaku","hubris:TerracottaHorce","Solar Panel","aspiration:Nostalgia","Replay:M_SmolderingBlood","Gremlin Horn","hubris:Towel"],"acts_visited":["Exordium","TheCity","TheBeyond"],"potions_floor_usage":[50,50],"damage_taken":[{"damage":8.0,"enemies":"Small Slimes","floor":1.0,"turns":3.0},{"damage":1.0,"enemies":"Cultist","floor":3.0,"turns":3.0},{"damage":0.0,"enemies":"Jaw Worm","floor":4.0,"turns":4.0},{"damage":3.0,"enemies":"Replay:BlueRogue","floor":10.0,"turns":5.0},{"damage":17.0,"enemies":"3 Louse","floor":14.0,"turns":4.0},{"damage":32.0,"enemies":"Hexaghost","floor":16.0,"turns":9.0},{"damage":21.0,"enemies":"2 Thieves","floor":18.0,"turns":4.0},{"damage":12.0,"enemies":"3 Byrds","floor":22.0,"turns":3.0},{"damage":17.0,"enemies":"Sentry and Sphere","floor":24.0,"turns":6.0},{"damage":0.0,"enemies":"Snake Plant","floor":27.0,"turns":7.0},{"damage":39.0,"enemies":"Slavers","floor":28.0,"turns":4.0},{"damage":1.0,"enemies":"Shelled Parasite and Fungi","floor":29.0,"turns":7.0},{"damage":16.0,"enemies":"Chosen and Byrds","floor":31.0,"turns":6.0},{"damage":60.0,"enemies":"Automaton","floor":33.0,"turns":10.0},{"damage":2.0,"enemies":"Orb Walker","floor":35.0,"turns":4.0},{"damage":37.0,"enemies":"3 Shapes","floor":38.0,"turns":6.0},{"damage":18,"enemies":"Sphere and 2 Shapes","floor":39,"turns":6},{"damage":0,"enemies":"Maw","floor":41,"turns":8},{"damage":3,"enemies":"R_Hoarder","floor":45,"turns":7},{"damage":12,"enemies":"Transient","floor":47,"turns":5},{"damage":8,"enemies":"Replay:Hell Engine","floor":50,"turns":14}],"seed_played":"1160060646850775134","potions_obtained":[{"floor":1.0,"key":"Weak Potion"},{"floor":16.0,"key":"SneckoOil"},{"floor":18.0,"key":"PowerPotion"},{"floor":27.0,"key":"SteroidPotion"},{"floor":28.0,"key":"LiquidMemories"},{"floor":29.0,"key":"Dexterity Potion"},{"floor":35.0,"key":"SmokeBomb"},{"floor":39,"key":"Elixir"}],"is_trial":false,"path_per_floor":["M","?","M","M","$","R","?","R","T","E","T","?","R","M","R","B",null,"M","?","?","$","M","R","M","R","T","M","E","M","?","M","R","B",null,"M","?","?","M","M","R","M","R","T","$","E","?","M","?","R","B",null],"character_chosen":"DEFECT","items_purchased":["Replay:Frozen Program","ReplayTheSpireMod:CursedCoin","ReplayUltimateDefense","Static Discharge+1","aspiration:Nostalgia","Capacitor"],"campfire_rested":0,"item_purchase_floors":[5,21,21,21,44,44],"current_hp_per_floor":[67,67,66,66,66,66,66,66,66,70,70,70,70,72,72,53,75,68,54,54,54,49,49,52,52,52,72,55,80,80,74,74,36,69,80,80,80,63,55,55,65,65,65,65,80,80,80,80,80,80],"gold":113,"neow_bonus":"HUNDRED_GOLD","is_daily":false,"chose_seed":false,"campfire_upgraded":16,"win_rate":0.0,"timestamp":1611594574,"path_taken":["M","?","M","?","$","R","?","R","T","E","?","?","R","M","R","BOSS","M","?","?","$","M","R","M","R","T","?","E","M","?","M","R","BOSS","M","?","?","M","?","R","M","R","T","$","E","?","M","?","R","BOSS"],"items_purchased_type":["Relic","Relic","Card","Card","Relic","Card"],"build_version":"2020-12-22","purchased_purges":1,"victory":true,"max_hp_per_floor":[75,75,75,75,75,75,75,75,75,75,75,75,75,75,75,75,75,75,80,80,80,80,80,80,80,80,80,80,80,80,80,80,80,80,80,80,80,80,80,80,80,80,80,80,80,80,80,80,80,80],"card_choices":[{"not_picked":["Darkness","Compile Driver"],"picked":"Leap","floor":1.0},{"not_picked":["Leap","ReplayGash"],"picked":"Hologram","floor":3.0},{"not_picked":["Storm","Hello World"],"picked":"Self Repair","floor":4.0},{"not_picked":["Heatsinks","Stack","Battle Trance"],"picked":"White Noise","floor":10.0},{"not_picked":["Doom and Gloom","Chill","Dropkick"],"picked":"Defragment","floor":14.0},{"not_picked":["Hyperbeam","Fission","Demonic Infusion"],"picked":"Amplify","floor":16.0},{"not_picked":["Delirium","ReplayTheSpireMod:Splinters","Looming Evil"],"picked":"Injury","floor":17.0},{"not_picked":["CurseOfTheBell","Replay:Hysterical Blindness","Replay:Sluggish"],"picked":"downfall:Haunted","floor":17.0},{"not_picked":["hubris:Sloth","downfall:Icky","ReplayTheSpireMod:IOU"],"picked":"Languid","floor":17.0},{"not_picked":["Beam Cell","Tempest","Hologram"],"picked":"Battle Trance","floor":18.0},{"not_picked":["Steam","Barrage","hubris:Ukulele+1","Sentinel"],"picked":"SKIP","floor":22.0},{"not_picked":["Compile Driver+1","Streamline","ReplayTheSpireMod:Muscle Training"],"picked":"Fission","floor":24.0},{"not_picked":["hubris:PowerSurge+1","Stack","Ball Lightning","Perfected Strike"],"picked":"SKIP","floor":27.0},{"not_picked":["Tempest","FTL","Blood for Blood"],"picked":"White Noise","floor":28.0},{"not_picked":["ReplayTheSpireMod:Repulse","Beam Cell","Darkness","Shockwave"],"picked":"SKIP","floor":29.0},{"not_picked":["Leap","Streamline","Cleave"],"picked":"Coolheaded+1","floor":31.0},{"not_picked":["hubris:DoWhile","Buffer","Impervious"],"picked":"Reboot","floor":33.0},{"not_picked":["Stack+1","BasicCrystalCard","Streamline+1","Spot Weakness"],"picked":"SKIP","floor":35.0},{"not_picked":["Compile Driver","Redo+1","Darkness","Thunderclap"],"picked":"SKIP","floor":38.0},{"not_picked":["Sunder","ReplayTheSpireMod:Repulse+1","Warcry"],"picked":"Storm+1","floor":39},{"not_picked":["Undo","Coolheaded","Ball Lightning","Flame Barrier"],"picked":"SKIP","floor":41},{"not_picked":["Coolheaded","FollowUp+1","Time Bomb"],"picked":"Shrug It Off","floor":45},{"not_picked":["Gash+1","Coolheaded+1","Anger"],"picked":"Machine Learning","floor":47}],"player_experience":163742,"relics_obtained":[{"floor":9.0,"key":"hubris:DisguiseKit"},{"floor":10.0,"key":"HornCleat"},{"floor":11.0,"key":"hubris:BundleOfHerbs"},{"floor":12.0,"key":"Ring of Panic"},{"floor":26.0,"key":"Meat on the Bone"},{"floor":28.0,"key":"Centennial Puzzle"},{"floor":43,"key":"Solar Panel"},{"floor":45,"key":"Gremlin Horn"}],"event_choices":[{"damage_healed":0.0,"max_hp_gain":0.0,"max_hp_loss":0.0,"gold_gain":0.0,"event_name":"Match and Keep!","player_choice":"1 cards matched","floor":2.0,"gold_loss":0.0,"damage_taken":0.0,"cards_obtained":["Zap"]},{"damage_healed":0.0,"max_hp_gain":5.0,"max_hp_loss":0.0,"gold_gain":0.0,"event_name":"Forgotten Altar","player_choice":"Shed Blood","floor":19.0,"gold_loss":0.0,"damage_taken":19.0},{"damage_healed":0.0,"max_hp_gain":0.0,"max_hp_loss":0.0,"gold_gain":0.0,"event_name":"Upgrade Shrine","player_choice":"Upgraded","floor":20.0,"gold_loss":0.0,"damage_taken":0.0,"cards_upgraded":["Amplify"]},{"damage_healed":0.0,"max_hp_gain":0.0,"max_hp_loss":0.0,"gold_gain":0.0,"event_name":"Addict","player_choice":"Obtained Relic","floor":30.0,"gold_loss":85.0,"damage_taken":0.0,"relics_obtained":["Nunchaku"]},{"damage_healed":0.0,"max_hp_gain":0.0,"max_hp_loss":0.0,"gold_gain":0.0,"event_name":"Tomb of Lord Red Mask","player_choice":"Ignored","floor":36.0,"gold_loss":0.0,"damage_taken":0.0},{"damage_healed":0.0,"max_hp_gain":0.0,"max_hp_loss":0.0,"gold_gain":0.0,"cards_transformed":["Strike_B"],"event_name":"Transmorgrifier","player_choice":"Transformed","floor":37.0,"gold_loss":0.0,"damage_taken":0.0,"cards_obtained":["Core Surge"]}],"is_beta":false,"boss_relics":[{"not_picked":["aspiration:FutureDiary","Inserter"],"picked":"Replay:Ancient Bell"},{"not_picked":["War Paint","Dream Catcher"],"picked":"Anchor"},{"not_picked":["Letter Opener","Replay:WaspNest"],"picked":"Blue Candle"},{"not_picked":["WingedGreaves","hubris:AstralHammer"],"picked":"Replay:Arrowhead"},{"not_picked":["Fusion Hammer","Pandora\u0027s Box"],"picked":"hubris:TerracottaHorce"}],"items_purged_floors":[5],"is_endless":false,"potions_floor_spawned":[1,16,18,27,28,29,35,39,45],"ascension_level":4}}