{"host":"7qoz5gmva6til3yp","time":1611581375,"event":{"mods":["AchievementEnabler","BaseMod","Minty Spire (QoL Compilation)","StSLib","SuperFastMode"],"gold_per_floor":[112,124,142,161,173,173,183,183,209,235,252,266,293,73,73,168,168,188,207,307,317,329,329,364,364,364,364,264,299,26,37,37,138,138,149,149,149,131,178,178,192,192,192,308,337,337,366,398,410,422],"floor_reached":51,"language":"KOR","playtime":1539,"items_purged":["Strike_P","Defend_P","Strike_P","Defend_P"],"score":1415,"play_id":"ca30b9cf-d660-4858-853b-0307a0258621","local_time":"20210125222935","is_ascension_mode":true,"campfire_choices":[{"data":"Eruption","floor":6.0,"key":"SMITH"},{"data":"Scrawl","floor":8.0,"key":"SMITH"},{"data":"ConjureBlade","floor":15,"key":"SMITH"},{"data":"MentalFortress","floor":23,"key":"SMITH"},{"data":"Vault","floor":25,"key":"SMITH"},{"data":"DeusExMachina","floor":32,"key":"SMITH"},{"data":"Adaptation","floor":40,"key":"SMITH"},{"data":"Collect","floor":42,"key":"SMITH"},{"data":"Vigilance","floor":46,"key":"SMITH"},{"data":"EmptyFist","floor":49,"key":"SMITH"}],"circlet_count":0,"master_deck":["AscendersBane","Strike_P","Strike_P","Defend_P","Defend_P","Eruption+1","Vigilance+1","ConjureBlade+1","EmptyFist+1","Scrawl+1","MentalFortress+1","Collect+1","DeusExMachina+1","Vault+1","Adaptation+1"],"relics":["PureWater","Centennial Puzzle","Question Card","Nunchaku","Vajra","Runic Dome","Omamori","Singing Bowl","Darkstone Periapt","Potion Belt","Coffee Dripper","CloakClasp","Lantern","MealTicket","MawBank"],"acts_visited":["Exordium","TheCity","TheBeyond"],"potions_floor_usage":[29,33,44,50],"damage_taken":[{"damage":6.0,"enemies":"Small Slimes","floor":1.0,"turns":3.0},{"damage":1.0,"enemies":"Cultist","floor":2.0,"turns":3.0},{"damage":11.0,"enemies":"2 Louse","floor":3.0,"turns":3.0},{"damage":13.0,"enemies":"Red Slaver","floor":4.0,"turns":5.0},{"damage":6.0,"enemies":"Looter","floor":5.0,"turns":3.0},{"damage":17.0,"enemies":"Exordium Thugs","floor":7.0,"turns":5.0},{"damage":2.0,"enemies":"3 Sentries","floor":10.0,"turns":4.0},{"damage":10.0,"enemies":"2 Fungi Beasts","floor":11.0,"turns":3.0},{"damage":4.0,"enemies":"Blue Slaver","floor":12.0,"turns":7.0},{"damage":0,"enemies":"Lagavulin","floor":13,"turns":6},{"damage":21,"enemies":"Slime Boss","floor":16,"turns":5},{"damage":1,"enemies":"Shell Parasite","floor":18,"turns":3},{"damage":26,"enemies":"2 Thieves","floor":19,"turns":4},{"damage":31,"enemies":"Snake Plant","floor":21,"turns":3},{"damage":61,"enemies":"Centurion and Healer","floor":22,"turns":7},{"damage":33,"enemies":"Slavers","floor":24,"turns":7},{"damage":1,"enemies":"Book of Stabbing","floor":29,"turns":3},{"damage":8,"enemies":"Snecko","floor":31,"turns":3},{"damage":31,"enemies":"Champ","floor":33,"turns":7},{"damage":19,"enemies":"3 Darklings","floor":35,"turns":8},{"damage":2,"enemies":"2 Orb Walkers","floor":39,"turns":4},{"damage":32,"enemies":"3 Shapes","floor":41,"turns":3},{"damage":21,"enemies":"Sphere and 2 Shapes","floor":44,"turns":5},{"damage":9,"enemies":"Reptomancer","floor":45,"turns":4},{"damage":0,"enemies":"Giant Head","floor":47,"turns":4},{"damage":0,"enemies":"Spire Growth","floor":48,"turns":3},{"damage":95,"enemies":"Time Eater","floor":50,"turns":5}],"seed_played":"7628914517346636419","potions_obtained":[{"floor":3.0,"key":"GamblersBrew"},{"floor":4.0,"key":"EssenceOfSteel"},{"floor":21,"key":"LiquidMemories"},{"floor":24,"key":"Fruit Juice"},{"floor":29,"key":"Explosive Potion"},{"floor":39,"key":"BlessingOfTheForge"},{"floor":44,"key":"DuplicationPotion"},{"floor":45,"key":"Ancient Potion"}],"is_trial":false,"path_per_floor":["M","M","M","M","M","R","M","R","T","E","M","M","E","$","R","B",null,"M","M","?","M","M","R","E","R","T","?","$","E","$","M","R","B",null,"M","$","?","$","?","R","M","R","T","M","E","R","E","M","R","B",null],"character_chosen":"WATCHER","items_purchased":["Vajra","Potion Belt","Adaptation"],"campfire_rested":0,"item_purchase_floors":[14,30,38],"current_hp_per_floor":[59,58,47,34,28,28,11,11,11,9,62,58,58,58,58,37,63,62,36,36,5,11,11,39,39,39,32,32,33,33,27,27,52,75,58,58,58,58,58,58,28,28,28,66,59,59,61,63,63,38],"gold":434,"neow_bonus":"ONE_RANDOM_RARE_CARD","is_daily":false,"chose_seed":false,"campfire_upgraded":10,"win_rate":0.0,"timestamp":1611581375,"path_taken":["M","M","M","M","M","R","M","R","T","E","M","M","E","$","R","BOSS","M","M","?","M","?","R","E","R","T","?","$","E","$","M","R","BOSS","M","$","?","$","?","R","?","R","T","M","E","R","E","M","R","BOSS"],"items_purchased_type":["Relic","Relic","Card"],"build_version":"2020-12-22","purchased_purges":4,"victory":true,"max_hp_per_floor":[72,72,72,72,72,72,72,72,72,72,72,72,72,72,72,72,72,72,72,72,72,72,72,72,72,72,72,72,74,74,76,76,83,83,85,85,81,81,83,83,85,85,85,87,89,89,91,93,93,93],"card_choices":[{"not_picked":["Fasting2","Crescendo"],"picked":"EmptyFist","floor":1.0},{"not_picked":["Sanctity","CrushJoints","CutThroughFate"],"picked":"SKIP","floor":2.0},{"not_picked":["SashWhip","BowlingBash","FlurryOfBlows"],"picked":"SKIP","floor":3.0},{"not_picked":["EmptyFist","Fasting2"],"picked":"Scrawl","floor":4.0},{"not_picked":["FlyingSleeves","Indignation"],"picked":"MentalFortress","floor":5.0},{"not_picked":["Indignation","ClearTheMind","Prostrate"],"picked":"SKIP","floor":7.0},{"not_picked":["CutThroughFate","Prostrate","SashWhip"],"picked":"SKIP","floor":10.0},{"not_picked":["ClearTheMind","Study","SandsOfTime"],"picked":"Collect","floor":11.0},{"not_picked":["SashWhip","Perseverance","CrushJoints","CarveReality"],"picked":"SKIP","floor":12.0},{"not_picked":["ReachHeaven","Brilliance","FlurryOfBlows","SignatureMove"],"picked":"SKIP","floor":13},{"not_picked":["Judgement","MasterReality","Establishment"],"picked":"DeusExMachina","floor":16},{"not_picked":["Evaluate","FollowUp+1","JustLucky","Protect"],"picked":"SKIP","floor":18},{"not_picked":["Weave","FlurryOfBlows","PathToVictory+1","ReachHeaven"],"picked":"SKIP","floor":19},{"not_picked":["CarveReality+1","Collect","FlurryOfBlows+1","FlyingSleeves"],"picked":"SKIP","floor":21},{"not_picked":["Collect","ClearTheMind","JustLucky","WindmillStrike"],"picked":"SKIP","floor":22},{"not_picked":["Swivel","FearNoEvil","Prostrate+1"],"picked":"Vault","floor":24},{"not_picked":["WheelKick","Crescendo","Meditate+1","Worship"],"picked":"Singing Bowl","floor":29},{"not_picked":["Vengeance","SashWhip","WreathOfFlame","Pray"],"picked":"Singing Bowl","floor":31},{"not_picked":["Omniscience","Alpha","Brilliance","Establishment"],"picked":"Singing Bowl","floor":33},{"not_picked":["JustLucky+1","ThirdEye","EmptyBody","CutThroughFate"],"picked":"Singing Bowl","floor":35},{"not_picked":["FollowUp+1","Crescendo","Consecrate","SandsOfTime+1"],"picked":"Singing Bowl","floor":39},{"not_picked":["Weave+1","DeceiveReality","ClearTheMind","EmptyBody"],"picked":"Singing Bowl","floor":41},{"not_picked":["FlurryOfBlows","ClearTheMind","Fasting2+1","Wallop+1"],"picked":"Singing Bowl","floor":44},{"not_picked":["Worship","ForeignInfluence+1","TalkToTheHand","Wallop+1"],"picked":"Singing Bowl","floor":45},{"not_picked":["Consecrate","ClearTheMind+1","FlyingSleeves+1","MasterReality"],"picked":"Singing Bowl","floor":47},{"not_picked":["ThirdEye","FollowUp+1","JustLucky+1","ClearTheMind"],"picked":"Singing Bowl","floor":48}],"player_experience":443599,"relics_obtained":[{"floor":9.0,"key":"Centennial Puzzle"},{"floor":10.0,"key":"Question Card"},{"floor":13,"key":"Nunchaku"},{"floor":24,"key":"Omamori"},{"floor":26,"key":"Singing Bowl"},{"floor":29,"key":"Darkstone Periapt"},{"floor":39,"key":"CloakClasp"},{"floor":43,"key":"Lantern"},{"floor":45,"key":"MealTicket"},{"floor":47,"key":"MawBank"}],"event_choices":[{"damage_healed":0,"gold_gain":100,"player_choice":"Pray","damage_taken":0,"max_hp_gain":0,"max_hp_loss":0,"event_name":"Golden Shrine","floor":20,"gold_loss":0},{"damage_healed":0,"gold_gain":0,"player_choice":"Damaged","damage_taken":7,"max_hp_gain":0,"max_hp_loss":0,"event_name":"Wheel of Change","floor":27,"gold_loss":0},{"damage_healed":0,"gold_gain":0,"player_choice":"Max HP","damage_taken":0,"max_hp_gain":0,"max_hp_loss":4,"event_name":"Winding Halls","floor":37,"gold_loss":0},{"damage_healed":0,"gold_gain":0,"player_choice":"Fight","damage_taken":0,"max_hp_gain":0,"max_hp_loss":0,"event_name":"Mysterious Sphere","floor":39,"gold_loss":0}],"is_beta":false,"boss_relics":[{"not_picked":["Fusion Hammer","Velvet Choker"],"picked":"Runic Dome"},{"not_picked":["VioletLotus","Astrolabe"],"picked":"Coffee Dripper"}],"items_purged_floors":[14,28,30,38],"is_endless":false,"potions_floor_spawned":[3,4,5,12,13,21,24,29,39,44,45],"ascension_level":11}}