{"host":"fligtxqnrbjmaaid","time":1611552111,"event":{"mods":["ATMod(°¢èªMod)","AchievementEnabler","Act Like it!","BaseMod","Dota2Spire","Downfall","Hallownest","Infinite Spire","Lobotomy","Marisa£¨ìFÓê¡¡Ä§ÀíÉ³£©","Minty Spire (QoL Compilation)","Replay The Spire","StSLib","The Blackbeard","The Construct","The Cursed","The Gatherer","The Runesmith","[IsaacMod]ÒÔÈö¼âËþ"],"gold_per_floor":[119,135,155,3,23,56,156,156,237,249,265,265,282,298,298,402,402,419,437,450,465,483,483,494,522,522,522,552,249,249,265,265,265,265],"floor_reached":33,"language":"ZHS","playtime":1877,"items_purged":["Strike_R","Strike_R"],"score":320,"play_id":"51ae61ac-7157-470b-9152-763a3d22a9f2","local_time":"20210125132151","is_ascension_mode":false,"campfire_choices":[{"floor":8,"key":"REST"},{"floor":15,"key":"RECALL"},{"floor":23,"key":"REST"},{"floor":32,"key":"REST"}],"circlet_count":0,"master_deck":["Strike_R","Strike_R","Defend_R","Defend_R","Defend_R","Defend_R","Bash","Anger","Wild Strike","Rupture","Combust","downfall:Haunted","downfall:Haunted","Limit Break","ReplayTheSpireMod:Doomed","Hallownest:curseDreamersLament","Armaments","Fire Breathing","Massacre","Immolate","Feel No Pain+1","Spot Weakness","Blood for Blood","AT_CaressingTears","Wild Strike","RitualDagger","Massacre","Reaper","Reaper","Immolate"],"relics":["Burning Blood","HushsDoor","AT_ATBox","PillsDrop","FossilizedHelix","Du-Vu Doll","AT_ImmortalShieldbow","Black Star","Dota2Spire:MagicBottle","infinitespire:ShieldingShard","AT_ForceNature","Runesmith:AutoHammer","TuHaoJin","Membership Card"],"acts_visited":["Exordium","TheCity"],"potions_floor_usage":[16,16,16,22,33],"damage_taken":[{"damage":0,"enemies":"Cultist","floor":1,"turns":2},{"damage":0,"enemies":"2 Louse","floor":2,"turns":2},{"damage":0,"enemies":"Small Slimes","floor":3,"turns":2},{"damage":9,"enemies":"Red Slaver","floor":5,"turns":4},{"damage":39,"enemies":"Lagavulin","floor":6,"turns":4},{"damage":7,"enemies":"Exordium Thugs","floor":10,"turns":3},{"damage":14,"enemies":"Lots of Slimes","floor":11,"turns":4},{"damage":19,"enemies":"3 Louse","floor":13,"turns":2},{"damage":0,"enemies":"2 Fungi Beasts","floor":14,"turns":1},{"damage":30,"enemies":"The Guardian","floor":16,"turns":6},{"damage":3,"enemies":"Chosen","floor":18,"turns":4},{"damage":15,"enemies":"2 Thieves","floor":19,"turns":2},{"damage":39,"enemies":"Snake Plant","floor":20,"turns":3},{"damage":12,"enemies":"Centurion and Healer","floor":21,"turns":3},{"damage":0,"enemies":"3 Cultists","floor":22,"turns":2},{"damage":18,"enemies":"Snake Plant","floor":24,"turns":2},{"damage":39,"enemies":"Book of Stabbing","floor":25,"turns":4},{"damage":48,"enemies":"Replay:Snechameleon","floor":28,"turns":7},{"damage":37,"enemies":"Snecko","floor":31,"turns":6},{"damage":149,"enemies":"Champ","floor":33,"turns":7}],"seed_played":"-784500252363578612","potions_obtained":[{"floor":1,"key":"Fire Potion"},{"floor":6,"key":"Fire Potion"},{"floor":10,"key":"Weak Potion"},{"floor":16,"key":"Elixir"},{"floor":19,"key":"DistilledChaos"},{"floor":22,"key":"Fire Potion"},{"floor":28,"key":"construct:ShiftPotion"}],"is_trial":false,"path_per_floor":["M","M","M","$","M","E","?","R","T","M","M","T","M","M","R","B",null,"M","M","M","M","M","R","M","E","T","?","E","$","?","M","R","B"],"character_chosen":"IRONCLAD","items_purchased":["Combust","Reaper","Membership Card"],"campfire_rested":3,"item_purchase_floors":[4,29,29],"current_hp_per_floor":[80,80,80,80,80,50,55,82,82,81,73,73,60,66,66,42,91,86,77,44,38,44,69,57,86,86,80,55,55,55,45,70,0,0],"gold":265,"neow_bonus":"REMOVE_CARD","is_daily":false,"chose_seed":false,"campfire_upgraded":0,"win_rate":0.0,"timestamp":1611552111,"path_taken":["M","M","M","?","M","E","?","R","T","?","M","?","M","M","R","BOSS","M","M","M","?","M","R","M","E","T","?","E","$","?","M","R","BOSS"],"items_purchased_type":["Card","Card","Relic"],"build_version":"2020-12-22","purchased_purges":2,"victory":false,"max_hp_per_floor":[80,80,80,80,83,86,91,91,91,91,91,91,91,91,91,91,91,86,86,86,86,86,86,86,86,86,86,86,86,86,86,86,86,86],"card_choices":[{"not_picked":[],"picked":"Bomb","floor":0},{"not_picked":["Shrug It Off","Run Through"],"picked":"Anger","floor":1},{"not_picked":["Thunderclap","Sword Boomerang"],"picked":"Wild Strike","floor":2},{"not_picked":["Twin Strike","Seeing Red"],"picked":"Rupture","floor":3},{"not_picked":["Uppercut","Warcry","Corruption"],"picked":"SKIP","floor":5},{"not_picked":["Hemokinesis","Perfected Strike","Warcry"],"picked":"SKIP","floor":6},{"not_picked":["Hemokinesis","Perfected Strike","Warcry"],"picked":"SKIP","floor":6},{"not_picked":["Pummel","Intimidate"],"picked":"Armaments","floor":10},{"not_picked":["Iron Wave","Pummel"],"picked":"Fire Breathing","floor":11},{"not_picked":["Body Slam","Cleave"],"picked":"Massacre","floor":13},{"not_picked":["Bloodletting","Sword Boomerang","Clothesline"],"picked":"SKIP","floor":14},{"not_picked":["Exhume","Corruption"],"picked":"Immolate","floor":16},{"not_picked":["ReplayTheSpireMod:Strike From Hell","Bloodletting+1","Headbutt"],"picked":"SKIP","floor":18},{"not_picked":["Intimidate","Dark Embrace"],"picked":"Feel No Pain+1","floor":19},{"not_picked":["Sword Boomerang","Dual Wield"],"picked":"Spot Weakness","floor":20},{"not_picked":["Eclipse","Warcry","Uppercut+1"],"picked":"SKIP","floor":21},{"not_picked":["Twin Strike","Armaments"],"picked":"Blood for Blood","floor":22},{"not_picked":["Shrug It Off","ReplayTheSpireMod:Strike From Hell"],"picked":"AT_CaressingTears","floor":24},{"not_picked":["Havoc","Shockwave"],"picked":"Wild Strike","floor":25},{"not_picked":["Hemokinesis","Cleave"],"picked":"Massacre","floor":28},{"not_picked":["Twin Strike","Searing Blow+1"],"picked":"Immolate","floor":31}],"player_experience":67654,"relics_obtained":[{"floor":6,"key":"FossilizedHelix"},{"floor":12,"key":"AT_ImmortalShieldbow"},{"floor":25,"key":"Dota2Spire:MagicBottle"},{"floor":25,"key":"infinitespire:ShieldingShard"},{"floor":26,"key":"AT_ForceNature"},{"floor":28,"key":"Runesmith:AutoHammer"},{"floor":28,"key":"TuHaoJin"}],"event_choices":[{"damage_healed":0,"gold_gain":0,"player_choice":"Joined the Cult","damage_taken":6,"max_hp_gain":0,"max_hp_loss":0,"event_name":"Nest","floor":27,"gold_loss":0,"cards_obtained":["RitualDagger"]}],"is_beta":false,"boss_relics":[{"not_picked":["Philosopher\u0027s Stone","Honey Jar"],"picked":"Black Star"},{"not_picked":[]}],"items_purged_floors":[4,29],"is_endless":false,"potions_floor_spawned":[1,6,10,16,19,22,28],"killed_by":"Champ","ascension_level":0}}