{"host":"yqa5il53nhlo2jdd","time":1611587401,"event":{"mods":["AchievementEnabler","Arknights The Spire","BaseMod","BetterRewards","Minty Spire (QoL Compilation)","StSLib","[IsaacMod]ÒÔÈö¼âËþ"],"gold_per_floor":[115,115,65,65,81,122,141,155,155,155,171,194,194,214,214,309,309,322,322,322,335,356,356,380,380,380,148,171,209,234,252,252,342,342,358,382,382,408,408,408],"floor_reached":39,"language":"ZHS","playtime":2245,"items_purged":["ats:Strike G","ats:Defend","ats:Defend"],"score":1084,"play_id":"87b39660-7d0e-4d88-a885-0fcf20276417","local_time":"20210125231001","is_ascension_mode":true,"campfire_choices":[{"data":"ats:Emotion Absorption","floor":13.0,"key":"SMITH"},{"data":"ats:Mental Burst","floor":15.0,"key":"SMITH"},{"floor":23.0,"key":"REST"},{"floor":25.0,"key":"REST"},{"floor":32.0,"key":"REST"}],"circlet_count":0,"master_deck":["AscendersBane","ats:Strike C","ats:Strike S","ats:Armor Crushing Shot","ats:Defend+1","ats:Defend","ats:Emotion Absorption+1","ats:Mental Burst+1","ats:Very Hot Blade+1","ats:Guardian Obelisk+1","ats:Soul Absorption+1"],"relics":["ats:Sanity","HushsDoor","Leech","BookofShadows","Sundial","Toxic Egg 2","Golden Idol","ats:Originium","Diplopia","TheBible","Runic Pyramid","Oddly Smooth Stone","PreservedInsect","PillsDrop","Black Star","Orichalcum"],"acts_visited":["Exordium","TheCity","TheBeyond"],"potions_floor_usage":[35,36],"damage_taken":[{"damage":6.0,"enemies":"Cultist","floor":1.0,"turns":3.0},{"damage":0.0,"enemies":"2 Louse","floor":5.0,"turns":2.0},{"damage":4.0,"enemies":"Lagavulin","floor":6.0,"turns":5.0},{"damage":0.0,"enemies":"Jaw Worm","floor":7.0,"turns":1.0},{"damage":0.0,"enemies":"Large Slime","floor":8.0,"turns":1.0},{"damage":0.0,"enemies":"Blue Slaver","floor":11.0,"turns":2.0},{"damage":0.0,"enemies":"Exordium Thugs","floor":12.0,"turns":4.0},{"damage":9.0,"enemies":"Exordium Wildlife","floor":14.0,"turns":4.0},{"damage":0.0,"enemies":"Slime Boss","floor":16.0,"turns":6.0},{"damage":5.0,"enemies":"Shell Parasite","floor":18.0,"turns":3.0},{"damage":0.0,"enemies":"Chosen","floor":21.0,"turns":3.0},{"damage":7.0,"enemies":"Sentry and Sphere","floor":22.0,"turns":4.0},{"damage":16.0,"enemies":"Shelled Parasite and Fungi","floor":24.0,"turns":5.0},{"damage":3.0,"enemies":"Chosen and Byrds","floor":28.0,"turns":4.0},{"damage":4.0,"enemies":"Gremlin Leader","floor":29.0,"turns":4.0},{"damage":16.0,"enemies":"Centurion and Healer","floor":30.0,"turns":4.0},{"damage":4.0,"enemies":"3 Cultists","floor":31.0,"turns":4.0},{"damage":0.0,"enemies":"Champ","floor":33.0,"turns":7.0},{"damage":0,"enemies":"3 Darklings","floor":35,"turns":4},{"damage":13,"enemies":"3 Shapes","floor":36,"turns":3},{"damage":57,"enemies":"Sphere and 2 Shapes","floor":39,"turns":4}],"seed_played":"-9187202806838479517","potions_obtained":[{"floor":5.0,"key":"DuplicationPotion"},{"floor":6.0,"key":"Weak Potion"},{"floor":8.0,"key":"Fruit Juice"},{"floor":11.0,"key":"Weak Potion"},{"floor":14.0,"key":"SkillPotion"},{"floor":18.0,"key":"Swift Potion"},{"floor":28.0,"key":"Block Potion"},{"floor":31.0,"key":"LiquidMemories"},{"floor":33.0,"key":"FearPotion"},{"floor":35,"key":"BlessingOfTheForge"}],"is_trial":false,"path_per_floor":["M","?","?","?","M","E","M","M","T","?","M","M","R","M","R","B",null,"M","?","?","M","M","R","M","R","T","$","M","E","M","M","R","B",null,"M","M","?","T","M"],"character_chosen":"DOCTOR_CLASS","items_purchased":["ats:Mental Burst","BookofShadows","ats:Very Hot Blade","Sundial","Toxic Egg 2","ats:Guardian Obelisk+1","BlessingOfTheForge","ats:Soul Absorption+1","PreservedInsect"],"campfire_rested":3,"item_purchase_floors":[0,0,0,0,0,0,0,17,27],"current_hp_per_floor":[61,47,47,47,48,48,49,54,54,54,56,59,59,53,53,58,63,59,59,59,61,57,64,50,64,64,64,63,63,50,49,64,64,57,60,49,49,49,0,0],"gold":408,"neow_bonus":"","is_daily":false,"chose_seed":false,"campfire_upgraded":2,"win_rate":0.0,"timestamp":1611587401,"path_taken":["M","?","?","?","?","E","M","M","T","?","M","M","R","M","R","BOSS","M","?","?","?","M","R","?","R","T","$","M","E","M","M","R","BOSS","M","M","?","?","M"],"items_purchased_type":["Card","Relic","Card","Relic","Relic","Card","Potion","Card","Relic"],"build_version":"2020-12-22","purchased_purges":3,"victory":false,"max_hp_per_floor":[72,72,72,67,67,67,67,72,72,72,72,72,72,72,72,72,64,64,64,64,64,64,64,64,64,64,64,64,64,64,64,64,64,57,60,60,60,60,60,60],"card_choices":[{"not_picked":[],"picked":"Bomb","floor":0.0},{"not_picked":["ats:Charging Defense+1","ats:Hammer On","ats:Curse Doll+1"],"picked":"SKIP","floor":1.0},{"not_picked":["ats:Curse Doll+1","ats:Overload","ats:Nebulous Foxfire+1"],"picked":"SKIP","floor":5.0},{"not_picked":["ats:Apocalypse+1","ats:Hammer On"],"picked":"Bomb","floor":6.0},{"not_picked":["ats:Very Hot Blade","ats:Song Of Battle","ats:Explosion Area Strengthen"],"picked":"SKIP","floor":7.0},{"not_picked":["ats:Steam Pump+1","ats:Phantom","ats:Closed Bolt Burst Fire"],"picked":"SKIP","floor":8.0},{"not_picked":["ats:Apocalypse+1","ats:Automatic Cover+1","ats:Directed Diagnosis+1"],"picked":"SKIP","floor":11.0},{"not_picked":["ats:Blood Oath","ats:Roar Of Ursus","ats:Directed Diagnosis+1"],"picked":"SKIP","floor":12.0},{"not_picked":["ats:Explosion Area Strengthen","ats:Overload","ats:Curse Doll+1"],"picked":"SKIP","floor":14.0},{"not_picked":["ats:Apocalypse+1","ats:Phantom","ats:Explosion Area Strengthen"],"picked":"SKIP","floor":18.0},{"not_picked":["ats:Mental Burst","ats:Leaping Hammer+1","ats:Beaten Up+1"],"picked":"SKIP","floor":21.0},{"not_picked":["ats:Cat Scratch","ats:Spore Proliferation+1","ats:Shell Defense+1"],"picked":"SKIP","floor":22.0},{"not_picked":["ats:Sword Rain","ats:Defend Order","ats:Revitalization+1"],"picked":"SKIP","floor":24.0},{"not_picked":["ats:Serious Mode","ats:Apocalypse+1","ats:Hammer On"],"picked":"SKIP","floor":28.0},{"not_picked":["ats:Hook Shot+1","ats:Closed Bolt Burst Fire+1","ats:Beaten Up+1"],"picked":"SKIP","floor":29.0},{"not_picked":["ats:Ignite","ats:Absolute Focus+1","ats:Blood Oath+1"],"picked":"SKIP","floor":30.0},{"not_picked":["ats:Ignite","ats:Healing Strengthening","ats:Curse Doll+1"],"picked":"SKIP","floor":31.0},{"not_picked":["ats:Powerful Strike","ats:Shell Defense+1","ats:Very Hot Blade"],"picked":"SKIP","floor":35},{"not_picked":["ats:Support Order+1","ats:Phantom","ats:Apocalypse+1"],"picked":"SKIP","floor":36}],"player_experience":700579,"relics_obtained":[{"floor":6.0,"key":"ats:Originium"},{"floor":6.0,"key":"Diplopia"},{"floor":9.0,"key":"TheBible"},{"floor":26.0,"key":"Oddly Smooth Stone"},{"floor":29.0,"key":"ats:Originium"},{"floor":29.0,"key":"PillsDrop"},{"floor":38,"key":"Orichalcum"}],"event_choices":[{"damage_healed":0.0,"max_hp_gain":0.0,"max_hp_loss":0.0,"gold_gain":0.0,"event_name":"Shining Light","player_choice":"Entered Light","floor":2.0,"gold_loss":0.0,"damage_taken":14.0,"cards_upgraded":["ats:Very Hot Blade","ats:Defend"]},{"cards_removed":["ats:Strike V"],"damage_healed":0.0,"max_hp_gain":0.0,"max_hp_loss":0.0,"gold_gain":0.0,"event_name":"The Cleric","player_choice":"Card Removal","floor":3.0,"gold_loss":50.0,"damage_taken":0.0},{"damage_healed":0.0,"max_hp_gain":0.0,"max_hp_loss":5.0,"gold_gain":0.0,"event_name":"Golden Idol","player_choice":"Lose Max HP","floor":4.0,"gold_loss":0.0,"damage_taken":0.0,"relics_obtained":["Golden Idol"]},{"damage_healed":0.0,"max_hp_gain":0.0,"max_hp_loss":0.0,"gold_gain":0.0,"event_name":"Liars Game","player_choice":"Ignored","floor":10.0,"gold_loss":0.0,"damage_taken":0.0},{"damage_healed":0.0,"max_hp_gain":0.0,"max_hp_loss":0.0,"gold_gain":0.0,"event_name":"Match and Keep!","player_choice":"0 cards matched","floor":20.0,"gold_loss":0.0,"damage_taken":0.0,"cards_obtained":[]},{"damage_healed":0,"gold_gain":0,"player_choice":"Ignored","damage_taken":0,"max_hp_gain":0,"max_hp_loss":0,"event_name":"Mysterious Sphere","floor":37,"gold_loss":0}],"is_beta":false,"boss_relics":[{"not_picked":["Runic Dome","Snecko Eye"],"picked":"Runic Pyramid"},{"not_picked":[]},{"not_picked":["Pandora\u0027s Box","Calling Bell"],"picked":"Black Star"},{"not_picked":[]}],"items_purged_floors":[17,27,34],"is_endless":false,"potions_floor_spawned":[5,6,8,11,14,18,28,31,33,35],"killed_by":"Sphere and 2 Shapes","ascension_level":13}}