{"host":"9tdk3zzhmpo6o3dg","time":1611566613,"event":{"mods":["AchievementEnabler","Act Like it!","BaseMod","Downfall","Gensokyo","Hermit","Koishi","Marisa（F雨　魔理沙）","Minty Spire (QoL Compilation)","Remilia（蕾米莉亚）","SOS（斯巴达之子）","Shop Mod","StSLib","The Alterego","The Cursed","The Hierophant","The Marked","The Senshi","The Servant 0.9.4","WarShipGirlsR/战舰少女R mod"],"gold_per_floor":[112,131,131,131,131,131,163,163,186,202,219,235,250,262,262,359,359,378,398,398,181,198,227,227,237,263,35,35,70,89,107,107,207,207,226,70,0,0,0,0,100,135,135,135,169,169,119,131,131,131],"floor_reached":51,"language":"ZHS","playtime":2550,"items_purged":[],"score":842,"play_id":"a95f2fab-93ba-4972-9483-c9d9292ca86a","local_time":"20210125172333","is_ascension_mode":true,"campfire_choices":[{"data":"Eruption","floor":6.0,"key":"SMITH"},{"data":"Consecrate","floor":8.0,"key":"SMITH"},{"data":"ForeignInfluence","floor":15.0,"key":"SMITH"},{"data":"Establishment","floor":24.0,"key":"SMITH"},{"data":"WindmillStrike","floor":28.0,"key":"SMITH"},{"data":"ForeignInfluence","floor":32.0,"key":"SMITH"},{"data":"Devotion","floor":40.0,"key":"SMITH"},{"data":"Wraith","floor":44.0,"key":"PURGE"},{"data":"Wish","floor":46.0,"key":"SMITH"},{"data":"ThirdEye","floor":49.0,"key":"SMITH"}],"circlet_count":0,"master_deck":["Strike_P","Strike_P","Defend_P","Defend_P","Defend_P","Eruption+1","Vigilance","Pray","Consecrate+1","Protect","ThirdEye+1","Weave","WindmillStrike+1","CutThroughFate","ForeignInfluence+1","Establishment+1","MentalFortress","EmptyFist","ForeignInfluence+1","CarveReality","Protect+1","ThirdEye+1","Evaluate+1","CarveReality","Wish+1","ForeignInfluence+1","EmptyMind+1","Devotion+1","Halt+1","Protect","Pray+1"],"relics":["HolyWater","Toy Ornithopter","FaceOfCleric","ScarletDevilRocket","Bag of Marbles","Coffee Dripper","Sling","Juzu Bracelet","Boot","Medical Kit","Bird Faced Urn","Toolbox","Meat on the Bone","Art of War","Peace Pipe","Ginger"],"acts_visited":["Exordium","TheCity","TheBeyond"],"potions_floor_usage":[50,50,50],"damage_taken":[{"damage":2.0,"enemies":"Jaw Worm","floor":1.0,"turns":3.0},{"damage":1.0,"enemies":"Small Slimes","floor":2.0,"turns":3.0},{"damage":13.0,"enemies":"3 Sentries","floor":7.0,"turns":6.0},{"damage":0.0,"enemies":"Cultist","floor":10.0,"turns":1.0},{"damage":4.0,"enemies":"Exordium Wildlife","floor":11.0,"turns":5.0},{"damage":0.0,"enemies":"Lots of Slimes","floor":12.0,"turns":1.0},{"damage":6.0,"enemies":"3 Louse","floor":13.0,"turns":3.0},{"damage":0.0,"enemies":"Gremlin Gang","floor":14.0,"turns":3.0},{"damage":31.0,"enemies":"Hexaghost","floor":16.0,"turns":3.0},{"damage":12.0,"enemies":"3 Byrds","floor":18.0,"turns":4.0},{"damage":0.0,"enemies":"Chosen","floor":19.0,"turns":3.0},{"damage":9.0,"enemies":"Sentry and Sphere","floor":22.0,"turns":4.0},{"damage":0.0,"enemies":"Slavers","floor":23.0,"turns":3.0},{"damage":9.0,"enemies":"Snecko","floor":25.0,"turns":4.0},{"damage":4.0,"enemies":"Book of Stabbing","floor":29.0,"turns":3.0},{"damage":0.0,"enemies":"3 Cultists","floor":30.0,"turns":4.0},{"damage":0.0,"enemies":"Snake Plant","floor":31.0,"turns":2.0},{"damage":33.0,"enemies":"Champ","floor":33.0,"turns":8.0},{"damage":6.0,"enemies":"Orb Walker","floor":35.0,"turns":3.0},{"damage":27.0,"enemies":"Reptomancer","floor":42.0,"turns":5.0},{"damage":9.0,"enemies":"Giant Head","floor":45.0,"turns":6.0},{"damage":0.0,"enemies":"3 Darklings","floor":48.0,"turns":3.0},{"damage":71,"enemies":"Time Eater","floor":50,"turns":7}],"seed_played":"3914452243282506563","potions_obtained":[{"floor":2.0,"key":"Strength Potion"},{"floor":7.0,"key":"ColorlessPotion"},{"floor":12.0,"key":"CultistPotion"},{"floor":16.0,"key":"Fire Potion"},{"floor":19.0,"key":"SkillPotion"},{"floor":23.0,"key":"SpeedPotion"},{"floor":31.0,"key":"Dexterity Potion"},{"floor":42.0,"key":"SpeedPotion"}],"is_trial":false,"path_per_floor":["M","M","?","?","?","R","E","R","T","M","M","M","M","M","R","B",null,"M","M","?","$","M","E","R","M","T","$","R","E","M","M","R","B",null,"M","$","?","?","$","R","?","E","T","R","E","R","$","M","R","B",null],"character_chosen":"WATCHER","items_purchased":["Sling","CarveReality","CarveReality","Medical Kit","Toolbox","Energy Potion"],"campfire_rested":0,"item_purchase_floors":[21,21,27,27,36,47],"current_hp_per_floor":[63,62,44,37,37,37,25,25,25,26,23,24,24,25,25,5,72,61,62,62,62,54,65,65,62,62,62,62,59,62,65,65,37,81,80,80,80,80,80,80,80,58,58,58,58,58,58,61,61,24],"gold":131,"neow_bonus":"REMOVE_TWO","is_daily":false,"chose_seed":false,"campfire_upgraded":9,"win_rate":0.0,"timestamp":1611566613,"path_taken":["M","M","?","?","?","R","E","R","T","M","M","M","M","?","R","BOSS","M","M","?","$","M","E","R","M","T","$","R","E","M","M","R","BOSS","M","?","?","?","$","R","?","E","T","R","E","R","$","M","R","BOSS"],"items_purchased_type":["Relic","Card","Card","Relic","Relic","Potion"],"build_version":"2020-12-22","purchased_purges":0,"victory":true,"max_hp_per_floor":[65,65,65,65,65,65,66,66,66,67,68,69,70,71,71,72,72,73,74,74,74,75,76,76,77,77,77,77,78,79,80,80,81,81,82,82,82,82,82,82,82,83,83,83,84,84,84,85,85,86],"card_choices":[{"not_picked":["Crescendo","Collect"],"picked":"Pray","floor":1.0},{"not_picked":["SashWhip","CrushJoints"],"picked":"Consecrate","floor":2.0},{"not_picked":["WaveOfTheHand","LikeWater"],"picked":"Protect","floor":7.0},{"not_picked":["Sanctity","CutThroughFate"],"picked":"ThirdEye","floor":10.0},{"not_picked":["WreathOfFlame","JustLucky"],"picked":"Weave","floor":11.0},{"not_picked":["Study","FollowUp"],"picked":"WindmillStrike","floor":12.0},{"not_picked":["Crescendo","Fasting2"],"picked":"CutThroughFate","floor":13.0},{"not_picked":["FollowUp","JustLucky"],"picked":"ForeignInfluence","floor":14.0},{"not_picked":["Vault","Brilliance"],"picked":"Establishment","floor":16.0},{"not_picked":["FollowUp+1","Tantrum"],"picked":"MentalFortress","floor":18.0},{"not_picked":["FlurryOfBlows","Evaluate"],"picked":"EmptyFist","floor":19.0},{"not_picked":["BowlingBash","Evaluate"],"picked":"Protect+1","floor":22.0},{"not_picked":["Crescendo","Nirvana"],"picked":"ThirdEye+1","floor":23.0},{"not_picked":["BowlingBash","Tantrum"],"picked":"Evaluate+1","floor":25.0},{"not_picked":["Crescendo","Consecrate"],"picked":"Wish","floor":29.0},{"not_picked":["Nirvana","TalkToTheHand"],"picked":"ForeignInfluence","floor":30.0},{"not_picked":["WreathOfFlame","FlyingSleeves"],"picked":"EmptyMind+1","floor":31.0},{"not_picked":["ConjureBlade","SpiritShield"],"picked":"Devotion","floor":33.0},{"not_picked":["Study+1","Protect"],"picked":"Halt+1","floor":35.0},{"not_picked":["WindmillStrike","FlurryOfBlows+1"],"picked":"Protect","floor":42.0},{"not_picked":["DeceiveReality","LikeWater"],"picked":"Pray+1","floor":45.0},{"not_picked":["LikeWater","Consecrate+1","ThirdEye"],"picked":"SKIP","floor":48.0}],"player_experience":213586,"relics_obtained":[{"floor":7.0,"key":"ScarletDevilRocket"},{"floor":9.0,"key":"Bag of Marbles"},{"floor":23.0,"key":"Juzu Bracelet"},{"floor":26.0,"key":"Boot"},{"floor":29.0,"key":"Bird Faced Urn"},{"floor":42.0,"key":"Art of War"},{"floor":43.0,"key":"Peace Pipe"},{"floor":45.0,"key":"Ginger"}],"event_choices":[{"damage_healed":0.0,"max_hp_gain":0.0,"max_hp_loss":0.0,"gold_gain":0.0,"event_name":"Scrap Ooze","player_choice":"Success","floor":3.0,"gold_loss":0.0,"damage_taken":18.0,"relics_obtained":["Toy Ornithopter"]},{"cards_removed":["Strike_P"],"damage_healed":0.0,"max_hp_gain":0.0,"max_hp_loss":0.0,"gold_gain":0.0,"event_name":"Golden Wing","player_choice":"Card Removal","floor":4.0,"gold_loss":0.0,"damage_taken":7.0},{"damage_healed":0.0,"max_hp_gain":0.0,"max_hp_loss":0.0,"gold_gain":0.0,"event_name":"FaceTrader","player_choice":"Trade","floor":5.0,"gold_loss":0.0,"damage_taken":0.0,"relics_obtained":["FaceOfCleric"]},{"damage_healed":0.0,"max_hp_gain":0.0,"max_hp_loss":0.0,"gold_gain":0.0,"event_name":"Duplicator","player_choice":"Copied","floor":20.0,"gold_loss":0.0,"damage_taken":0.0,"cards_obtained":["ForeignInfluence"]},{"damage_healed":0.0,"max_hp_gain":0.0,"max_hp_loss":0.0,"gold_gain":0.0,"event_name":"WeMeetAgain","player_choice":"Paid Gold","floor":37.0,"gold_loss":70.0,"damage_taken":0.0,"relics_obtained":["Meat on the Bone"]},{"damage_healed":0.0,"max_hp_gain":0.0,"max_hp_loss":0.0,"gold_gain":0.0,"event_name":"OrinTheCat","player_choice":"Ignored","floor":38.0,"gold_loss":0.0,"damage_taken":0.0},{"damage_healed":0.0,"max_hp_gain":0.0,"max_hp_loss":0.0,"gold_gain":100.0,"event_name":"Golden Shrine","player_choice":"Pray","floor":41.0,"gold_loss":0.0,"damage_taken":0.0}],"is_beta":false,"boss_relics":[{"not_picked":["bronze:MakeshiftBattery","SacredBark"],"picked":"Coffee Dripper"},{"not_picked":["Sozu","Velvet Choker"],"picked":"HolyWater"}],"items_purged_floors":[],"is_endless":false,"potions_floor_spawned":[2,7,12,16,19,23,31,42],"ascension_level":2}}