{"host":"f5n4tidiz2n5sooh","time":1611551007,"event":{"mods":["BaseMod","Colored Map","Minty Spire (QoL Compilation)","Relic Stats","Slay the Relics Exporter","StSLib"],"gold_per_floor":[109,128,278,296,308,308,308,308],"floor_reached":7,"language":"ENG","playtime":315,"items_purged":[],"score":86,"play_id":"c0ec4ceb-bce7-438d-bbd5-13b63a52cb7a","local_time":"20210124230327","is_ascension_mode":true,"campfire_choices":[],"circlet_count":0,"master_deck":["AscendersBane","Strike_G","Strike_G","Strike_G","Strike_G","Strike_G","Defend_G","Defend_G","Defend_G","Defend_G","Defend_G","Survivor","Neutralize","Sucker Punch","PiercingWail","Doubt","Caltrops"],"relics":["Ring of the Snake","NeowsBlessing","Frozen Egg 2"],"acts_visited":["Exordium"],"potions_floor_usage":[5],"damage_taken":[{"damage":0,"enemies":"Small Slimes","floor":1,"turns":1},{"damage":0,"enemies":"2 Louse","floor":2,"turns":1},{"damage":0,"enemies":"Jaw Worm","floor":4,"turns":1},{"damage":31,"enemies":"Exordium Wildlife","floor":5,"turns":8},{"damage":29,"enemies":"Gremlin Nob","floor":7,"turns":3}],"seed_played":"-6196048021846706879","potions_obtained":[{"floor":4,"key":"Fire Potion"}],"is_trial":false,"path_per_floor":["M","M","?","M","M","?","E"],"character_chosen":"THE_SILENT","items_purchased":[],"campfire_rested":0,"item_purchase_floors":[],"current_hp_per_floor":[59,59,59,59,28,10,0,0],"gold":308,"neow_bonus":"THREE_ENEMY_KILL","is_daily":false,"chose_seed":false,"campfire_upgraded":0,"win_rate":0.0,"timestamp":1611551007,"path_taken":["M","M","?","M","M","?","E"],"items_purchased_type":[],"build_version":"2020-12-22","purchased_purges":0,"victory":false,"max_hp_per_floor":[66,66,66,66,66,66,66,66],"relic_stats":{"counters":[5,14],"obtain_stats":[{"NeowsBlessing":0,"Frozen Egg 2":6,"Ring of the Snake":0},{"NeowsBlessing":0,"Frozen Egg 2":4,"Ring of the Snake":0},{"NeowsBlessing":0,"Frozen Egg 2":11,"Ring of the Snake":0}],"Ring of the Snake":[10]},"card_choices":[{"not_picked":["Deflect","Concentrate"],"picked":"Sucker Punch","floor":1},{"not_picked":["Backstab","Slice"],"picked":"PiercingWail","floor":2},{"not_picked":["Underhanded Strike","Backstab","Distraction"],"picked":"SKIP","floor":4},{"not_picked":["Heel Hook","Slice"],"picked":"Caltrops","floor":5}],"player_experience":2026916,"relics_obtained":[],"event_choices":[{"damage_healed":0,"gold_gain":150,"player_choice":"AGREE","damage_taken":0,"max_hp_gain":0,"max_hp_loss":0,"event_name":"Liars Game","floor":3,"gold_loss":0,"cards_obtained":["Doubt"]},{"damage_healed":0,"gold_gain":0,"player_choice":"Success","damage_taken":18,"relics_obtained":["Frozen Egg 2"],"max_hp_gain":0,"max_hp_loss":0,"event_name":"Scrap Ooze","floor":6,"gold_loss":0}],"is_beta":false,"boss_relics":[],"items_purged_floors":[],"is_endless":false,"potions_floor_spawned":[4],"killed_by":"Gremlin Nob","ascension_level":20}}