{"host":"5nj7t8259370g0gl","time":1611577330,"event":{"mods":["AchievementEnabler","BaseMod","Bestiary","Colored Map","Colored Powertips","Displayed Cursed Tome","Downfall","Minty Spire (QoL Compilation)","Permanent Neow","Relic Sorter","Shop Mod","StSLib"],"gold_per_floor":[500112,499587,498998,498998,499018,499043,499076,499104,499104,499138,499138,498468,498468,498495,498495,498597,498597,498608,498608,498608,497947,497980,498007,498007,498039,498051,497195,497229,497260,497270,497287,497287,497391,497391,497403,497403,497423,496832,496860,496894,496894,496343,496343,496368,496368,496403,496403,496435,496435,496535,496535,496553,496553,495964,495987,496005,496034,496069,496069,496069,496069,496098,495577,495604,495622,495622,495728,495728,495745,495401,495401,495401,495417,495448,495448,495248,495281,495281,495281,494604,494633,494666,494666,494766,494766,494784,494784,494795,494134,494165,494165,493803,493803,493842,493473,493500,493500,493500,493529,493529,493627,493627,493627,493627],"floor_reached":102,"language":"ENG","playtime":19362,"items_purged":["bronze:WhirlingStrike","bronze:WildBeam","bronze:BuggyMess","bronze:FollowUp+1","bronze:FollowUp+1","bronze:Shield","bronze:Branch+1","bronze:BurnOut+1","bronze:ShipIt+1","bronze:FineTuning+1","bronze:FineTuning+1"],"score":3228,"play_id":"fa4cd413-a0a9-4cf4-883d-b67cb483ebfd","local_time":"20210125232210","daily_mods":["SealedDeck","Heirloom","Flight","DeadlyEvents"],"is_ascension_mode":false,"campfire_choices":[{"data":"bronze:Terminator","floor":11.0,"key":"SMITH"},{"data":"bronze:FollowUp","floor":13.0,"key":"SMITH"},{"data":"bronze:MaxOutput","floor":15.0,"key":"SMITH"},{"data":"bronze:FindAndReplace","floor":24.0,"key":"SMITH"},{"data":"bronze:ItsAFeature","floor":32.0,"key":"SMITH"},{"data":"bronze:Separator","floor":41.0,"key":"SMITH"},{"data":"bronze:BugBarrage","floor":45.0,"key":"SMITH"},{"data":"bronze:FineTuning","floor":47.0,"key":"SMITH"},{"data":"bronze:BurnOut","floor":49.0,"key":"SMITH"},{"data":"Trip","floor":59.0,"key":"SMITH"},{"floor":61.0,"key":"REST"},{"floor":66.0,"key":"DIG"},{"floor":75,"key":"DIG"},{"floor":78,"key":"DIG"},{"floor":79,"key":"DIG"},{"floor":83,"key":"DIG"},{"floor":91,"key":"DIG"},{"floor":93,"key":"DIG"},{"floor":97,"key":"DIG"},{"floor":98,"key":"DIG"},{"floor":100,"key":"DIG"}],"circlet_count":0,"master_deck":["bronze:MaxOutput+1","bronze:BugBarrage+1","bronze:FineTuning+1","bronze:Constructor+1","bronze:Terminator+1","bronze:ItsAFeature+1","bronze:FindAndReplace+1","bronze:FineTuning+1","Trip+1","bronze:ChosenStrike+1","bronze:MaxOutput+1","bronze:MaxOutput+1","bronze:ItsAFeature+1","bronze:MaxOutput+1"],"relics":["bronze:BronzeCore","FossilizedHelix","Ice Cream","Blood Vial","Pen Nib","champ:Barbells","Guardian:PocketSentry","Pear","Boot","Anchor","hexamod:BolsterEngine","Nunchaku","sneckomod:BlankCard","TheAbacus","Blue Candle","Slimebound:PreparedRelic","Runic Pyramid","Strange Spoon","Lantern","Art of War","Incense Burner","MawBank","War Paint","Molten Egg 2","Du-Vu Doll","Medical Kit","PreservedInsect","Centennial Puzzle","Black Star","bronze:BottledCode","Frozen Egg 2","Bag of Preparation","bronze:BronzeIdol","Toy Ornithopter","champ:DeflectingBracers","Bottled Lightning","Matryoshka","Strawberry","Lee\u0027s Waffle","Darkstone Periapt","Akabeko","Regal Pillow","Happy Flower","Turnip","Bottled Tornado","Oddly Smooth Stone","Smiling Mask","Cursed Key","Tiny Chest","Bronze Scales","Orrery","Odd Mushroom","Shovel","Vajra","CeramicFish","SlaversCollar","Orichalcum","bronze:ProtectiveGoggles","Ancient Tea Set","Dream Catcher","Prayer Wheel","MealTicket","StrikeDummy","Thread and Needle","Frozen Eye","White Beast Statue","Fusion Hammer","Slimebound:StickyStick","Sling","Lizard Tail","Potion Belt","Bag of Marbles","Whetstone","Calipers","Omamori","bronze:DonusWashers","Eternal Feather","Pantograph","Coffee Dripper"],"acts_visited":["Exordium","TheCity","TheBeyond","Exordium","TheCity","TheBeyond","Exordium"],"potions_floor_usage":[84],"damage_taken":[{"damage":0.0,"enemies":"Small Slimes","floor":1.0,"turns":2.0},{"damage":0.0,"enemies":"Cultist","floor":5.0,"turns":4.0},{"damage":0.0,"enemies":"3 Sentries","floor":6.0,"turns":5.0},{"damage":0.0,"enemies":"Gremlin Nob","floor":7.0,"turns":3.0},{"damage":0.0,"enemies":"Lagavulin","floor":8.0,"turns":4.0},{"damage":0.0,"enemies":"3 Sentries","floor":10.0,"turns":4.0},{"damage":0.0,"enemies":"Gremlin Nob","floor":14.0,"turns":2.0},{"damage":0.0,"enemies":"Slime Boss","floor":16.0,"turns":5.0},{"damage":0.0,"enemies":"Shell Parasite","floor":18.0,"turns":3.0},{"damage":0.0,"enemies":"Gremlin Leader","floor":22.0,"turns":4.0},{"damage":0.0,"enemies":"Slavers","floor":23.0,"turns":4.0},{"damage":0.0,"enemies":"Gremlin Leader","floor":25.0,"turns":4.0},{"damage":0.0,"enemies":"Book of Stabbing","floor":28.0,"turns":3.0},{"damage":0.0,"enemies":"Slavers","floor":29.0,"turns":3.0},{"damage":0.0,"enemies":"Chosen","floor":30.0,"turns":2.0},{"damage":0.0,"enemies":"Snecko","floor":31.0,"turns":2.0},{"damage":0.0,"enemies":"Collector","floor":33.0,"turns":3.0},{"damage":0.0,"enemies":"3 Shapes","floor":35.0,"turns":2.0},{"damage":0.0,"enemies":"3 Darklings","floor":37.0,"turns":3.0},{"damage":0.0,"enemies":"Nemesis","floor":39.0,"turns":2.0},{"damage":0.0,"enemies":"Giant Head","floor":40.0,"turns":3.0},{"damage":0.0,"enemies":"Nemesis","floor":44.0,"turns":2.0},{"damage":0.0,"enemies":"Reptomancer","floor":46.0,"turns":2.0},{"damage":0.0,"enemies":"Nemesis","floor":48.0,"turns":1.0},{"damage":0.0,"enemies":"Time Eater","floor":50.0,"turns":2.0},{"damage":0.0,"enemies":"Cultist","floor":52.0,"turns":1.0},{"damage":0.0,"enemies":"The Mushroom Lair","floor":55.0,"turns":1.0},{"damage":0.0,"enemies":"Jaw Worm","floor":56.0,"turns":1.0},{"damage":0.0,"enemies":"Gremlin Nob","floor":57.0,"turns":1.0},{"damage":0.0,"enemies":"Lagavulin","floor":58.0,"turns":1.0},{"damage":0.0,"enemies":"3 Sentries","floor":62.0,"turns":2.0},{"damage":0.0,"enemies":"Gremlin Nob","floor":64.0,"turns":1.0},{"damage":0.0,"enemies":"2 Louse","floor":65.0,"turns":1.0},{"damage":0.0,"enemies":"The Guardian","floor":67.0,"turns":1.0},{"damage":0.0,"enemies":"Shell Parasite","floor":69.0,"turns":1.0},{"damage":0,"enemies":"Spheric Guardian","floor":73,"turns":1},{"damage":0,"enemies":"Slavers","floor":74,"turns":1},{"damage":0,"enemies":"Gremlin Leader","floor":77,"turns":1},{"damage":0,"enemies":"Slavers","floor":81,"turns":1},{"damage":0,"enemies":"Gremlin Leader","floor":82,"turns":1},{"damage":0,"enemies":"Champ","floor":84,"turns":2},{"damage":0,"enemies":"Orb Walker","floor":86,"turns":1},{"damage":0,"enemies":"3 Shapes","floor":88,"turns":1},{"damage":0,"enemies":"Giant Head","floor":90,"turns":1},{"damage":0,"enemies":"Nemesis","floor":94,"turns":1},{"damage":0,"enemies":"Reptomancer","floor":96,"turns":1},{"damage":0,"enemies":"Nemesis","floor":99,"turns":1},{"damage":0,"enemies":"Donu and Deca","floor":101,"turns":1}],"seed_played":"3773992891774241948","potions_obtained":[{"floor":5.0,"key":"EssenceOfSteel"},{"floor":7.0,"key":"DistilledChaos"},{"floor":8.0,"key":"Swift Potion"},{"floor":23.0,"key":"bronze:FreeFunctionsPotion"},{"floor":25.0,"key":"FairyPotion"},{"floor":84,"key":"sneckomod:MuddlingPotion"},{"floor":96,"key":"sneckomod:MuddlingPotion"},{"floor":99,"key":"Fire Potion"}],"is_trial":true,"path_per_floor":["M","$","$","?","M","E","E","E","T","E","R","$","R","E","R","B",null,"M","?","?","$","E","E","R","E","T","$","E","E","M","M","R","B",null,"M","?","M","$","E","E","R","$","T","E","R","E","R","E","R","B",null,"M","?","$","?","M","E","E","R","T","R","E","$","E","M","R","B",null,"M","$","?","?","M","E","R","$","E","R","R","$","E","E","R","B",null,"M","?","M","$","E","R","$","R","E","$","E","R","R","E","R","B",null],"character_chosen":"THE_AUTOMATON","items_purchased":["Ice Cream","Blood Vial","Pen Nib","champ:Barbells","Guardian:PocketSentry","bronze:ItsAFeature","sneckomod:BlankCard","TheAbacus","Blue Candle","Strange Spoon","Lantern","Art of War","bronze:FineTuning","Molten Egg 2","Du-Vu Doll","Medical Kit","Frozen Egg 2","Bag of Preparation","Matryoshka","Strawberry","Lee\u0027s Waffle","Tiny Chest","Bronze Scales","Trip","Orrery","Shovel","Vajra","bronze:MaxOutput+1","Orichalcum","bronze:ProtectiveGoggles","Dream Catcher","StrikeDummy","Thread and Needle","Frozen Eye","Slimebound:StickyStick","Sling","Lizard Tail","Bag of Marbles","Whetstone","Omamori","bronze:DonusWashers","bronze:MaxOutput+1"],"campfire_rested":1,"item_purchase_floors":[2,2,3,3,3,3,12,12,12,21,21,21,21,27,27,27,38,38,42,42,42,54,54,54,54,63,63,63,70,70,76,80,80,80,89,89,89,92,92,95,95,95],"current_hp_per_floor":[70,70,70,70,70,80,80,80,80,80,80,80,80,80,80,80,80,80,80,80,80,80,80,80,80,80,80,80,80,80,80,80,80,80,80,70,70,70,70,70,70,84,84,84,84,84,84,84,84,84,84,84,84,84,84,84,84,84,84,84,84,84,84,84,84,84,84,84,84,84,84,84,84,84,84,84,84,84,84,84,84,84,84,84,84,84,84,84,84,84,84,84,84,84,84,84,84,84,84,84,84,84,84,84],"gold":493627,"neow_bonus":"","is_daily":false,"chose_seed":false,"campfire_upgraded":10,"win_rate":0.0,"timestamp":1611577330,"path_taken":["M","$","$","?","?","E","E","E","T","E","R","$","R","?","R","BOSS","M","?","?","$","?","E","R","E","T","$","E","E","M","M","R","BOSS","M","?","?","$","?","E","R","$","T","E","R","E","R","E","R","BOSS","M","?","$","?","?","E","E","R","T","R","?","$","?","?","R","BOSS","M","$","?","?","M","E","R","$","E","R","R","$","?","?","R","BOSS","M","?","M","$","?","R","$","R","E","$","E","R","R","?","R","BOSS"],"items_purchased_type":["Relic","Relic","Relic","Relic","Relic","Card","Relic","Relic","Relic","Relic","Relic","Relic","Card","Relic","Relic","Relic","Relic","Relic","Relic","Relic","Relic","Relic","Relic","Card","Relic","Relic","Relic","Card","Relic","Relic","Relic","Relic","Relic","Relic","Relic","Relic","Relic","Relic","Relic","Relic","Relic","Card"],"build_version":"2020-12-22","purchased_purges":11,"victory":false,"max_hp_per_floor":[70,70,70,70,70,80,80,80,80,80,80,80,80,80,80,80,80,80,80,80,80,80,80,80,80,80,80,80,80,80,80,80,80,80,80,70,70,70,70,70,70,84,84,84,84,84,84,84,84,84,84,84,84,84,84,84,84,84,84,84,84,84,84,84,84,84,84,84,84,84,84,84,84,84,84,84,84,84,84,84,84,84,84,84,84,84,84,84,84,84,84,84,84,84,84,84,84,84,84,84,84,84,84,84],"card_choices":[{"not_picked":["bronze:Fortify","bronze:Deprecate"],"picked":"bronze:WildBeam","floor":1.0},{"not_picked":["bronze:Overload","bronze:Constructor","bronze:Fortify"],"picked":"SKIP","floor":5.0},{"not_picked":["bronze:Invalidate","bronze:Break"],"picked":"bronze:BurnOut","floor":6.0},{"not_picked":["bronze:Branch","bronze:Invalidate"],"picked":"bronze:FollowUp","floor":7.0},{"not_picked":["bronze:ForceShield","bronze:DarkDash","bronze:Turbo"],"picked":"SKIP","floor":8.0},{"not_picked":["bronze:ThunderWave","bronze:Fortify"],"picked":"bronze:FollowUp","floor":10.0},{"not_picked":["bronze:Optimize","bronze:Frontload","bronze:ChosenStrike"],"picked":"SKIP","floor":14.0},{"not_picked":["bronze:Format","bronze:Break"],"picked":"bronze:FindAndReplace","floor":16.0},{"not_picked":["bronze:BuggyMess","bronze:WhirlingStrike+1","bronze:DarkDash"],"picked":"SKIP","floor":18.0},{"not_picked":["bronze:Overheat","bronze:ChosenStrike"],"picked":"bronze:FineTuning+1","floor":22.0},{"not_picked":["bronze:BitShift","bronze:Frontload","bronze:ChosenStrike"],"picked":"SKIP","floor":23.0},{"not_picked":["bronze:Turbo","bronze:ForceShield","bronze:DigitalCarnage+1"],"picked":"SKIP","floor":25.0},{"not_picked":["bronze:ForceShield","bronze:Shield","bronze:HardenedForm"],"picked":"SKIP","floor":28.0},{"not_picked":["bronze:BuggyMess","bronze:Invalidate","bronze:Branch+1"],"picked":"SKIP","floor":29.0},{"not_picked":["bronze:OilSpill+1","bronze:DelayedSlice+1","bronze:WildBeam+1"],"picked":"SKIP","floor":30.0},{"not_picked":["bronze:Constructor+1","bronze:Boost","bronze:Iterate+1"],"picked":"SKIP","floor":31.0},{"not_picked":["bronze:FineTuning+1","bronze:Branch+1","bronze:Backtrace+1"],"picked":"SKIP","floor":35.0},{"not_picked":["bronze:Frontload","bronze:ForLoop+1","bronze:WhirlingStrike+1"],"picked":"SKIP","floor":37.0},{"not_picked":["bronze:Flail+1","bronze:Overload","bronze:Branch+1"],"picked":"SKIP","floor":39.0},{"not_picked":["bronze:DigitalCarnage+1","bronze:Turbo+1","bronze:Mutator+1"],"picked":"SKIP","floor":40.0},{"not_picked":["bronze:Terminator+1","bronze:Branch+1","bronze:Shield"],"picked":"SKIP","floor":44.0},{"not_picked":["bronze:Branch+1","bronze:DelayedGuard","bronze:Shield"],"picked":"SKIP","floor":46.0},{"not_picked":["bronze:ChosenStrike+1","bronze:ChildClass+1","bronze:CutThrough+1"],"picked":"SKIP","floor":48.0},{"not_picked":["bronze:DelayedGuard","bronze:FineTuning","bronze:Turbo"],"picked":"SKIP","floor":52.0},{"not_picked":["bronze:FineTuning","bronze:BurnOut+1"],"picked":"bronze:ChosenStrike+1","floor":54.0},{"not_picked":["bronze:Optimize+1","bronze:FineTuning"],"picked":"bronze:MaxOutput+1","floor":56.0},{"not_picked":["bronze:Separator+1","bronze:ClassDefault+1","bronze:WildBeam+1"],"picked":"SKIP","floor":57.0},{"not_picked":["bronze:ClassDefault+1","bronze:FollowUp+1","bronze:FineTuning"],"picked":"SKIP","floor":58.0},{"not_picked":["bronze:Boost","bronze:Philosophize","bronze:Safeguard"],"picked":"SKIP","floor":62.0},{"not_picked":["bronze:WhirlingStrike+1","bronze:Fortify+1","bronze:ForLoop"],"picked":"SKIP","floor":64.0},{"not_picked":["bronze:NullPointer+1","bronze:Branch+1","bronze:ChildClass"],"picked":"SKIP","floor":65.0},{"not_picked":["bronze:Break+1","bronze:BurnOut+1"],"picked":"bronze:ShipIt+1","floor":67.0},{"not_picked":["bronze:DarkDash+1","bronze:FollowUp+1","bronze:Separator+1"],"picked":"SKIP","floor":69.0},{"not_picked":["bronze:Invalidate+1","bronze:Constructor","bronze:DelayedGuard"],"picked":"SKIP","floor":73},{"not_picked":["bronze:BitShift+1","bronze:CutThrough+1","bronze:WildBeam+1"],"picked":"SKIP","floor":74},{"not_picked":["bronze:CutThrough+1","bronze:DigitalCarnage+1","bronze:ThunderWave+1"],"picked":"SKIP","floor":77},{"not_picked":["bronze:Separator+1","bronze:BuggyMess","bronze:GetLatest"],"picked":"SKIP","floor":81},{"not_picked":["bronze:Shield","bronze:ChosenStrike+1","bronze:Separator+1"],"picked":"SKIP","floor":82},{"not_picked":["bronze:Turbo+1","bronze:BugBarrage+1","bronze:WildBeam+1"],"picked":"SKIP","floor":86},{"not_picked":["bronze:Shield","bronze:ChildClass","bronze:ForLoop+1"],"picked":"SKIP","floor":86},{"not_picked":["bronze:Shield","bronze:WhirlingStrike+1","bronze:Safeguard+1"],"picked":"SKIP","floor":88},{"not_picked":["bronze:Repulsor+1","bronze:BitShift","bronze:OilSpill+1"],"picked":"SKIP","floor":88},{"not_picked":["bronze:HyperBeam+1","bronze:Shield+1","bronze:Constructor"],"picked":"SKIP","floor":90},{"not_picked":["bronze:Overheat+1","bronze:Separator+1"],"picked":"bronze:ItsAFeature+1","floor":94},{"not_picked":["bronze:DelayedSlice+1","bronze:Invalidate","bronze:Fortify+1"],"picked":"SKIP","floor":96},{"not_picked":["bronze:Invalidate","bronze:Terminator+1","bronze:Shell+1"],"picked":"SKIP","floor":99}],"player_experience":811073,"relics_obtained":[{"floor":6.0,"key":"Pear"},{"floor":7.0,"key":"Boot"},{"floor":8.0,"key":"Anchor"},{"floor":9.0,"key":"hexamod:BolsterEngine"},{"floor":10.0,"key":"Nunchaku"},{"floor":14.0,"key":"Slimebound:PreparedRelic"},{"floor":22.0,"key":"Incense Burner"},{"floor":25.0,"key":"MawBank"},{"floor":26.0,"key":"War Paint"},{"floor":28.0,"key":"PreservedInsect"},{"floor":29.0,"key":"Centennial Puzzle"},{"floor":39.0,"key":"bronze:BronzeIdol"},{"floor":39.0,"key":"Toy Ornithopter"},{"floor":40.0,"key":"champ:DeflectingBracers"},{"floor":40.0,"key":"Bottled Lightning"},{"floor":43.0,"key":"Darkstone Periapt"},{"floor":43.0,"key":"Akabeko"},{"floor":44.0,"key":"Regal Pillow"},{"floor":44.0,"key":"Happy Flower"},{"floor":46.0,"key":"Turnip"},{"floor":46.0,"key":"Bottled Tornado"},{"floor":48.0,"key":"Oddly Smooth Stone"},{"floor":48.0,"key":"Smiling Mask"},{"floor":55.0,"key":"Odd Mushroom"},{"floor":66.0,"key":"CeramicFish"},{"floor":75,"key":"Ancient Tea Set"},{"floor":78,"key":"Prayer Wheel"},{"floor":79,"key":"MealTicket"},{"floor":83,"key":"White Beast Statue"},{"floor":91,"key":"Potion Belt"},{"floor":93,"key":"Calipers"},{"floor":98,"key":"Eternal Feather"},{"floor":100,"key":"Pantograph"}],"event_choices":[{"damage_healed":0.0,"max_hp_gain":0.0,"max_hp_loss":0.0,"gold_gain":0.0,"event_name":"FaceTrader","player_choice":"Leave","floor":4.0,"gold_loss":0.0,"damage_taken":0.0},{"damage_healed":0.0,"max_hp_gain":0.0,"max_hp_loss":0.0,"gold_gain":0.0,"event_name":"NoteForYourself","player_choice":"Ignored","floor":20.0,"gold_loss":0.0,"damage_taken":0.0},{"damage_healed":0.0,"max_hp_gain":0.0,"max_hp_loss":0.0,"gold_gain":0.0,"cards_transformed":["bronze:Separator"],"event_name":"Living Wall","player_choice":"Change","floor":53.0,"gold_loss":0.0,"damage_taken":0.0,"cards_obtained":["bronze:Branch"]},{"damage_healed":0.0,"max_hp_gain":0.0,"max_hp_loss":0.0,"gold_gain":0.0,"event_name":"Mushrooms","player_choice":"Fought Mushrooms","floor":55.0,"gold_loss":0.0,"damage_taken":0.0},{"damage_healed":0,"gold_gain":0,"player_choice":"Ignored","damage_taken":0,"max_hp_gain":0,"max_hp_loss":0,"event_name":"Transmorgrifier","floor":72,"gold_loss":0},{"damage_healed":0,"gold_gain":0,"player_choice":"Bought 0 Potions","damage_taken":0,"max_hp_gain":0,"max_hp_loss":0,"event_name":"The Woman in Blue","floor":87,"gold_loss":0}],"is_beta":false,"boss_relics":[{"not_picked":["Tiny House","expansioncontent:StudyCardRelic"],"picked":"Runic Pyramid"},{"not_picked":["Velvet Choker","SlaversCollar"],"picked":"Black Star"},{"not_picked":["Astrolabe","Empty Cage"],"picked":"Cursed Key"},{"not_picked":["Snecko Eye","Empty Cage"],"picked":"SlaversCollar"},{"not_picked":["expansioncontent:StudyCardRelic","Philosopher\u0027s Stone"],"picked":"Fusion Hammer"},{"not_picked":["Runic Dome","Tiny House"],"picked":"Coffee Dripper"}],"items_purged_floors":[2,3,12,21,27,38,54,70,76,89,92],"is_endless":true,"potions_floor_spawned":[5,7,8,10,23,25,30,31,33,37,39,44,50,52,55,56,64,67,73,81,82,84,86,88,90,94,96,99,101],"ascension_level":0}}