{"host":"zxkjcgzis4pm3za5","time":1611603216,"event":{"mods":["AchievementEnabler","Act Like it!","BaseMod","Colored Map","Colored Powertips","Friendly Minions","GifTheSpireLib","Minty Spire (QoL Compilation)","Quick Restart","RNG Fix","Random Character Button","Relic Filter Mod","Relic Sorter","Relic Stats","StSLib"],"gold_per_floor":[112,112,37,56,76,76,111,111,135,35,35,64,64,92,92,92,92],"floor_reached":16,"language":"ENG","playtime":400,"items_purged":["Strike_B","Strike_B"],"score":215,"play_id":"83510448-cb93-4d78-990b-20d23c46fde7","local_time":"20210126010336","is_ascension_mode":true,"campfire_choices":[{"data":"Rip and Tear","floor":6,"key":"SMITH"},{"data":"Fusion","floor":8,"key":"SMITH"},{"data":"Sweeping Beam","floor":11,"key":"SMITH"},{"data":"Thunder Strike","floor":15,"key":"SMITH"}],"circlet_count":0,"master_deck":["AscendersBane","Strike_B","Defend_B","Defend_B","Defend_B","Defend_B","Zap+1","Dualcast","Ball Lightning","Rip and Tear+1","Sweeping Beam+1","Fusion+1","Lockon","Thunder Strike+1"],"relics":["SacredBark","Bag of Marbles","DataDisk","Gambling Chip","StrikeDummy"],"acts_visited":["Exordium"],"potions_floor_usage":[12,14],"damage_taken":[{"damage":7,"enemies":"Cultist","floor":1,"turns":4},{"damage":1,"enemies":"2 Louse","floor":4,"turns":4},{"damage":2,"enemies":"Jaw Worm","floor":5,"turns":3},{"damage":20,"enemies":"3 Sentries","floor":7,"turns":5},{"damage":3,"enemies":"Gremlin Nob","floor":12,"turns":3},{"damage":10,"enemies":"3 Sentries","floor":14,"turns":4},{"damage":15,"enemies":"Hexaghost","floor":16,"turns":4}],"seed_played":"-5150425967310019069","potions_obtained":[{"floor":5,"key":"Swift Potion"},{"floor":7,"key":"Explosive Potion"},{"floor":12,"key":"PotionOfCapacity"}],"is_trial":false,"path_per_floor":["M","?","$","M","M","R","E","R","T","$","R","E","?","E","R","B"],"character_chosen":"DEFECT","items_purchased":[],"campfire_rested":0,"item_purchase_floors":[],"current_hp_per_floor":[57,57,57,56,54,54,34,34,34,34,34,31,24,14,14,0,0],"gold":92,"neow_bonus":"BOSS_RELIC","is_daily":false,"chose_seed":false,"campfire_upgraded":4,"win_rate":0.0,"timestamp":1611603216,"path_taken":["M","?","$","M","M","R","E","R","T","$","R","E","?","E","R","BOSS"],"items_purchased_type":[],"build_version":"2020-12-22","purchased_purges":2,"victory":false,"max_hp_per_floor":[71,71,71,71,71,71,71,71,71,71,71,71,71,71,71,71,71],"relic_stats":{"counters":[7,27],"Gambling Chip":[5],"obtain_stats":[{"DataDisk":9,"SacredBark":0,"Gambling Chip":12,"Bag of Marbles":7,"Cracked Core":0,"StrikeDummy":14},{"DataDisk":4,"SacredBark":0,"Gambling Chip":5,"Bag of Marbles":4,"Cracked Core":0,"StrikeDummy":6},{"DataDisk":16,"SacredBark":0,"Gambling Chip":19,"Bag of Marbles":16,"Cracked Core":0,"StrikeDummy":23}]},"card_choices":[{"not_picked":["Cold Snap","FTL"],"picked":"Ball Lightning","floor":1},{"not_picked":["Go for the Eyes","Beam Cell"],"picked":"Rip and Tear","floor":4},{"not_picked":["Steam Power","Hologram"],"picked":"Sweeping Beam","floor":5},{"not_picked":["Compile Driver","Thunder Strike"],"picked":"Fusion","floor":7},{"not_picked":["Ball Lightning","Leap"],"picked":"Lockon","floor":12},{"not_picked":["Double Energy","Auto Shields"],"picked":"Thunder Strike","floor":14}],"player_experience":275134,"relics_obtained":[{"floor":7,"key":"Bag of Marbles"},{"floor":9,"key":"DataDisk"},{"floor":12,"key":"Gambling Chip"},{"floor":14,"key":"StrikeDummy"}],"event_choices":[{"damage_healed":0,"gold_gain":0,"player_choice":"Grow","damage_taken":0,"max_hp_gain":0,"max_hp_loss":0,"event_name":"Living Wall","floor":2,"gold_loss":0,"cards_upgraded":["Zap"]},{"cards_removed":["Strike_B"],"damage_healed":0,"gold_gain":0,"player_choice":"Card Removal","damage_taken":7,"max_hp_gain":0,"max_hp_loss":0,"event_name":"Golden Wing","floor":13,"gold_loss":0}],"is_beta":false,"boss_relics":[],"items_purged_floors":[3,10],"is_endless":false,"potions_floor_spawned":[5,7,12],"killed_by":"Hexaghost","ascension_level":17}}