{"host":"ayh4nqhr0ddw4ozv","time":1611554200,"event":{"mods":["BaseMod","Minty Spire (QoL Compilation)","Relic Stats","Replay The Spire","Robot Space Explorer","StSLib"],"gold_per_floor":[117,137,153,153,78,78,96,96,96,131,148,73,91,122,122,122,122],"floor_reached":16,"language":"ENG","playtime":695,"items_purged":["Strike_P"],"score":196,"play_id":"c743baa6-1e75-4847-a78e-536fcb599761","local_time":"20210124215640","is_ascension_mode":true,"campfire_choices":[{"data":"Adaptation","floor":6,"key":"SMITH"},{"data":"Eruption","floor":8,"key":"SMITH"},{"data":"Strike_P","floor":15,"key":"PURGE"}],"circlet_count":0,"master_deck":["AscendersBane","Strike_P","Defend_P","Defend_P","Eruption+1","Vigilance","Adaptation+1","FearNoEvil","BowlingBash+1","Replay:ManipulateFuture","Pot Of Greed"],"relics":["Empty Cage","Quantum Egg","Snack Pack","Grinning Jar"],"acts_visited":["Exordium"],"potions_floor_usage":[16],"damage_taken":[{"damage":7,"enemies":"Jaw Worm","floor":1,"turns":4},{"damage":10,"enemies":"2 Louse","floor":2,"turns":4},{"damage":2,"enemies":"Cultist","floor":3,"turns":4},{"damage":0,"enemies":"Exordium Thugs","floor":7,"turns":3},{"damage":16,"enemies":"Gremlin Nob","floor":10,"turns":3},{"damage":6,"enemies":"Looter","floor":11,"turns":3},{"damage":3,"enemies":"Blue Slaver","floor":13,"turns":3},{"damage":3,"enemies":"Replay:BlueRogue","floor":14,"turns":7},{"damage":33,"enemies":"Hexaghost","floor":16,"turns":9}],"seed_played":"2487297793836315295","potions_obtained":[{"floor":1,"key":"Milkshake"},{"floor":7,"key":"BottledMiracle"},{"floor":10,"key":"Energy Potion"}],"is_trial":false,"path_per_floor":["M","M","M","?","?","R","M","R","T","E","M","$","M","E","R","B"],"character_chosen":"WATCHER","items_purchased":[],"campfire_rested":0,"item_purchase_floors":[],"current_hp_per_floor":[54,44,42,42,42,42,42,42,42,26,22,22,21,22,22,0,0],"gold":122,"neow_bonus":"BOSS_RELIC","is_daily":false,"chose_seed":false,"campfire_upgraded":2,"win_rate":0.0,"timestamp":1611554200,"path_taken":["M","M","M","?","?","R","M","R","T","E","M","$","M","E","R","BOSS"],"items_purchased_type":[],"build_version":"2020-12-22","purchased_purges":1,"victory":false,"max_hp_per_floor":[68,68,68,68,68,68,68,68,68,68,68,68,68,68,68,68,68],"relic_stats":{"counters":[9,40],"obtain_stats":[{"Quantum Egg":9,"Snack Pack":10,"PureWater":0,"Grinning Jar":14,"Empty Cage":0},{"Quantum Egg":4,"Snack Pack":5,"PureWater":0,"Grinning Jar":8,"Empty Cage":0},{"Quantum Egg":15,"Snack Pack":18,"PureWater":0,"Grinning Jar":31,"Empty Cage":0}]},"card_choices":[{"not_picked":["Replay:BluntJabs","BowlingBash"],"picked":"Adaptation","floor":1},{"not_picked":["Halt","PathToVictory"],"picked":"FearNoEvil","floor":2},{"not_picked":["Prostrate","Collect"],"picked":"BowlingBash","floor":3},{"not_picked":["FlurryOfBlows","WaveOfTheHand","SignatureMove"],"picked":"SKIP","floor":7},{"not_picked":["Nirvana","WheelKick","Worship"],"picked":"SKIP","floor":10},{"not_picked":["Sanctity","Replay:AtTheReady","ForeignInfluence"],"picked":"SKIP","floor":11},{"not_picked":["Wish","CutThroughFate"],"picked":"Replay:ManipulateFuture","floor":13},{"not_picked":["Halt","Meditate","Indignation"],"picked":"SKIP","floor":14}],"player_experience":382707,"relics_obtained":[{"floor":9,"key":"Quantum Egg"},{"floor":10,"key":"Snack Pack"},{"floor":14,"key":"Grinning Jar"}],"event_choices":[{"cards_removed":["Strike_P"],"damage_healed":0,"gold_gain":0,"player_choice":"Card Removal","damage_taken":0,"max_hp_gain":0,"max_hp_loss":0,"event_name":"The Cleric","floor":5,"gold_loss":75}],"is_beta":false,"boss_relics":[],"items_purged_floors":[12],"is_endless":false,"potions_floor_spawned":[1,7,10,14],"killed_by":"Hexaghost","ascension_level":15}}