{"host":"nukjzc0ca34w6eem","time":1611550477,"event":{"mods":["2.2 Compatiblity","AchievementEnabler","BaseMod","Colored Powertips","Downfall","Minty Spire (QoL Compilation)","StSLib"],"gold_per_floor":[99,115,115,128,138,148,148,163,163,177,192,192,219,229,247,349,349,349,367,367,277,277,306,331,350,350,360,371,389,89,104,114,222,222,222,240,257,227,239,80,133,133,152,162,176,195,195,213,230,230,230,264,107,107,107,107,107,107],"floor_reached":56,"language":"ENG","playtime":7778,"items_purged":["hexamod:Defend","hexamod:Strike","hexamod:Defend"],"score":902,"play_id":"55a8e9f1-6d79-42e2-919b-c7f02ca52d76","local_time":"20210124205437","is_ascension_mode":true,"campfire_choices":[{"data":"Madness","floor":1.0,"key":"SMITH"},{"data":"hexamod:GiftsFromTheDead","floor":12.0,"key":"SMITH"},{"floor":18.0,"key":"RECALL"},{"floor":30.0,"key":"REST"},{"floor":35.0,"key":"REST"},{"floor":54,"key":"REST"}],"circlet_count":0,"master_deck":["hexamod:Defend","hexamod:Float","Madness+1","hexamod:NightmareStrike","hexamod:SuperheatedStrike","hexamod:ShieldOfDarkness","hexamod:GhostShield","hexamod:Haunt","Madness+1","hexamod:PhantomFireball","hexamod:GiftsFromTheDead+1","hexamod:ParanormalForm","hexamod:HauntingEcho","hexamod:EtherealExpedition+1","hexamod:UnlimitedPower+1","hexamod:SoulSteal+1","hexamod:TimeWarp","hexamod:RecurringNightmare+1","hexamod:ForkedFlame","hexamod:SpectralSpark","hexamod:RadiantFlame","expansioncontent:PolyBeam","hexamod:Haunt+1","hexamod:ShieldOfDarkness+1"],"relics":["hexamod:SpiritBrand","Dead Branch","Ginger","Fusion Hammer","Akabeko","downfall:HeartBlessingRed","downfall:HeartBlessingGreen","downfall:HeartBlessingBlue","hexamod:TheBrokenSeal","Empty Cage","Bottled Tornado","hexamod:MatchstickCase","Art of War","hexamod:JarOfFuel"],"acts_visited":["Exordium","TheCity","TheBeyond","TheEnding"],"potions_floor_usage":[50,56],"damage_taken":[{"damage":5.0,"enemies":"2 Louse","floor":2.0,"turns":4.0},{"damage":0.0,"enemies":"Cultist","floor":4.0,"turns":3.0},{"damage":2.0,"enemies":"Jaw Worm","floor":5.0,"turns":3.0},{"damage":0.0,"enemies":"Gremlin Gang","floor":6.0,"turns":4.0},{"damage":9.0,"enemies":"Blue Slaver","floor":8.0,"turns":3.0},{"damage":0.0,"enemies":"Lots of Slimes","floor":10.0,"turns":4.0},{"damage":0.0,"enemies":"3 Louse","floor":11.0,"turns":3.0},{"damage":11.0,"enemies":"Lagavulin","floor":13.0,"turns":5.0},{"damage":0.0,"enemies":"Blue Slaver","floor":14.0,"turns":2.0},{"damage":7.0,"enemies":"Lots of Slimes","floor":15.0,"turns":3.0},{"damage":13.0,"enemies":"SI_SHIV_ARCHETYPE","floor":16.0,"turns":5.0},{"damage":3.0,"enemies":"3 Byrds","floor":19.0,"turns":3.0},{"damage":0.0,"enemies":"downfall:FleeingMerchant","floor":21.0,"turns":4.0},{"damage":13.0,"enemies":"Book of Stabbing","floor":23.0,"turns":3.0},{"damage":0.0,"enemies":"Shell Parasite","floor":25.0,"turns":4.0},{"damage":10.0,"enemies":"Cultist and Chosen","floor":27.0,"turns":4.0},{"damage":19.0,"enemies":"Snake Plant","floor":28.0,"turns":3.0},{"damage":8.0,"enemies":"3 Cultists","floor":29.0,"turns":4.0},{"damage":1.0,"enemies":"Snecko","floor":31.0,"turns":3.0},{"damage":11.0,"enemies":"Snake Plant","floor":32.0,"turns":3.0},{"damage":37.0,"enemies":"IC_MUSHROOM_ARCHETYPE","floor":33.0,"turns":7.0},{"damage":1.0,"enemies":"3 Shapes","floor":36.0,"turns":2.0},{"damage":0.0,"enemies":"Orb Walker","floor":37.0,"turns":2.0},{"damage":14.0,"enemies":"downfall:FleeingMerchant","floor":38.0,"turns":4.0},{"damage":12.0,"enemies":"Maw","floor":39.0,"turns":4.0},{"damage":11.0,"enemies":"Jaw Worm Horde","floor":43.0,"turns":3.0},{"damage":0.0,"enemies":"Spire Growth","floor":44.0,"turns":2.0},{"damage":0.0,"enemies":"Transient","floor":45.0,"turns":5.0},{"damage":28.0,"enemies":"Jaw Worm Horde","floor":46.0,"turns":2.0},{"damage":6.0,"enemies":"4 Shapes","floor":48.0,"turns":4.0},{"damage":0.0,"enemies":"Sphere and 2 Shapes","floor":49.0,"turns":3.0},{"damage":12,"enemies":"WA_ARCHETYPE_DIVINITY","floor":50,"turns":7},{"damage":16,"enemies":"downfall:CharBossMerchant","floor":52,"turns":5},{"damage":2,"enemies":"downfall:NeowBoss","floor":55,"turns":8},{"damage":99,"enemies":"downfall:NeowBossFinal","floor":56,"turns":5}],"seed_played":"-731131045784939672","potions_obtained":[{"floor":2.0,"key":"Energy Potion"},{"floor":3.0,"key":"SkillPotion"},{"floor":3.0,"key":"hexamod:SoulburnPotion"},{"floor":11.0,"key":"AttackPotion"},{"floor":25.0,"key":"SpeedPotion"},{"floor":27.0,"key":"BlessingOfTheForge"},{"floor":27.0,"key":"ColorlessPotion"},{"floor":29.0,"key":"hexamod:DoubleChargePotion"},{"floor":29.0,"key":"Explosive Potion"},{"floor":31.0,"key":"sneckomod:MuddlingPotion"},{"floor":32.0,"key":"Guardian:BlockOnCardUsePotion"},{"floor":43.0,"key":"Fire Potion"},{"floor":52,"key":"sneckomod:MuddlingPotion"}],"is_trial":false,"path_per_floor":["R","M","?","M","M","M","T","M","?","M","M","R","E","M","M","B",null,"R","M","?","$","?","E","T","M","?","M","M","M","R","M","M","B",null,"R","M","M","$","M","$","T","?","M","M","M","M","?","M","M","B",null,"E","$","R","B","B"],"character_chosen":"THE_SPIRIT","items_purchased":["Bottled Tornado","hexamod:RadiantFlame","hexamod:JarOfFuel"],"campfire_rested":3,"item_purchase_floors":[38,40,53],"current_hp_per_floor":[70,65,65,65,63,63,63,54,54,54,54,54,43,43,36,23,70,70,67,67,67,67,54,54,54,54,44,25,24,58,57,53,77,90,90,89,89,75,63,63,63,63,52,52,52,24,24,18,18,6,90,74,74,90,88,0,0,0],"gold":107,"neow_bonus":"RANDOM_COLORLESS","is_daily":false,"chose_seed":false,"campfire_upgraded":2,"win_rate":0.0,"timestamp":1611550477,"path_taken":["R","M","?","M","M","M","T","?","?","M","?","R","E","?","M","BOSS","R","M","?","$","?","E","T","M","?","M","M","M","R","M","M","BOSS","R","M","?","$","M","$","T","?","M","M","M","M","?","?","M","BOSS","E","$","R","BOSS","BOSS"],"items_purchased_type":["Relic","Card","Relic"],"build_version":"2020-12-22","purchased_purges":3,"victory":false,"max_hp_per_floor":[70,70,70,70,70,70,70,70,70,70,70,70,70,70,70,70,70,70,70,70,70,70,70,70,70,70,70,70,70,80,80,80,90,90,90,90,90,90,90,90,90,90,90,90,90,90,90,90,90,90,90,90,90,90,90,90,90,90],"card_choices":[{"not_picked":["Blind","Panacea"],"picked":"Madness","floor":0.0},{"not_picked":["hexamod:PhantomCloak","hexamod:GhostOfSpirePast"],"picked":"hexamod:NightmareStrike","floor":2.0},{"not_picked":["hexamod:GhostOfSpirePast","hexamod:HauntingEcho"],"picked":"hexamod:SuperheatedStrike","floor":4.0},{"not_picked":["hexamod:SpectersWail","hexamod:ExtraCrispy"],"picked":"hexamod:ShieldOfDarkness","floor":5.0},{"not_picked":["hexamod:SuperheatedStrike","hexamod:Hexaguard"],"picked":"hexamod:GhostShield","floor":6.0},{"not_picked":["hexamod:AdvancingGuard","hexamod:PhantomFireball"],"picked":"hexamod:Haunt","floor":8.0},{"not_picked":["hexamod:ThermalTransfer","hexamod:BurningTouch"],"picked":"hexamod:PhantomFireball","floor":10.0},{"not_picked":["hexamod:GhostLash","hexamod:BacktrackSmack"],"picked":"hexamod:GiftsFromTheDead","floor":11.0},{"not_picked":["hexamod:SpectersWail","hexamod:NecessarySacrifice","hexamod:HauntingEcho"],"picked":"SKIP","floor":13.0},{"not_picked":["hexamod:HauntingEcho","hexamod:SpectersWail","hexamod:AdvancingGuard"],"picked":"SKIP","floor":14.0},{"not_picked":["hexamod:BacktrackSmack","hexamod:GhostflameInferno","hexamod:FlamesFromBeyond"],"picked":"SKIP","floor":15.0},{"not_picked":["hexamod:WildfireWeapon","hexamod:HexaLevel"],"picked":"hexamod:ParanormalForm","floor":16.0},{"not_picked":["hexamod:NightmareStrike","hexamod:DynamicBlow","hexamod:FastForward"],"picked":"SKIP","floor":19.0},{"not_picked":["hexamod:BacktrackSmack+1","hexamod:SpectersWail","hexamod:HauntingEcho+1"],"picked":"SKIP","floor":21.0},{"not_picked":["hexamod:BacktrackSmack","hexamod:Hexaguard+1","hexamod:GhostOfSpireFuture"],"picked":"SKIP","floor":21.0},{"not_picked":["hexamod:FastForward+1","hexamod:Hexaguard"],"picked":"hexamod:FifthSeal","floor":23.0},{"not_picked":["hexamod:PhantomFireball","hexamod:PowerFromBeyond"],"picked":"hexamod:EtherealExpedition+1","floor":23.0},{"not_picked":["hexamod:SecondSeal","hexamod:ThirdSeal"],"picked":"hexamod:FourthSeal","floor":25.0},{"not_picked":["hexamod:HauntingEcho+1","hexamod:Firestarter","hexamod:DynamicBlow+1"],"picked":"SKIP","floor":25.0},{"not_picked":["hexamod:InspiringFlames","hexamod:SuperheatedStrike+1","hexamod:GhostflameInferno"],"picked":"SKIP","floor":25.0},{"not_picked":["hexamod:SecondSeal","hexamod:ThirdSeal"],"picked":"hexamod:FirstSeal","floor":27.0},{"not_picked":["hexamod:BurningTouch","hexamod:GhostShield","hexamod:ThermalTransfer+1"],"picked":"SKIP","floor":27.0},{"not_picked":["hexamod:SuperheatedStrike+1","hexamod:NightmareGuise+1","hexamod:Hexaguard"],"picked":"SKIP","floor":27.0},{"not_picked":["hexamod:ThirdSeal","hexamod:FourthSeal"],"picked":"hexamod:SecondSeal","floor":28.0},{"not_picked":["hexamod:ShieldOfDarkness+1","hexamod:FastForward","hexamod:AdvancingGuard+1"],"picked":"SKIP","floor":28.0},{"not_picked":["hexamod:HexaLevel","hexamod:DynamicBlow","hexamod:GhostLash"],"picked":"SKIP","floor":28.0},{"not_picked":["hexamod:AdvancingGuard","hexamod:ThermalTransfer"],"picked":"hexamod:SoulSteal+1","floor":29.0},{"not_picked":["hexamod:BurningTouch+1","hexamod:NightmareStrike","hexamod:AdvancingGuard"],"picked":"SKIP","floor":29.0},{"not_picked":["hexamod:FirstSeal","hexamod:ThirdSeal"],"picked":"hexamod:SixthSeal","floor":31.0},{"not_picked":["hexamod:Hexaguard","hexamod:FastForward","hexamod:ShieldOfDarkness+1"],"picked":"SKIP","floor":31.0},{"not_picked":["hexamod:FirstSeal","hexamod:FourthSeal","hexamod:ThirdSeal"],"picked":"SKIP","floor":32.0},{"not_picked":["hexamod:HeatMetal","hexamod:GhostOfSpireFuture","hexamod:GhostLash"],"picked":"SKIP","floor":32.0},{"not_picked":["hexamod:ShieldOfDarkness","hexamod:NightmareStrike","hexamod:RetreatToShadows"],"picked":"SKIP","floor":32.0},{"not_picked":["hexamod:Toasty","hexamod:TimeOfNeed"],"picked":"hexamod:TimeWarp","floor":33.0},{"not_picked":["hexamod:Incineration+1","hexamod:Haunt+1"],"picked":"hexamod:RecurringNightmare+1","floor":36.0},{"not_picked":["hexamod:SpectersWail","hexamod:GhostLash+1","hexamod:SuperheatedStrike"],"picked":"SKIP","floor":37.0},{"not_picked":["hexamod:HeatMetal+1","hexamod:Firestarter+1"],"picked":"hexamod:ForkedFlame","floor":38.0},{"not_picked":["hexamod:NightmareGuise","hexamod:ThermalTransfer+1"],"picked":"hexamod:SpectralSpark","floor":39.0},{"not_picked":["expansioncontent:YouAreMine","expansioncontent:HyperBeam"],"picked":"expansioncontent:PolyBeam","floor":42.0},{"not_picked":["hexamod:FlamesFromBeyond","hexamod:InspiringFlames"],"picked":"hexamod:Haunt+1","floor":43.0},{"not_picked":["hexamod:InspiringFlames+1","hexamod:Haunt","hexamod:HauntingEcho+1"],"picked":"SKIP","floor":44.0},{"not_picked":["hexamod:DynamicBlow","hexamod:SpectersWail+1","hexamod:FourthSeal"],"picked":"SKIP","floor":45.0},{"not_picked":["hexamod:BacktrackSmack+1","hexamod:FlamesFromBeyond","hexamod:ThermalTransfer+1"],"picked":"SKIP","floor":46.0},{"not_picked":["hexamod:FlamesFromBeyond+1","hexamod:AdvancingGuard"],"picked":"hexamod:ShieldOfDarkness+1","floor":48.0},{"not_picked":["hexamod:ShieldOfDarkness","hexamod:NightmareStrike","hexamod:SuperheatedStrike+1"],"picked":"SKIP","floor":49.0},{"not_picked":["hexamod:HexaLevel","hexamod:SwordOfDarkness","hexamod:GhostOfSpirePast+1"],"picked":"SKIP","floor":52}],"player_experience":535205,"relics_obtained":[{"floor":7.0,"key":"Dead Branch"},{"floor":13.0,"key":"Ginger"},{"floor":23.0,"key":"Akabeko"},{"floor":41.0,"key":"hexamod:MatchstickCase"},{"floor":52,"key":"Art of War"}],"event_choices":[{"damage_healed":0.0,"max_hp_gain":0.0,"max_hp_loss":0.0,"gold_gain":0.0,"event_name":"Lab","player_choice":"Got Potions","floor":3.0,"gold_loss":0.0,"damage_taken":0.0},{"damage_healed":0.0,"max_hp_gain":0.0,"max_hp_loss":0.0,"gold_gain":0.0,"cards_transformed":["hexamod:Strike","hexamod:Strike"],"event_name":"Drug Dealer","player_choice":"Became Test Subject","floor":20.0,"gold_loss":0.0,"damage_taken":0.0,"cards_obtained":["hexamod:ThirdSeal","hexamod:HauntingEcho"]}],"is_beta":false,"boss_relics":[{"not_picked":["Philosopher\u0027s Stone","SlaversCollar"],"picked":"Fusion Hammer"},{"not_picked":["Tiny House","bronze:MakeshiftBattery"],"picked":"Empty Cage"}],"items_purged_floors":[21,38,40],"is_endless":false,"potions_floor_spawned":[2,4,11,13,25,27,29,36,43,44,46,48,52],"killed_by":"downfall:NeowBossFinal","ascension_level":4}}