{"host":"df48i9djcn92c5sx","time":1611583050,"event":{"mods":["Act Like it!","Arknights The Spire","BaseMod","Decade(王小明)","Downfall","Gensokyo","Marisa（F雨　魔理沙）","Minty Spire (QoL Compilation)","READ ME - Guardian Mod","READ ME - Snecko Mod","Reimu（博丽灵梦）","Remilia（蕾米莉亚）","Shop Mod","StSLib","The Jungle","The Servant 0.9.4"],"gold_per_floor":[118,118,48,62,73,73,93,93,93,93,93,93,107,140,140,236,236,254,65,75,75,75,75,101,101,101,113,139,139,153,78,78,183,183,194,194,194,206,217,217,246,246,297,307,307,341,341,360,360,360,360,360,56,86,86,86],"floor_reached":55,"language":"ZHS","playtime":1977,"items_purged":["Strike_RM"],"score":1127,"play_id":"310282ee-a385-48f5-9c5f-3c2029ae76c8","local_time":"20210125215730","is_ascension_mode":true,"campfire_choices":[{"data":"ScarletShoot","floor":6,"key":"SMITH"},{"data":"BloodRain","floor":8,"key":"SMITH"},{"data":"BombardNight","floor":10,"key":"SMITH"},{"data":"SuperhumanBloodyKnife","floor":15,"key":"SMITH"},{"data":"ForecastOfChange","floor":23,"key":"SMITH"},{"floor":25,"key":"REST"},{"data":"QueenOfMidnight","floor":29,"key":"SMITH"},{"data":"HeartBreak","floor":32,"key":"SMITH"},{"floor":40,"key":"RECALL"},{"data":"DemonKingCradle","floor":42,"key":"SMITH"},{"data":"DiffusionOfMisfortune","floor":47,"key":"SMITH"},{"data":"BloodHunter","floor":49,"key":"SMITH"},{"data":"VampireSweep","floor":52,"key":"SMITH"}],"circlet_count":0,"master_deck":["AscendersBane","Strike_RM","Strike_RM","Strike_RM","Defend_RM+1","Defend_RM","Defend_RM","Defend_RM","RedMoon+1","ScarletShoot+1","BloodHunter+1","HunterOfTheNight","BombardNight+1","BloodRain+1","SuperhumanBloodyKnife+1","StarOfDavid","ForecastOfChange+1","MastersStateliness+1","Stigmanizer+1","BloodyMagicSquare+1","HeartBreak+1","DiffusionOfMisfortune+1","DemonKingCradle+1","MillenniumVampire+1","Septette+1","VampireSweep+1","BloodAndWine+1","Ultimatum+1"],"relics":["ScarletHat","NeowsBlessing","Peace Pipe","Gungnir","Runic Dome","Tiny Chest","Bottled Tornado","Lizard Tail","PreservedInsect","Gambling Chip","APieceOfRedMist","Blue Candle","Happy Flower","Bag of Marbles","RedBat","Strange Spoon","Anchor","War Paint"],"acts_visited":["Exordium","Gensokyo:Gensokyo","Gensokyo:Gensokyoer","TheEnding"],"potions_floor_usage":[16,16,24,28,39,50,50,50,55],"damage_taken":[{"damage":0.0,"enemies":"Gensokyo:2_Kodama","floor":1.0,"turns":1.0},{"damage":0,"enemies":"Gensokyo:Gryphon","floor":4,"turns":1},{"damage":0,"enemies":"Gensokyo:3_Fairies","floor":5,"turns":2},{"damage":0,"enemies":"Gensokyo:VengefulSpirit","floor":7,"turns":5},{"damage":2,"enemies":"Gensokyo:2_Rabbits","floor":13,"turns":3},{"damage":6,"enemies":"Gensokyo:Cirno","floor":14,"turns":6},{"damage":56,"enemies":"Gensokyo:Yukari","floor":16,"turns":10},{"damage":20,"enemies":"Gensokyo:3_Dogs","floor":18,"turns":4},{"damage":0,"enemies":"Gensokyo:Chomper","floor":20,"turns":3},{"damage":46,"enemies":"Gensokyo:Reisen","floor":24,"turns":5},{"damage":31,"enemies":"Gensokyo:Swordslinger","floor":27,"turns":4},{"damage":19,"enemies":"Gensokyo:Koishi","floor":28,"turns":5},{"damage":23,"enemies":"Gensokyo:Slime_Group","floor":30,"turns":3},{"damage":66,"enemies":"Gensokyo:Eiki","floor":33,"turns":5},{"damage":35,"enemies":"Gensokyo:3_Boulders","floor":35,"turns":3},{"damage":40,"enemies":"Gensokyo:3_Bats","floor":38,"turns":2},{"damage":94,"enemies":"Gensokyo:Rafflesia","floor":39,"turns":5},{"damage":35,"enemies":"Gensokyo:Doremy","floor":41,"turns":4},{"damage":0,"enemies":"Gensokyo:AtlasGolem","floor":44,"turns":4},{"damage":23,"enemies":"Gensokyo:Kasen","floor":46,"turns":4},{"damage":17,"enemies":"Gensokyo:3_Boulders","floor":48,"turns":4},{"damage":33,"enemies":"Gensokyo:Scarlet_Devils","floor":50,"turns":6},{"damage":60,"enemies":"Shield and Spear","floor":54,"turns":4},{"damage":67,"enemies":"The Heart","floor":55,"turns":3}],"seed_played":"7492396115593963604","potions_obtained":[{"floor":1,"key":"SneckoOil"},{"floor":14,"key":"DuplicationPotion"},{"floor":18,"key":"Energy Potion"},{"floor":24,"key":"Block Potion"},{"floor":30,"key":"Fire Potion"},{"floor":33,"key":"Fire Potion"},{"floor":35,"key":"BlessingOfTheForge"},{"floor":39,"key":"Slimebound:ThreeZeroPotion"},{"floor":54,"key":"Fire Potion"},{"floor":54,"key":"Slimebound:ThreeZeroPotion"}],"is_trial":false,"path_per_floor":["M","T","$","M","M","R","M","R","T","R","?","$","M","E","R","B",null,"M","COS","M","$","?","R","E","R","T","M","E","R","M","$","R","B",null,"M","?","T","M","M","R","E","R","T","M","?","E","R","M","R","B",null,"R","$","E","B"],"character_chosen":"REMILIA","items_purchased":["HunterOfTheNight","Strange Spoon","Anchor"],"campfire_rested":1,"item_purchase_floors":[3,53,53],"current_hp_per_floor":[68,68,68,68,68,68,71,71,71,71,64,64,62,58,58,14,60,45,45,46,46,46,46,4,24,24,38,45,45,50,50,50,68,69,69,69,69,69,69,69,69,69,69,69,69,51,51,50,50,69,69,69,69,30,0,0],"gold":86,"neow_bonus":"THREE_ENEMY_KILL","is_daily":false,"chose_seed":false,"campfire_upgraded":11,"win_rate":0.0,"timestamp":1611583050,"path_taken":["M","?","?","?","M","R","M","R","T","R","?","$","M","E","R","BOSS","M","COS","M","$","?","R","E","R","T","M","E","R","?","?","R","BOSS","M","?","?","?","M","R","E","R","T","M","?","E","R","M","R","BOSS","R","$","E","BOSS"],"items_purchased_type":["Card","Relic","Relic"],"build_version":"2020-12-22","purchased_purges":1,"victory":false,"max_hp_per_floor":[75,75,75,75,75,75,75,75,75,75,75,75,75,75,75,75,75,75,75,75,75,69,69,69,69,69,69,69,69,69,69,69,69,69,69,69,69,69,69,69,69,69,69,69,69,69,69,69,69,69,69,69,69,69,69,69],"card_choices":[{"not_picked":["UnderTheZenith","MiserableFate"],"picked":"BloodHunter","floor":1},{"not_picked":["Maim","RedRainbow"],"picked":"BombardNight","floor":4},{"not_picked":["EndlessAdversity","StarOfDavid","ScarletNetherworld"],"picked":"SKIP","floor":5},{"not_picked":["BloodyMagicSquare","DevilSight"],"picked":"BloodRain","floor":7},{"not_picked":["ScarletDevil","BlasphemousPunishment"],"picked":"SuperhumanBloodyKnife","floor":13},{"not_picked":["VampireClaw","CharismaGuard"],"picked":"StarOfDavid","floor":14},{"not_picked":["HellCatastrophe","KillingBlow"],"picked":"ForecastOfChange","floor":16},{"not_picked":["UnderTheZenith","CharismaGuard+1","SuperhumanBloodyKnife"],"picked":"SKIP","floor":18},{"not_picked":["RedMagic","FavorOfDestiny"],"picked":"MastersStateliness+1","floor":20},{"not_picked":["DiffusionOfMisfortune","BloodAndWine"],"picked":"Stigmanizer+1","floor":24},{"not_picked":["HeartBreak","BloodySeventeenLaser"],"picked":"QueenOfMidnight","floor":27},{"not_picked":["RedRainbow","ScarletSymphony"],"picked":"BloodyMagicSquare+1","floor":27},{"not_picked":["UnstableMagic","ForbiddenFruit"],"picked":"HeartBreak","floor":28},{"not_picked":["UnderTheZenith","EndlessAdversity"],"picked":"DiffusionOfMisfortune","floor":30},{"not_picked":["ScarletCoffin","BloodyCatastrophe"],"picked":"DemonKingCradle","floor":33},{"not_picked":["DiffusionOfMisfortune","ScarletDream"],"picked":"MillenniumVampire+1","floor":35},{"not_picked":["BloodHunter+1","MillenniumVampire+1"],"picked":"Septette+1","floor":38},{"not_picked":["RedMagic","MillenniumVampire","StarOfDavid"],"picked":"SKIP","floor":39},{"not_picked":["UltimateOffering+1","BlasphemousPunishment+1"],"picked":"VampireSweep","floor":41},{"not_picked":["ScarletSymphony+1","Stigmanizer+1","VampireSweep"],"picked":"SKIP","floor":44},{"not_picked":["VampireKiss+1","Stigmanizer+1"],"picked":"BloodAndWine+1","floor":46},{"not_picked":["StarOfDavid","ScarletImprint"],"picked":"Ultimatum+1","floor":48},{"not_picked":["GlobalNightmare+1","MillenniumVampire","HunterOfTheNight+1"],"picked":"SKIP","floor":54}],"player_experience":1484749,"relics_obtained":[{"floor":2,"key":"Peace Pipe"},{"floor":14,"key":"Gungnir"},{"floor":24,"key":"Bottled Tornado"},{"floor":26,"key":"Lizard Tail"},{"floor":28,"key":"PreservedInsect"},{"floor":37,"key":"Blue Candle"},{"floor":41,"key":"Happy Flower"},{"floor":43,"key":"Bag of Marbles"},{"floor":46,"key":"RedBat"},{"floor":54,"key":"War Paint"}],"event_choices":[],"is_beta":false,"boss_relics":[{"not_picked":["Black Star","SacredBark"],"picked":"Runic Dome"},{"not_picked":["bronze:MakeshiftBattery","Empty Cage"],"picked":"APieceOfRedMist"}],"items_purged_floors":[31],"is_endless":false,"potions_floor_spawned":[1,14,18,24,30,33,35,39,46],"killed_by":"The Heart","ascension_level":10}}