{"host":"vrsxkkch9ccrec7k","time":1611554945,"event":{"mods":["Act Like it!","BaseMod","Bestiary","Better Altar","Better Match","Better Note","Better Sensory Stone","Better Skull","Better Third Choice","Better Vampires","Downfall","Minty Spire (QoL Compilation)","Permanent Neow","Relic Stats","Spicy Shops","StSLib"],"gold_per_floor":[99,117,136,149,162,194,217,4,18,45,45,77,77,92,106,106,106,106],"floor_reached":16,"language":"ENG","playtime":1401,"items_purged":[],"score":216,"play_id":"a450fb11-e7d9-4787-af8c-305da4305b26","local_time":"20210125010905","is_ascension_mode":true,"campfire_choices":[{"data":"champ:Execute","floor":1,"key":"SMITH"},{"data":"champ:Taunt","floor":11,"key":"SMITH"},{"floor":13,"key":"REST"}],"circlet_count":0,"master_deck":["champ:Strike","champ:Strike","champ:Strike","champ:Strike","champ:Defend","champ:Defend","champ:Defend","champ:Defend","champ:Execute+1","champ:Taunt+1","champ:TornadoPunch","champ:FlashCut","champ:GutPunch","champ:TripleStrike","champ:VampiricStrike","champ:EnGarde","champ:EnchantCrown","champ:ShieldSigil"],"relics":["champ:ChampionCrown","PreservedInsect","Sling","Happy Flower","Darkstone Periapt"],"acts_visited":[],"potions_floor_usage":[6,10,12,16,16,16],"damage_taken":[{"damage":11,"enemies":"Cultist","floor":2,"turns":4},{"damage":0,"enemies":"2 Louse","floor":3,"turns":3},{"damage":10,"enemies":"Jaw Worm","floor":4,"turns":2},{"damage":23,"enemies":"Red Slaver","floor":5,"turns":5},{"damage":37,"enemies":"Gremlin Nob","floor":6,"turns":4},{"damage":20,"enemies":"downfall:FleeingMerchant","floor":8,"turns":4},{"damage":10,"enemies":"Blue Slaver","floor":9,"turns":4},{"damage":25,"enemies":"Lagavulin","floor":10,"turns":4},{"damage":25,"enemies":"3 Sentries","floor":12,"turns":3},{"damage":27,"enemies":"3 Louse","floor":14,"turns":4},{"damage":31,"enemies":"Exordium Thugs","floor":15,"turns":5},{"damage":120,"enemies":"SI_SHIV_ARCHETYPE","floor":16,"turns":11}],"seed_played":"460842898030653044","potions_obtained":[{"floor":2,"key":"Explosive Potion"},{"floor":3,"key":"Dexterity Potion"},{"floor":5,"key":"Weak Potion"},{"floor":10,"key":"SpeedPotion"},{"floor":14,"key":"hexamod:SoulburnPotion"}],"is_trial":false,"path_per_floor":["R","M","M","M","M","E","T","$","M","E","R","E","R","M","M","B"],"character_chosen":"THE_CHAMP","items_purchased":["Sling","Fire Potion"],"campfire_rested":1,"item_purchase_floors":[8,8],"current_hp_per_floor":[90,89,89,89,76,64,64,59,59,49,49,49,78,76,70,0,0,0],"gold":106,"neow_bonus":"TEN_PERCENT_HP_BONUS","is_daily":false,"chose_seed":false,"campfire_upgraded":2,"win_rate":0.0,"timestamp":1611554945,"path_taken":["R","M","?","?","M","E","T","$","M","E","R","E","R","M","M","BOSS"],"items_purchased_type":["Relic","Potion"],"build_version":"2020-12-22","purchased_purges":0,"victory":false,"max_hp_per_floor":[99,99,99,99,99,99,99,99,99,99,99,99,99,99,99,99,99,99],"relic_stats":{"Darkstone Periapt":0,"Happy Flower":[7],"counters":[12,53],"PreservedInsect":161,"obtain_stats":[{"Darkstone Periapt":12,"Happy Flower":10,"champ:ChampionCrown":0,"PreservedInsect":6,"Sling":8},{"Darkstone Periapt":9,"Happy Flower":8,"champ:ChampionCrown":0,"PreservedInsect":5,"Sling":6},{"Darkstone Periapt":33,"Happy Flower":30,"champ:ChampionCrown":0,"PreservedInsect":18,"Sling":22}]},"card_choices":[{"not_picked":["champ:FocusedDefense","champ:IronFortress"],"picked":"champ:TornadoPunch","floor":2},{"not_picked":["champ:BerserkersShout","champ:Lariat"],"picked":"champ:FlashCut","floor":3},{"not_picked":["champ:BringItOn","champ:PerfectedStrike"],"picked":"champ:GutPunch","floor":4},{"not_picked":["champ:FlashCut","champ:Duel"],"picked":"champ:TripleStrike","floor":5},{"not_picked":["champ:HeartStrike","champ:FanOfKnives"],"picked":"champ:VampiricStrike","floor":6},{"not_picked":["champ:BladeFlurry","champ:Shatter","champ:RisingSlash"],"picked":"SKIP","floor":8},{"not_picked":["champ:GutPunch","champ:BerserkersShout"],"picked":"champ:EnGarde","floor":9},{"not_picked":["champ:BerserkersShout","champ:PreciseThrust","champ:BladeFlurry"],"picked":"SKIP","floor":10},{"not_picked":["champ:BladeFlurry","champ:Haymaker"],"picked":"champ:EnchantCrown","floor":12},{"not_picked":["champ:RecklessLeap","champ:AdrenalArmor","champ:RisingSlash"],"picked":"SKIP","floor":14},{"not_picked":["champ:FlashCut","champ:SetATrap"],"picked":"champ:ShieldSigil","floor":15}],"player_experience":1723522,"relics_obtained":[{"floor":6,"key":"PreservedInsect"},{"floor":10,"key":"Happy Flower"},{"floor":12,"key":"Darkstone Periapt"}],"event_choices":[],"is_beta":false,"boss_relics":[],"items_purged_floors":[],"is_endless":false,"potions_floor_spawned":[2,3,5,10,14],"killed_by":"SI_SHIV_ARCHETYPE","ascension_level":9}}