{"host":"rwd7yp9nr3nfpfre","time":1611583895,"event":{"mods":["Act Like it!","BaseMod","Hallownest","Minty Spire (QoL Compilation)","StSLib","The Bug Knight","The Senshi"],"gold_per_floor":[110,123,123,153,165,212,224,250,286,298,36,48,48,78,78,78,78],"floor_reached":16,"language":"ENG","playtime":1685,"items_purged":[],"score":110,"play_id":"bb6730d6-87cd-4aef-bf72-6f296e5b0a97","local_time":"20210125151135","is_ascension_mode":false,"campfire_choices":[{"floor":10,"key":"REST"},{"data":"HollowMod:SoulSplash","floor":15,"key":"SMITH"}],"circlet_count":0,"master_deck":["HollowMod:NailStrikeStart","HollowMod:NailStrikeStart","HollowMod:NailStrikeStart","HollowMod:NailStrikeStart","HollowMod:QuickDashStart","HollowMod:QuickDashStart","HollowMod:QuickDashStart","HollowMod:QuickDashStart","HollowMod:FocusHealStart","HollowMod:PogoStrike","HollowMod:GoodIntentions","HollowMod:CoiledNail","HollowMod:SoulSplash+1","HollowMod:HeavyBlow","HollowMod:SharpenedNail","HollowMod:DashSlash","HollowMod:SharpenedNail","HollowMod:DreamGate","HollowMod:RecoilStrike","HollowMod:PureNailStrike"],"relics":["HollowMod:VesselMask","MawBank","Smiling Mask","Hallownest:DreamNailRelic","Regal Pillow","PreservedInsect","Lee\u0027s Waffle","Hallownest:SalubrasBlessingRelic","White Beast Statue"],"acts_visited":["Hallownest:Greenpath"],"potions_floor_usage":[8,16],"damage_taken":[{"damage":0,"enemies":"Hallownest:2_Baldur","floor":1,"turns":3},{"damage":3,"enemies":"Hallownest:monsterHuskGuard","floor":2,"turns":5},{"damage":1,"enemies":"Hallownest:2_MossCreeps","floor":4,"turns":6},{"damage":40,"enemies":"Hallownest:eliteMossKnight","floor":6,"turns":12},{"damage":0,"enemies":"Hallownest:monsterAspidMother","floor":7,"turns":3},{"damage":7,"enemies":"Hallownest:Wandering_and_Horned","floor":8,"turns":6},{"damage":11,"enemies":"Hallownest:monsterFoolEater","floor":12,"turns":3},{"damage":1,"enemies":"Hallownest:eliteVengeflyKing","floor":14,"turns":4},{"damage":94,"enemies":"Hallownest:BossHornet","floor":16,"turns":15}],"seed_played":"2025622733969774365","potions_obtained":[{"floor":2,"key":"FairyPotion"},{"floor":6,"key":"SkillPotion"},{"floor":12,"key":"Explosive Potion"},{"floor":14,"key":"Swift Potion"}],"is_trial":false,"path_per_floor":["M","M","?","M","?","E","M","?","T","R","$","M","?","E","R","B"],"character_chosen":"THE_BUGKNIGHT","items_purchased":["HollowMod:SharpenedNail","Lee\u0027s Waffle","HollowMod:DreamGate"],"campfire_rested":1,"item_purchase_floors":[11,11,11],"current_hp_per_floor":[82,79,24,33,33,5,5,4,4,43,89,84,84,83,83,0,0],"gold":78,"neow_bonus":"TEN_PERCENT_HP_BONUS","is_daily":false,"chose_seed":false,"campfire_upgraded":1,"win_rate":0.0,"timestamp":1611583895,"path_taken":["M","M","?","M","?","E","?","?","T","R","$","M","?","E","R","BOSS"],"items_purchased_type":["Card","Relic","Card"],"build_version":"2020-12-22","purchased_purges":0,"victory":false,"max_hp_per_floor":[82,82,82,82,82,82,82,82,82,82,89,89,89,89,89,89,89],"card_choices":[{"not_picked":["HollowMod:ShadowDash","HollowMod:HuntersJournal"],"picked":"HollowMod:GoodIntentions","floor":1},{"not_picked":["HollowMod:DoubleDash","HollowMod:NewGlowingWomb"],"picked":"HollowMod:CoiledNail","floor":2},{"not_picked":["HollowMod:DoubleDash","HollowMod:NewJinnsSoul"],"picked":"HollowMod:SoulSplash","floor":4},{"not_picked":["HollowMod:VengefulSpirit","HollowMod:SoulEater"],"picked":"HollowMod:HeavyBlow","floor":6},{"not_picked":["HollowMod:LifebloodCore","HollowMod:CrystalDash"],"picked":"HollowMod:SharpenedNail","floor":7},{"not_picked":["HollowMod:MawleksShell","HollowMod:LifebloodCocoon"],"picked":"HollowMod:DashSlash","floor":8},{"not_picked":["HollowMod:SiblingsSouls","HollowMod:SoulStrike"],"picked":"HollowMod:RecoilStrike","floor":12},{"not_picked":["HollowMod:DescendingDark","HollowMod:InfectedCysts"],"picked":"HollowMod:PureNailStrike","floor":14}],"player_experience":364973,"relics_obtained":[{"floor":6,"key":"Regal Pillow"},{"floor":9,"key":"PreservedInsect"},{"floor":14,"key":"White Beast Statue"}],"event_choices":[],"is_beta":false,"boss_relics":[],"items_purged_floors":[],"is_endless":false,"potions_floor_spawned":[2,6,12,14],"killed_by":"Hallownest:BossHornet","ascension_level":0}}