{"host":"oi6p1guiqfwwvxym","time":1611603457,"event":{"mods":["BaseMod","Bestiary","Colored Map","Minty Spire (QoL Compilation)","Relic Stats"],"gold_per_floor":[111,121,133,133,16,56,56,80,80,96,135,135,135,156,156,249,249,273,286,50,50,50,50,50,50],"floor_reached":24,"language":"ENG","playtime":1072,"items_purged":["Defend_R"],"score":402,"play_id":"e40a372c-e41f-4efb-908d-5add72b61d8c","local_time":"20210125113737","is_ascension_mode":true,"campfire_choices":[{"data":"Fire Breathing","floor":7,"key":"SMITH"},{"floor":13,"key":"REST"},{"data":"Fiend Fire","floor":15,"key":"SMITH"},{"floor":23,"key":"REST"}],"circlet_count":0,"master_deck":["AscendersBane","Strike_R","Strike_R","Defend_R","Defend_R","Defend_R","Bash","Pommel Strike","Rupture","Reckless Charge","Fire Breathing+1","Power Through","Shrug It Off","Fiend Fire+1","Seeing Red","Feel No Pain","Impervious","Perfected Strike+1","Rage+1","Exhume+1","Burning Pact","Writhe","Inflame"],"relics":["Burning Blood","NeowsBlessing","Golden Idol","Champion Belt","Shovel","Magic Flower","Astrolabe","Ancient Tea Set","Toy Ornithopter","Dream Catcher"],"acts_visited":["Exordium","TheCity"],"potions_floor_usage":[10,11,16],"damage_taken":[{"damage":0,"enemies":"Cultist","floor":1,"turns":1},{"damage":0,"enemies":"2 Louse","floor":2,"turns":2},{"damage":0,"enemies":"Small Slimes","floor":3,"turns":1},{"damage":40,"enemies":"3 Sentries","floor":6,"turns":5},{"damage":16,"enemies":"Red Slaver","floor":8,"turns":4},{"damage":0,"enemies":"Blue Slaver","floor":10,"turns":3},{"damage":15,"enemies":"Lagavulin","floor":11,"turns":7},{"damage":0,"enemies":"Exordium Wildlife","floor":14,"turns":3},{"damage":15,"enemies":"Slime Boss","floor":16,"turns":8},{"damage":38,"enemies":"3 Byrds","floor":18,"turns":5},{"damage":20,"enemies":"Chosen","floor":19,"turns":4},{"damage":51,"enemies":"Book of Stabbing","floor":24,"turns":5}],"seed_played":"-4457086811411618050","potions_obtained":[{"floor":1,"key":"BlessingOfTheForge"},{"floor":6,"key":"DistilledChaos"},{"floor":11,"key":"DistilledChaos"}],"is_trial":false,"path_per_floor":["M","M","M","?","$","E","R","M","T","M","E","?","R","M","R","B",null,"M","M","$","?","?","R","E"],"character_chosen":"IRONCLAD","items_purchased":["Reckless Charge","Fire Breathing","Ancient Tea Set"],"campfire_rested":2,"item_purchase_floors":[5,5,20],"current_hp_per_floor":[74,75,75,68,68,34,34,24,24,30,21,26,47,56,56,50,67,38,27,27,27,27,48,0,0],"gold":50,"neow_bonus":"THREE_ENEMY_KILL","is_daily":false,"chose_seed":false,"campfire_upgraded":2,"win_rate":0.0,"timestamp":1611603457,"path_taken":["M","M","M","?","$","E","R","M","T","M","E","?","R","M","R","BOSS","M","M","$","?","?","R","E"],"items_purchased_type":["Card","Card","Relic"],"build_version":"2020-12-22","purchased_purges":1,"victory":false,"max_hp_per_floor":[75,75,75,68,68,68,68,68,68,68,68,73,73,73,73,73,73,73,73,73,73,73,73,73,73],"relic_stats":{"Dream Catcher":1,"Shovel":0,"counters":[12,48],"Golden Idol":55,"Astrolabe":["Perfected Strike","Rage","Exhume"],"Magic Flower":[12],"Champion Belt":[7],"obtain_stats":[{"Dream Catcher":22,"Shovel":9,"NeowsBlessing":0,"Golden Idol":4,"Astrolabe":17,"Magic Flower":11,"Champion Belt":6,"Ancient Tea Set":20,"Burning Blood":0,"Toy Ornithopter":21},{"Dream Catcher":11,"Shovel":5,"NeowsBlessing":0,"Golden Idol":3,"Astrolabe":9,"Magic Flower":7,"Champion Belt":4,"Ancient Tea Set":11,"Burning Blood":0,"Toy Ornithopter":11},{"Dream Catcher":43,"Shovel":13,"NeowsBlessing":0,"Golden Idol":4,"Astrolabe":34,"Magic Flower":23,"Champion Belt":9,"Ancient Tea Set":43,"Burning Blood":0,"Toy Ornithopter":43}],"Burning Blood":67,"Toy Ornithopter":0},"card_choices":[{"not_picked":["Spot Weakness","Shrug It Off"],"picked":"Pommel Strike","floor":1},{"not_picked":["Havoc","Clash","Armaments"],"picked":"SKIP","floor":2},{"not_picked":["Warcry","Dark Embrace"],"picked":"Rupture","floor":3},{"not_picked":["Iron Wave","Sword Boomerang"],"picked":"Power Through","floor":6},{"not_picked":["Ghostly Armor","Seeing Red"],"picked":"Shrug It Off","floor":8},{"not_picked":["Clothesline","Pommel Strike"],"picked":"Fiend Fire","floor":10},{"not_picked":["Carnage","Cleave"],"picked":"Seeing Red","floor":11},{"not_picked":["Perfected Strike","Havoc"],"picked":"Feel No Pain","floor":14},{"not_picked":["Demon Form","Fiend Fire"],"picked":"Impervious","floor":16},{"not_picked":["Seeing Red","Warcry"],"picked":"Burning Pact","floor":18},{"not_picked":["Anger+1","Headbutt","Sever Soul+1"],"picked":"SKIP","floor":19},{"not_picked":["Pommel Strike","Iron Wave"],"picked":"Inflame","floor":23}],"player_experience":390796,"relics_obtained":[{"floor":6,"key":"Champion Belt"},{"floor":9,"key":"Shovel"},{"floor":11,"key":"Magic Flower"},{"floor":22,"key":"Dream Catcher"}],"event_choices":[{"damage_healed":0,"gold_gain":0,"player_choice":"Lose Max HP","damage_taken":0,"relics_obtained":["Golden Idol"],"max_hp_gain":0,"max_hp_loss":7,"event_name":"Golden Idol","floor":4,"gold_loss":0},{"damage_healed":0,"gold_gain":0,"player_choice":"Donut","damage_taken":0,"max_hp_gain":5,"max_hp_loss":0,"event_name":"Big Fish","floor":12,"gold_loss":0},{"damage_healed":0,"gold_gain":0,"player_choice":"Opened","damage_taken":0,"relics_obtained":["Toy Ornithopter"],"max_hp_gain":0,"max_hp_loss":0,"event_name":"The Mausoleum","floor":21,"gold_loss":0,"cards_obtained":["Writhe"]},{"damage_healed":0,"gold_gain":0,"player_choice":"Relic","damage_taken":0,"max_hp_gain":0,"max_hp_loss":0,"event_name":"Wheel of Change","floor":22,"gold_loss":0}],"is_beta":false,"boss_relics":[{"not_picked":["Runic Cube","Coffee Dripper"],"picked":"Astrolabe"}],"items_purged_floors":[20],"is_endless":false,"potions_floor_spawned":[1,6,8,11],"killed_by":"Book of Stabbing","ascension_level":19}}