{"host":"dwyzfvnzfcqffr30","time":1611604721,"event":{"mods":["2.2 Compatiblity","Act Like it!","Aspiration","BaseMod","Beaked The Cultist","Better Altar","Better Match","Better Note","Better Sensory Stone","Better Skull","Better Third Choice","Clockwork Mod","Colored Map","Colored Powertips","Conspire","Elementarium","GifTheSpireLib","Halation","Hermit","Hubris","Infinite Spire","Ironclad Rager","Jedi Mod","Menagerie","Mimic Mod","Minty Spire (QoL Compilation)","Permanent Neow","Random Character Button","Reliquary","Replay The Spire","Spicy Shops","Spikes Relics","StSLib","Stuff the Spire","The Construct","The Disciple","The Druid","The Marked","TheFirefly","Trackpad","Wandering Minibosses"],"gold_per_floor":[125,153,180,180,205,248,248,281,281,324,274,317,351,407,407,508,508,556,605,633,691,752,829,829,917,917,990,1064,1146,1146,1146,1146,1292,1292,1393,1501,1501,1501],"floor_reached":37,"language":"ENG","playtime":2588,"items_purged":["theDruid:Strike_O+1"],"score":952,"play_id":"5f00429e-f426-4594-98f6-95295554cc54","local_time":"20210125115841","is_ascension_mode":true,"campfire_choices":[{"floor":7,"key":"RECALL"},{"floor":15,"key":"REST"},{"floor":24,"key":"REST"},{"data":"theDruid:Recoil+1","floor":32,"key":"SMITH"}],"circlet_count":0,"master_deck":["AscendersBane","theDruid:Strike_O+1","theDruid:Strike_O+1","theDruid:Strike_O+1","theDruid:Defend_O+1","theDruid:Defend_O+1","theDruid:Defend_O+1","theDruid:BriarArmor+1","theDruid:WildSlash+1","ReplayTheSpireMod:Private Reserves+1","Apotheosis+1","MasterReality+1","theDruid:ViralBites+1","theDruid:Gore+1","theDruid:Fortitude+1","theDruid:Recoil+2","theDruid:NaturalAgility+1","theDruid:InsectSwarm+1","theDruid:BloodiedFur+1","theDruid:BristlingBulwark+1","theDruid:Rabid+1","theDruid:Forage+1","theDruid:Untamed+1","theDruid:Stampede+1","theDruid:HerbalismKit+1","theDruid:PouncingStrike+1"],"relics":["theDruid:CrownOfTheWilds","halation:Prosthetics","Toxic Egg 2","Molten Egg 2","Frozen Egg 2","Quantum Egg","infinitespire:EvilPickle","SacredBark","conspire:InfiniteJournal","Bottled Tornado","infinitespire:EmpoweringShard","Bottled Lightning","Replay:Baseball","reliquary:Aerogel","halation:AfternoonTea","CosmicIsotope","Red Mask","MealTicket","halation:KoshaPiece","Blood Vial","StuffTheSpire:GrapeVine","FaceOfCleric"],"acts_visited":["Exordium","TheCity","TheBeyond"],"potions_floor_usage":[2,6,13,14,14,25,27,33,36,36],"damage_taken":[{"damage":0,"enemies":"Cultist","floor":1,"turns":2},{"damage":0,"enemies":"Jaw Worm","floor":2,"turns":1},{"damage":2,"enemies":"2 Louse","floor":3,"turns":3},{"damage":0,"enemies":"Gremlin Gang","floor":5,"turns":4},{"damage":0,"enemies":"3 Sentries","floor":6,"turns":4},{"damage":0,"enemies":"Large Slime","floor":8,"turns":5},{"damage":4,"enemies":"Gremlin Nob","floor":10,"turns":4},{"damage":5,"enemies":"3 Sentries","floor":12,"turns":5},{"damage":0,"enemies":"2 Fungi Beasts","floor":13,"turns":2},{"damage":0,"enemies":"Gremlin Nob","floor":14,"turns":2},{"damage":0,"enemies":"Slime Boss","floor":16,"turns":5},{"damage":7,"enemies":"2 Thieves","floor":18,"turns":2},{"damage":0,"enemies":"Chosen","floor":19,"turns":4},{"damage":10,"enemies":"Masked Bandits","floor":20,"turns":4},{"damage":0,"enemies":"Centurion and Healer","floor":21,"turns":5},{"damage":4,"enemies":"3 Cultists","floor":22,"turns":5},{"damage":18,"enemies":"Slavers","floor":23,"turns":5},{"damage":8,"enemies":"Gremlin Leader","floor":25,"turns":4},{"damage":0,"enemies":"Sentry and Sphere","floor":27,"turns":5},{"damage":7,"enemies":"Cultist and Chosen","floor":28,"turns":5},{"damage":0,"enemies":"Snake Plant","floor":29,"turns":4},{"damage":11,"enemies":"hubris:MusketHawk","floor":33,"turns":5},{"damage":20,"enemies":"3 Shapes","floor":35,"turns":8},{"damage":7,"enemies":"3 Darklings","floor":36,"turns":3},{"damage":24,"enemies":"Writhing Mass","floor":37,"turns":1}],"seed_played":"-9047625660220340154","potions_obtained":[{"floor":1,"key":"jedi:StrikingPotion"},{"floor":2,"key":"FearPotion"},{"floor":4,"key":"Cursed Concoction"},{"floor":8,"key":"jedi:StrikingPotion"},{"floor":13,"key":"Fire Potion"},{"floor":20,"key":"Strength Potion"},{"floor":21,"key":"FearPotion"},{"floor":25,"key":"ColorlessPotion"}],"is_trial":false,"path_per_floor":["M","M","M","?","M","E","R","M","T","E","?","E","M","E","R","B",null,"M","M","?","M","M","E","R","E","T","M","M","M","AVR","?","R","B",null,"M","M","M"],"character_chosen":"DRUID","items_purchased":[],"campfire_rested":2,"item_purchase_floors":[],"current_hp_per_floor":[33,33,31,31,31,31,31,31,31,27,27,22,22,22,31,33,33,26,31,23,28,29,16,25,25,25,32,26,33,33,33,33,28,33,20,16,0,0],"gold":1501,"neow_bonus":"RANDOM_COLORLESS","is_daily":false,"chose_seed":false,"campfire_upgraded":1,"win_rate":0.0,"timestamp":1611604721,"path_taken":["M","M","M","?","M","E","R","?","T","E","?","E","M","E","R","BOSS","M","M","?","M","M","E","R","E","T","M","M","M","AVR","?","R","BOSS","M","?","M"],"items_purchased_type":[],"build_version":"2020-12-22","purchased_purges":1,"victory":false,"max_hp_per_floor":[33,33,33,33,33,33,33,33,33,33,33,33,33,33,33,33,33,33,33,33,33,33,33,33,33,33,33,33,33,33,33,33,34,34,35,36,36,36],"card_choices":[{"not_picked":["Good Instincts","Dark Shackles"],"picked":"ReplayTheSpireMod:Private Reserves","floor":0},{"not_picked":["theDruid:Adaptation+1","theDruid:Resupply+1"],"picked":"theDruid:ViralBites+1","floor":1},{"not_picked":["theDruid:BrambleLash+1","theDruid:FeralPlants+1"],"picked":"theDruid:Gore+1","floor":2},{"not_picked":["theDruid:Starburst+1","theDruid:BrambleLash+1"],"picked":"theDruid:Fortitude+1","floor":3},{"not_picked":["theDruid:MysticBarrier+1","theDruid:Slingshot+1"],"picked":"theDruid:Recoil+1","floor":5},{"not_picked":["theDruid:Scavenge+1","theDruid:Stampede+1"],"picked":"theDruid:NaturalAgility+1","floor":6},{"not_picked":["theDruid:TakeShelter+1","theDruid:Recoil+1"],"picked":"theDruid:InsectSwarm+1","floor":8},{"not_picked":["theDruid:FeralPlants+1","theDruid:IronClaw+1"],"picked":"theDruid:BloodiedFur+1","floor":10},{"not_picked":["theDruid:BagofTricks+1","theDruid:BackupSupplies+1","theDruid:InsectSwarm+1"],"picked":"SKIP","floor":12},{"not_picked":["theDruid:ForestGuard+1","theDruid:Slingshot+1","theDruid:Guidance+1"],"picked":"SKIP","floor":13},{"not_picked":["theDruid:FullMoon+1","theDruid:Guidance+1"],"picked":"theDruid:BristlingBulwark+1","floor":14},{"not_picked":["theDruid:SurvivalCache+1","theDruid:TwinStars+1"],"picked":"theDruid:Rabid+1","floor":16},{"not_picked":["theDruid:Adaptation+1","theDruid:FeralPlants+1"],"picked":"theDruid:Forage+1","floor":18},{"not_picked":["theDruid:BloodiedFur+1","theDruid:Gore+1","theDruid:Moonbeam+1"],"picked":"SKIP","floor":19},{"not_picked":["theDruid:Thornburst+1","theDruid:Forage+1"],"picked":"theDruid:Untamed+1","floor":20},{"not_picked":["theDruid:ThickHide+1","theDruid:BackupSupplies+1","theDruid:TwilightsCall+1"],"picked":"SKIP","floor":21},{"not_picked":["theDruid:WildArmor+1","theDruid:BloodiedFur+1","theDruid:Recoil+1"],"picked":"SKIP","floor":22},{"not_picked":["theDruid:MysticBarrier+1","theDruid:Impale+1","theDruid:ViralBites+1"],"picked":"SKIP","floor":23},{"not_picked":["theDruid:PlagueClaw+1","theDruid:Gore+1"],"picked":"theDruid:Stampede+1","floor":25},{"not_picked":["theDruid:BrambleLash+1","theDruid:Swipe+1","theDruid:IronbarkArmor+1"],"picked":"SKIP","floor":27},{"not_picked":["theDruid:Starfall+1","theDruid:BackupSupplies+1","theDruid:Slingshot+1"],"picked":"SKIP","floor":28},{"not_picked":["theDruid:LunarScythe+1","theDruid:IronClaw+1","theDruid:TwilightsCall+1"],"picked":"SKIP","floor":29},{"not_picked":["theDruid:SerratedFlesh+1","theDruid:WildFrenzy+1"],"picked":"theDruid:HerbalismKit+1","floor":33},{"not_picked":["theDruid:ThornStrike+1","theDruid:WildArmor+1","theDruid:InsectSwarm+1"],"picked":"SKIP","floor":35},{"not_picked":["theDruid:Eclipse+1","theDruid:NaturalAgility+1"],"picked":"theDruid:PouncingStrike+1","floor":36}],"player_experience":2260465,"relics_obtained":[{"floor":6,"key":"infinitespire:EmpoweringShard"},{"floor":9,"key":"Bottled Lightning"},{"floor":10,"key":"Replay:Baseball"},{"floor":12,"key":"reliquary:Aerogel"},{"floor":14,"key":"halation:AfternoonTea"},{"floor":20,"key":"Red Mask"},{"floor":23,"key":"MealTicket"},{"floor":25,"key":"halation:KoshaPiece"},{"floor":26,"key":"Blood Vial"}],"event_choices":[{"damage_healed":0,"gold_gain":0,"player_choice":"Simplicity","damage_taken":0,"max_hp_gain":0,"max_hp_loss":0,"event_name":"betterThird:BetterWriting","floor":0,"gold_loss":0},{"damage_healed":0,"gold_gain":0,"player_choice":"Got Potions","damage_taken":0,"max_hp_gain":0,"max_hp_loss":0,"event_name":"Lab","floor":4,"gold_loss":0},{"cards_removed":["theDruid:Defend_O"],"damage_healed":0,"gold_gain":0,"player_choice":"Card Removal","damage_taken":0,"max_hp_gain":0,"max_hp_loss":0,"event_name":"The Cleric","floor":11,"gold_loss":50},{"damage_healed":0,"gold_gain":0,"player_choice":"Fought Bandits","damage_taken":0,"max_hp_gain":0,"max_hp_loss":0,"event_name":"Masked Bandits","floor":20,"gold_loss":0},{"damage_healed":0,"gold_gain":0,"player_choice":"Trade","damage_taken":0,"relics_obtained":["NlothsMask"],"max_hp_gain":0,"max_hp_loss":0,"event_name":"FaceTrader","floor":31,"gold_loss":0}],"is_beta":false,"boss_relics":[{"not_picked":["hubris:GrandSneckoEye","aspiration:PoetsPen_weak"],"picked":"CosmicIsotope"},{"not_picked":["trackpad:Trackpad","conspire:RoyalGoblet","SacredBark"]}],"items_purged_floors":[30],"is_endless":false,"potions_floor_spawned":[1,2,8,12,13,20,21,23,25],"killed_by":"Writhing Mass","ascension_level":14}}