{"host":"7wagoesq7cf4lu47","time":1611580880,"event":{"mods":["BaseMod","KomeijiMod","Minty Spire (QoL Compilation)","StSLib"],"gold_per_floor":[177,252,327,340,354,388,3,22,46,46,46,63,63,82,82,182,182,200,200,211,211,66,66,86,86,86,86,104,104,120,120,120,215,265,275,286,286,20,20,20,20,40,40,40,66,86,86,103,103,103],"floor_reached":51,"language":"ZHS","playtime":2051,"items_purged":["Strike_Remiria"],"score":722,"play_id":"23caae38-5900-484a-9828-1a27aa53fe66","local_time":"20210125212120","is_ascension_mode":false,"campfire_choices":[{"floor":10.0,"key":"REST"},{"data":"CurseofVladTepes","floor":13.0,"key":"SMITH"},{"floor":15.0,"key":"REST"},{"data":"HeartBreak_Remiria","floor":23.0,"key":"SMITH"},{"floor":25.0,"key":"REST"},{"data":"Absorbed","floor":32,"key":"SMITH"},{"data":"ThirstForBlood","floor":40,"key":"SMITH"},{"floor":49,"key":"REST"}],"circlet_count":0,"master_deck":["Strike_Remiria","Strike_Remiria+1","Defend_Remirira","Defend_Remirira","Defend_Remirira","Defend_Remirira","Absorbed+1","Scratch","CurseofVladTepes+1","HeartBreak_Remiria+1","RedtheNightlessCastle","Tearing","ThirstForBlood+1","VampireClaw","HeartBreak_Remiria"],"relics":["ThirstyCrossSpe","NeowsBlessing","Anchor","Frozen Egg 2","Tiny Chest","Sozu","MutagenicStrength","Oddly Smooth Stone","Gremlin Horn","KyoryuNoHagoromo","TepesBloodVial","Tiny House","Kunai","Vajra","Pantograph","Toy Ornithopter","Ornamental Fan"],"acts_visited":["Exordium","TheCity","TheBeyond"],"potions_floor_usage":[50,50],"damage_taken":[{"damage":0.0,"enemies":"Cultist","floor":1.0,"turns":1.0},{"damage":0.0,"enemies":"Jaw Worm","floor":4.0,"turns":1.0},{"damage":0.0,"enemies":"Small Slimes","floor":5.0,"turns":1.0},{"damage":36.0,"enemies":"Lagavulin","floor":6.0,"turns":7.0},{"damage":27.0,"enemies":"Exordium Thugs","floor":8.0,"turns":5.0},{"damage":10.0,"enemies":"Blue Slaver","floor":12.0,"turns":4.0},{"damage":6.0,"enemies":"3 Louse","floor":14.0,"turns":3.0},{"damage":46.0,"enemies":"Hexaghost","floor":16.0,"turns":7.0},{"damage":16.0,"enemies":"Spheric Guardian","floor":18.0,"turns":5.0},{"damage":4.0,"enemies":"2 Thieves","floor":20.0,"turns":4.0},{"damage":26.0,"enemies":"Shelled Parasite and Fungi","floor":24.0,"turns":4.0},{"damage":11,"enemies":"Snake Plant","floor":28,"turns":4},{"damage":0,"enemies":"Centurion and Healer","floor":30,"turns":7},{"damage":14,"enemies":"Collector","floor":33,"turns":7},{"damage":19,"enemies":"Orb Walker","floor":35,"turns":4},{"damage":24,"enemies":"3 Darklings","floor":36,"turns":4},{"damage":2,"enemies":"Sphere and 2 Shapes","floor":42,"turns":1},{"damage":55,"enemies":"Spire Growth","floor":46,"turns":5},{"damage":6,"enemies":"Writhing Mass","floor":48,"turns":5},{"damage":86,"enemies":"Awakened One","floor":50,"turns":10}],"seed_played":"5872894186734854088","potions_obtained":[{"floor":1.0,"key":"Swift Potion"},{"floor":4.0,"key":"Regen Potion"},{"floor":14.0,"key":"PowerPotion"},{"floor":16.0,"key":"BlessingOfTheForge"}],"is_trial":false,"path_per_floor":["M","?","?","M","M","E","$","M","T","R","?","M","R","M","R","B",null,"M","?","M","?","$","R","M","R","T","T","M","?","M","?","R","B",null,"M","M","T","$","$","R","$","M","T","?","T","M","T","M","R","B",null],"character_chosen":"RemiriaScarlet","items_purchased":["HeartBreak_Remiria","Frozen Egg 2","Oddly Smooth Stone","VampireClaw","Vajra"],"campfire_rested":4,"item_purchase_floors":[7,7,22,38,38],"current_hp_per_floor":[100,89,79,79,79,43,43,16,16,46,51,41,41,35,66,20,105,89,89,85,85,85,85,59,90,90,90,79,58,58,58,58,44,115,96,82,82,82,82,82,82,80,80,80,80,25,25,27,61,33],"gold":103,"neow_bonus":"THREE_ENEMY_KILL","is_daily":false,"chose_seed":false,"campfire_upgraded":4,"win_rate":0.0,"timestamp":1611580880,"path_taken":["M","?","?","M","?","E","$","M","T","R","?","M","R","M","R","BOSS","M","?","M","?","$","R","M","R","T","?","?","?","M","?","R","BOSS","M","M","?","?","$","R","$","?","T","?","?","M","?","M","R","BOSS"],"items_purchased_type":["Card","Relic","Relic","Card","Relic"],"build_version":"2020-12-22","purchased_purges":1,"victory":true,"max_hp_per_floor":[100,100,100,100,100,100,100,100,100,100,105,105,105,105,105,105,105,105,105,105,105,105,105,105,105,105,105,105,110,110,110,110,110,115,115,115,115,115,115,115,115,115,115,115,115,115,115,115,115,115],"card_choices":[{"not_picked":["Rewrite","ServantFlier","DemonsDinnerFork_Remiria"],"picked":"SKIP","floor":1.0},{"not_picked":["BodyStrengthen","FateEnsemble","Cripple"],"picked":"SKIP","floor":4.0},{"not_picked":["TricksterDevil","Cripple"],"picked":"CurseofVladTepes","floor":5.0},{"not_picked":["RocketKickup","BathedInBlood","BloodyMagicSquare"],"picked":"SKIP","floor":6.0},{"not_picked":["BathedInBlood+1","Warpath"],"picked":"RedtheNightlessCastle","floor":8.0},{"not_picked":["DemonLordWalk","TricksterDevil","BloodySuit"],"picked":"SKIP","floor":12.0},{"not_picked":["Warpath","BloodyMagicSquare+1","DemonsDinnerFork_Remiria"],"picked":"SKIP","floor":14.0},{"not_picked":["Tepes","Paradox","FastHealing"],"picked":"SKIP","floor":18.0},{"not_picked":["Feint","BloodPact+1"],"picked":"Tearing","floor":20.0},{"not_picked":["BloodCleaner","BloodPact","Feint"],"picked":"SKIP","floor":24.0},{"not_picked":["BodyStrengthen","Rewrite","RocketKickup+1"],"picked":"SKIP","floor":28},{"not_picked":["Tepes","BloodSurge+1","ThirstForBlood"],"picked":"SKIP","floor":30},{"not_picked":["BodyStrengthen","DoubleEdge+1"],"picked":"ThirstForBlood","floor":35},{"not_picked":["NaturallyHealing+1","DemonLordWalk","TricksterDevil+1"],"picked":"SKIP","floor":36},{"not_picked":["TrickFate","StigmaNizer+1","VampirishNight+1"],"picked":"SKIP","floor":42},{"not_picked":["BloodyMagicSquare+1","DoubleEdge","RocketKickup+1"],"picked":"SKIP","floor":46},{"not_picked":["BloodCleaner+1","TricksterDevil"],"picked":"HeartBreak_Remiria","floor":48}],"player_experience":167329,"relics_obtained":[{"floor":6.0,"key":"Anchor"},{"floor":9.0,"key":"Tiny Chest"},{"floor":26.0,"key":"Gremlin Horn"},{"floor":27.0,"key":"KyoryuNoHagoromo"},{"floor":37,"key":"Kunai"},{"floor":43,"key":"Pantograph"},{"floor":45,"key":"Toy Ornithopter"},{"floor":47,"key":"Ornamental Fan"}],"event_choices":[{"damage_healed":0.0,"max_hp_gain":0.0,"max_hp_loss":0.0,"gold_gain":75.0,"event_name":"World of Goop","player_choice":"Gather Gold","floor":2.0,"gold_loss":0.0,"damage_taken":11.0},{"damage_healed":0.0,"max_hp_gain":0.0,"max_hp_loss":0.0,"gold_gain":75.0,"event_name":"FaceTrader","player_choice":"Touch","floor":3.0,"gold_loss":0.0,"damage_taken":10.0},{"damage_healed":0.0,"max_hp_gain":5.0,"max_hp_loss":0.0,"gold_gain":0.0,"event_name":"Big Fish","player_choice":"Donut","floor":11.0,"gold_loss":0.0,"damage_taken":0.0},{"damage_healed":0.0,"max_hp_gain":0.0,"max_hp_loss":0.0,"gold_gain":0.0,"event_name":"Drug Dealer","player_choice":"Inject Mutagens","floor":19.0,"gold_loss":0.0,"damage_taken":0.0,"relics_obtained":["MutagenicStrength"]},{"damage_healed":0.0,"max_hp_gain":0.0,"max_hp_loss":0.0,"gold_gain":0.0,"event_name":"Cursed Tome","player_choice":"Ignored","floor":21.0,"gold_loss":0.0,"damage_taken":0.0},{"damage_healed":0,"gold_gain":0,"player_choice":"Shed Blood","damage_taken":26,"max_hp_gain":5,"max_hp_loss":0,"event_name":"Forgotten Altar","floor":29,"gold_loss":0},{"cards_removed":["Strike_Remiria"],"damage_healed":0,"gold_gain":0,"player_choice":"Purged","damage_taken":0,"max_hp_gain":0,"max_hp_loss":0,"event_name":"Purifier","floor":44,"gold_loss":0}],"is_beta":false,"boss_relics":[{"not_picked":["Philosopher\u0027s Stone","Calling Bell"],"picked":"Sozu"},{"not_picked":["Coffee Dripper","Busted Crown"],"picked":"Tiny House"}],"items_purged_floors":[38],"is_endless":false,"potions_floor_spawned":[1,4,14,16,24,30,33,36,46,48],"ascension_level":0}}