{"host":"e5rkqgceakcp3dm7","time":1611562643,"event":{"mods":["A Magickal Journey","Act Like it!","Arknights The Spire","BaseMod","Better Vampires","Gensokyo","Hallownest","Lobotomy","LobotomyExtend","Minty Spire (QoL Compilation)","Remilia£®¿Ÿ√◊¿Ú—«£©","StSLib","The Bug Knight","Youmu£®ªÍ∆«—˝√Œ£©"],"gold_per_floor":[115,130,147,159,12,12,37,50,50,64,98,110,110,121,121,121,121],"floor_reached":16,"language":"ZHS","playtime":1727,"items_purged":["ats:Defend"],"score":116,"play_id":"996813c0-1f12-4e19-8277-d0f15d3da002","local_time":"20210125161723","is_ascension_mode":false,"campfire_choices":[{"data":"ats:Emotion Absorption","floor":6.0,"key":"SMITH"},{"data":"ats:Soul Absorption","floor":15.0,"key":"SMITH"}],"circlet_count":0,"master_deck":["ats:Strike C","ats:Strike G","ats:Strike S","ats:Strike V","ats:Armor Crushing Shot","ats:Defend","ats:Defend","ats:Defend","ats:Emotion Absorption+1","ats:Shell Defense","OldLady","Mercenary","ats:Magnetic Hammer","MHz","ats:Blood Oath","ats:Charging Defense","VoidDream","ats:Phantom","ats:Hammer On","BeautyBeast","ats:Very Hot Blade","ShyLook","ats:Closed Bolt Burst Fire","SpiderBud","FairyFestival","ats:Soul Absorption+1","DespairKnight","ats:Hook Shot","ats:Rat Pack","DreamingCurrent"],"relics":["ats:Sanity","CogitoBucket","LetterFromLob","ats:Originium","Shuriken","TreeSap","ats:Spiritual Recovery","Potion Belt","Mercury Hourglass"],"acts_visited":["Exordium"],"potions_floor_usage":[16],"damage_taken":[{"damage":3.0,"enemies":"Jaw Worm","floor":1.0,"turns":4.0},{"damage":7.0,"enemies":"2 Louse","floor":2.0,"turns":3.0},{"damage":6.0,"enemies":"Cultist","floor":3.0,"turns":3.0},{"damage":3.0,"enemies":"Exordium Wildlife","floor":4.0,"turns":5.0},{"damage":7.0,"enemies":"Gremlin Nob","floor":7.0,"turns":5.0},{"damage":38.0,"enemies":"Blue Slaver","floor":8.0,"turns":6.0},{"damage":0.0,"enemies":"2 Fungi Beasts","floor":10.0,"turns":3.0},{"damage":9.0,"enemies":"Lagavulin","floor":11.0,"turns":6.0},{"damage":2.0,"enemies":"Looter","floor":12.0,"turns":2.0},{"damage":0.0,"enemies":"Blue Slaver","floor":14.0,"turns":5.0},{"damage":168,"enemies":"The Guardian","floor":16,"turns":14}],"seed_played":"2722164953465079472","potions_obtained":[{"floor":1.0,"key":"EntropicBrew"},{"floor":4.0,"key":"AttackPotion"},{"floor":8.0,"key":"SpeedPotion"},{"floor":11.0,"key":"GamblersBrew"}],"is_trial":false,"path_per_floor":["M","M","M","M","$","R","E","M","T","M","E","M","?","M","R","B"],"character_chosen":"DOCTOR_CLASS","items_purchased":["ats:Phantom"],"campfire_rested":0,"item_purchase_floors":[5],"current_hp_per_floor":[69,64,58,61,61,61,60,31,31,34,31,29,17,42,42,0,0],"gold":121,"neow_bonus":"","is_daily":false,"chose_seed":false,"campfire_upgraded":2,"win_rate":0.0,"timestamp":1611562643,"path_taken":["M","M","M","M","$","R","E","M","T","M","E","M","?","M","R","BOSS"],"items_purchased_type":["Card"],"build_version":"2020-12-22","purchased_purges":1,"victory":false,"max_hp_per_floor":[72,72,72,72,72,72,72,72,72,72,72,72,72,72,72,72,72],"card_choices":[{"not_picked":["ats:Assault Order","ats:Poison Spread"],"picked":"ats:Shell Defense","floor":1.0},{"not_picked":["Woodsman","BeautyBeast"],"picked":"OldLady","floor":1.0},{"not_picked":["CrumblingArmor","UniverseFragment"],"picked":"Mercenary","floor":2.0},{"not_picked":["ats:Apocalypse","ats:Guard Mode"],"picked":"ats:Magnetic Hammer","floor":2.0},{"not_picked":["PunishingBird","Rudolta"],"picked":"MHz","floor":3.0},{"not_picked":["ats:Consecutive Shot Auto","ats:Flame Of Heaven"],"picked":"ats:Blood Oath","floor":3.0},{"not_picked":["ats:Flexible Camouflage","ats:Burning Ground"],"picked":"ats:Charging Defense","floor":4.0},{"not_picked":["CherryBlossoms","UniverseFragment"],"picked":"VoidDream","floor":4.0},{"not_picked":["ats:Ignite","ats:Consecutive Shot Auto"],"picked":"ats:Hammer On","floor":7.0},{"not_picked":["UniverseFragment","FairyFestival"],"picked":"BeautyBeast","floor":7.0},{"not_picked":["ats:Poison Spread","ats:Ignite"],"picked":"ats:Very Hot Blade","floor":8.0},{"not_picked":["Woodsman","Laetitia"],"picked":"ShyLook","floor":8.0},{"not_picked":["ats:Thermite Blade","ats:Leaping Hammer"],"picked":"ats:Closed Bolt Burst Fire","floor":10.0},{"not_picked":["Bloodbath","CherryBlossoms"],"picked":"SpiderBud","floor":10.0},{"not_picked":["WhitesApple","Alriune"],"picked":"FairyFestival","floor":11.0},{"not_picked":["ats:Hammer On","ats:Burning Ground"],"picked":"ats:Soul Absorption","floor":11.0},{"not_picked":["Murderer","Scorched"],"picked":"DespairKnight","floor":12.0},{"not_picked":["ats:Closed Bolt Burst Fire","ats:Guardian Obelisk"],"picked":"ats:Hook Shot","floor":12.0},{"not_picked":["ats:Absolute Focus","ats:Blood Oath"],"picked":"ats:Rat Pack","floor":14.0},{"not_picked":["Variant","HeroicMonk"],"picked":"DreamingCurrent","floor":14.0}],"player_experience":197006,"relics_obtained":[{"floor":1.0,"key":"LetterFromLob"},{"floor":7.0,"key":"ats:Originium"},{"floor":7.0,"key":"Shuriken"},{"floor":9.0,"key":"ats:Spiritual Recovery"},{"floor":11.0,"key":"ats:Originium"},{"floor":11.0,"key":"Potion Belt"}],"event_choices":[{"damage_healed":0.0,"max_hp_gain":0.0,"max_hp_loss":0.0,"gold_gain":0.0,"event_name":"Scrap Ooze","player_choice":"Success","floor":13.0,"gold_loss":0.0,"damage_taken":12.0,"relics_obtained":["Mercury Hourglass"]}],"is_beta":false,"boss_relics":[],"items_purged_floors":[5],"is_endless":false,"potions_floor_spawned":[1,4,8,11],"killed_by":"The Guardian","ascension_level":0}}