{"host":"KYO","time":1611581693,"event":{"mods":["ATMod(°¢èªMod)","BaseMod","Minty Spire (QoL Compilation)","Permanent Neow","Replay The Spire","Shop Mod","StSLib","SuperFastMode","TestMod","[IsaacMod]ÒÔÈö¼âËþ","¡¾ÒÅÎï¿¨ÅÆ¡¿REMEMod"],"gold_per_floor":[209,220,235,245,264,264,290,290,290,339,398,409,468,488,488,559,559,570,570,590,590,610,610,637,654,654,679,710,9,64,80,80,159,159,179,179,179,201,284,329,95,138,208,208,227,272,272,297,297,311,332,332,332,62,97,125],"floor_reached":57,"language":"ZHS","playtime":2980,"items_purged":["Strike_R+1","Hallucinations","Strike_R+1"],"score":3898,"play_id":"c39bd3f9-b2a2-4bda-a067-da0960fc4f84","local_time":"20210125213453","is_ascension_mode":true,"campfire_choices":[{"data":"AT_FamilyPortrait","floor":6.0,"key":"SMITH"},{"data":"Hemogenesis","floor":8.0,"key":"SMITH"},{"data":"Barricade","floor":23,"key":"SMITH"},{"data":"AT_Dispersion","floor":32,"key":"SMITH"},{"floor":44,"key":"RECALL"},{"data":"Offering","floor":47,"key":"SMITH"},{"floor":49,"key":"DIG"},{"data":"REME_ACTH","floor":53,"key":"SMITH"}],"circlet_count":0,"master_deck":["AscendersBane","Strike_R+1","Strike_R+1","Strike_R+1","Defend_R+1","Defend_R+1","Defend_R+1","Defend_R+1","Bash","AT_FamilyPortrait+1","Battle Trance","Hemogenesis+1","ReplayTheSpireMod:Stacked+1","REME_ACTH+1","Barricade+1","Juggernaut","Feel No Pain","Replay:Bag of Tricks","AT_ShrugMaster","Body Slam+1","Defy Death+1","AT_Dispersion+1","REME_FirmDetermination+1","Offering+1"],"relics":["Burning Blood","HushsDoor","AT_ATBox","REME_ComplimentaryCards","testmod-TestBox","BelialBook","testmod-Hope","testmod-Motorcycle","Thread and Needle","Orichalcum","Anchor","AT_TrinityForce","GuppysTail","GuppysCollar","Prayer Wheel","AT_ChloranthyRing","CaptainsWheel","SalivaCoin","MerchantsRug","YumHeart","GuppysPaw","Ring of Searing","GuppysHead","OrangePellets","HornCleat","BookOfRevelations","AT_GuinsooRageblade","D6","AT_SilvercatRing","testmod-Justice"],"acts_visited":["Exordium","TheCity","TheBeyond","TheEnding"],"potions_floor_usage":[20,27,33,39,56,56],"damage_taken":[{"damage":12.0,"enemies":"Jaw Worm","floor":1.0,"turns":2.0},{"damage":10.0,"enemies":"2 Louse","floor":2.0,"turns":2.0},{"damage":0.0,"enemies":"Small Slimes","floor":3.0,"turns":3.0},{"damage":30.0,"enemies":"Gremlin Gang","floor":4.0,"turns":5.0},{"damage":9.0,"enemies":"Blue Slaver","floor":5.0,"turns":5.0},{"damage":22.0,"enemies":"Lagavulin","floor":7.0,"turns":4.0},{"damage":6.0,"enemies":"3 Louse","floor":10.0,"turns":5.0},{"damage":16.0,"enemies":"3 Sentries","floor":11.0,"turns":14.0},{"damage":0.0,"enemies":"Exordium Thugs","floor":12.0,"turns":2.0},{"damage":18.0,"enemies":"Gremlin Nob","floor":13.0,"turns":4.0},{"damage":0.0,"enemies":"2 Fungi Beasts","floor":14.0,"turns":2.0},{"damage":53,"enemies":"Fading Forest","floor":16,"turns":13},{"damage":0,"enemies":"Spheric Guardian","floor":18,"turns":4},{"damage":0,"enemies":"2 Thieves","floor":20,"turns":5},{"damage":0,"enemies":"3 Cultists","floor":22,"turns":6},{"damage":25,"enemies":"Slavers","floor":24,"turns":6},{"damage":0,"enemies":"Snake Plant","floor":25,"turns":6},{"damage":0,"enemies":"Book of Stabbing","floor":27,"turns":4},{"damage":0,"enemies":"Gremlin Leader","floor":28,"turns":5},{"damage":18,"enemies":"Slavers","floor":30,"turns":6},{"damage":0,"enemies":"Centurion and Healer","floor":31,"turns":3},{"damage":0,"enemies":"Collector","floor":33,"turns":5},{"damage":0,"enemies":"Orb Walker","floor":35,"turns":2},{"damage":5,"enemies":"3 Darklings","floor":38,"turns":2},{"damage":15,"enemies":"Transient","floor":39,"turns":4},{"damage":10,"enemies":"R_Hoarder","floor":40,"turns":3},{"damage":10,"enemies":"Nemesis","floor":42,"turns":3},{"damage":5,"enemies":"Sphere and 2 Shapes","floor":45,"turns":2},{"damage":10,"enemies":"Giant Head","floor":46,"turns":4},{"damage":0,"enemies":"Reptomancer","floor":48,"turns":1},{"damage":11,"enemies":"Awakened One","floor":50,"turns":4},{"damage":16,"enemies":"Donu and Deca","floor":51,"turns":3},{"damage":5,"enemies":"Shield and Spear","floor":55,"turns":2},{"damage":10,"enemies":"The Heart","floor":56,"turns":4}],"seed_played":"-4516436709774935437","potions_obtained":[{"floor":3.0,"key":"DuplicationPotion"},{"floor":7.0,"key":"REME_GoldPotion"},{"floor":10.0,"key":"testmod-TimePotion"},{"floor":11.0,"key":"REME_GoldPotion"},{"floor":13.0,"key":"Fire Potion"},{"floor":24,"key":"SpeedPotion"},{"floor":27,"key":"Fruit Juice"},{"floor":30,"key":"Dexterity Potion"},{"floor":33,"key":"REME_GoldPotion"},{"floor":39,"key":"HeartOfIron"},{"floor":42,"key":"EntropicBrew"}],"is_trial":false,"path_per_floor":["M","M","M","M","M","R","E","R","T","M","E","M","E","M","R","B",null,"M","?","M","?","M","R","E","M","T","E","E","$","E","M","R","B",null,"M","?","?","M","M","E","$","E","T","R","M","E","R","E","R","B","B",null,"R","$","E","B",null],"character_chosen":"IRONCLAD","items_purchased":["GuppysTail","GuppysCollar","Juggernaut","CaptainsWheel","SalivaCoin","MerchantsRug","GuppysPaw","OrangePellets","HornCleat","AT_SilvercatRing"],"campfire_rested":0,"item_purchase_floors":[17,17,17,29,29,29,34,41,41,54],"current_hp_per_floor":[62,58,64,45,42,42,31,31,31,54,60,74,62,68,75,54,49,49,49,49,37,51,51,32,38,38,51,61,61,49,61,61,61,51,51,51,51,51,51,47,47,43,43,43,44,40,40,46,46,51,51,51,51,51,51,47],"gold":125,"neow_bonus":"HUNDRED_GOLD","is_daily":false,"chose_seed":false,"campfire_upgraded":6,"win_rate":0.0,"timestamp":1611581693,"path_taken":["M","M","M","M","M","R","E","R","T","M","E","M","E","M","R","BOSS","M","?","M","?","M","R","E","?","T","E","E","$","E","?","R","BOSS","M","?","?","?","M","E","$","E","T","R","M","E","R","E","R","BOSS","BOSS","R","$","E","BOSS"],"items_purchased_type":["Relic","Relic","Card","Relic","Relic","Relic","Relic","Relic","Relic","Relic"],"build_version":"2020-12-18","purchased_purges":3,"victory":true,"max_hp_per_floor":[75,75,75,75,75,75,75,75,75,75,75,75,75,75,75,75,49,49,49,49,54,54,54,54,54,54,61,61,61,61,61,61,61,51,51,51,51,51,51,51,51,51,51,51,51,51,51,51,51,51,51,51,51,51,51,51],"card_choices":[{"not_picked":["Clothesline","Dual Wield"],"picked":"Battle Trance","floor":1.0},{"not_picked":["ReplayReversal","Second Wind","Reckless Charge"],"picked":"SKIP","floor":2.0},{"not_picked":["Entrench","Shockwave"],"picked":"Hemogenesis","floor":3.0},{"not_picked":["Abandon","AT_CaressingTears","Armaments"],"picked":"SKIP","floor":4.0},{"not_picked":["Intimidate","Run Through"],"picked":"ReplayTheSpireMod:Stacked","floor":5.0},{"not_picked":["Iron Wave","REME_TheLastStrike","Heavy Blade"],"picked":"SKIP","floor":7.0},{"not_picked":["Armaments","Iron Wave","Wild Strike"],"picked":"SKIP","floor":10.0},{"not_picked":["True Grit","Flame Barrier"],"picked":"REME_ACTH","floor":11.0},{"not_picked":["Combust","Seeing Red","Warcry"],"picked":"SKIP","floor":12.0},{"not_picked":["Clothesline","Anger","Clash"],"picked":"SKIP","floor":13.0},{"not_picked":["Clothesline","Perfected Strike","Hemogenesis"],"picked":"SKIP","floor":14.0},{"not_picked":["Exhume","REME_ACTH"],"picked":"Barricade","floor":16},{"not_picked":["Evolve+1","Headbutt"],"picked":"Feel No Pain","floor":18},{"not_picked":["Fire Breathing+1","REME_FearOfPain"],"picked":"AT_ShrugMaster","floor":20},{"not_picked":["Havoc","Sword Boomerang","ReplayTheSpireMod:Strike From Hell"],"picked":"SKIP","floor":20},{"not_picked":["Metallicize+1","Warcry","Anger"],"picked":"SKIP","floor":22},{"not_picked":["Heavy Blade","Warcry","True Grit"],"picked":"SKIP","floor":22},{"not_picked":["Demon Form","Wild Strike","Heavy Blade"],"picked":"SKIP","floor":24},{"not_picked":["Clash","Armaments"],"picked":"Body Slam+1","floor":25},{"not_picked":["Anger","ReplayTheSpireMod:Muscle Training","Uppercut"],"picked":"SKIP","floor":25},{"not_picked":["Warcry","Cleave","Defy Death"],"picked":"SKIP","floor":27},{"not_picked":["Run Through","Reckless Charge"],"picked":"Defy Death+1","floor":28},{"not_picked":["ReplayTheSpireMod:Muscle Training","REME_Scribble","Dual Wield"],"picked":"SKIP","floor":30},{"not_picked":["Pommel Strike","Run Through"],"picked":"AT_Dispersion","floor":31},{"not_picked":["Twin Strike","AT_DrawKnifeCut","Warcry"],"picked":"SKIP","floor":31},{"not_picked":["Cleave","Pommel Strike","Wild Strike"],"picked":"SKIP","floor":35},{"not_picked":["ReplayTheSpireMod:LeadingStrike","Replay:Undeath\u0027s Touch","Twin Strike"],"picked":"SKIP","floor":35},{"not_picked":["PanicButton","testmod-Dream"],"picked":"REME_FirmDetermination","floor":37},{"not_picked":["Combust","ReplayTheSpireMod:Muscle Training","AT_IchimonjiDouble"],"picked":"SKIP","floor":38},{"not_picked":["Defy Death+1","AT_ManFootWork","Thunderclap"],"picked":"SKIP","floor":38},{"not_picked":["Cleave","Dropkick+1","AT_BodySlamDance"],"picked":"SKIP","floor":39},{"not_picked":["AT_IchimonjiDouble+1","Pommel Strike","Thunderclap"],"picked":"SKIP","floor":39},{"not_picked":["Flex+1","Exhume","Pommel Strike"],"picked":"SKIP","floor":40},{"not_picked":["Headbutt","Body Slam+1","Ghostly Armor"],"picked":"SKIP","floor":42},{"not_picked":["Body Slam","Ghostly Armor","Shrug It Off"],"picked":"SKIP","floor":45},{"not_picked":["Heavy Blade","Thunderclap","Ghostly Armor"],"picked":"SKIP","floor":45},{"not_picked":["REME_Scribble","Twin Strike"],"picked":"Offering","floor":46},{"not_picked":["Bludgeon","Fire Breathing+1","Life Link"],"picked":"SKIP","floor":48},{"not_picked":["AT_GerminateFire","Shrug It Off+1","Headbutt"],"picked":"SKIP","floor":55}],"player_experience":678766,"relics_obtained":[{"floor":7.0,"key":"testmod-Motorcycle"},{"floor":9.0,"key":"Thread and Needle"},{"floor":11.0,"key":"Orichalcum"},{"floor":13.0,"key":"Anchor"},{"floor":24,"key":"Chameleon Ring"},{"floor":26,"key":"WingedGreaves"},{"floor":27,"key":"AT_ChloranthyRing"},{"floor":28,"key":"Nunchaku"},{"floor":30,"key":"YumHeart"},{"floor":36,"key":"Ring of Searing"},{"floor":40,"key":"GuppysHead"},{"floor":42,"key":"BookOfRevelations"},{"floor":46,"key":"AT_GuinsooRageblade"},{"floor":48,"key":"D6"},{"floor":49,"key":"Replay:Ringing Soul"},{"floor":55,"key":"testmod-Justice"}],"event_choices":[{"damage_healed":0,"gold_gain":0,"player_choice":"Simplicity","damage_taken":0,"max_hp_gain":0,"max_hp_loss":0,"event_name":"Back to Basics","floor":19,"gold_loss":0,"cards_upgraded":["Strike_R","Strike_R","Strike_R","Strike_R","Strike_R","Defend_R","Defend_R","Defend_R","Defend_R"]},{"damage_healed":0,"gold_gain":0,"player_choice":"Shed Blood","damage_taken":17,"max_hp_gain":5,"max_hp_loss":0,"event_name":"Forgotten Altar","floor":21,"gold_loss":0},{"damage_healed":0,"gold_gain":0,"player_choice":"Memory 1","damage_taken":0,"max_hp_gain":0,"max_hp_loss":0,"event_name":"SensoryStone","floor":37,"gold_loss":0}],"is_beta":true,"boss_relics":[{"not_picked":["testmod-HarvestTotem","REME_LowDesire"],"picked":"AT_TrinityForce"},{"not_picked":[]},{"not_picked":["testmod-Fanaticism","testmod-CardMagician"],"picked":"REME_DuelDisc"},{"not_picked":[]}],"items_purged_floors":[29,41,54],"is_endless":false,"potions_floor_spawned":[3,7,10,11,13,16,24,27,30,33,38,39,42,48],"ascension_level":20}}