{"host":"Oniwa","time":1611566333,"event":{"mods":["BaseMod","Colored Map","Colored Powertips","Minty Spire (QoL Compilation)","Relic Stats","Slay the Relics Exporter","SpireBot","StSLib","ojb\u0027s Better Paths Mod","ojb\u0027s Info Mod"],"gold_per_floor":[116,116,116,134,1,1,33,33,33,62,72,88,10,30,30,101,101,116,116,135,50,63,63,92,92,92,104,104,104,104],"floor_reached":29,"language":"JPN","playtime":1303,"items_purged":[],"score":606,"play_id":"9a1f2d62-044d-4e7c-bd31-613d02ba5b22","local_time":"20210125181853","is_ascension_mode":true,"campfire_choices":[{"data":"Poisoned Stab","floor":6,"key":"SMITH"},{"data":"Quick Slash","floor":8,"key":"SMITH"},{"floor":15,"key":"REST"},{"floor":23,"key":"REST"},{"floor":25,"key":"REST"},{"floor":28,"key":"REST"}],"circlet_count":0,"master_deck":["AscendersBane","Strike_G+1","Strike_G","Strike_G","Strike_G","Defend_G","Defend_G+1","Defend_G","Defend_G","Defend_G","Survivor","Neutralize","Quick Slash+1","Poisoned Stab+1","Footwork","Footwork","Deadly Poison","Deflect","Dodge and Roll","Quick Slash","Deadly Poison","Corpse Explosion","Blur","Bane","Die Die Die","Leg Sweep","Infinite Blades","Endless Agony","Unload"],"relics":["Ring of the Snake","NeowsBlessing","Dream Catcher","Lantern","Potion Belt","Mummified Hand","Black Star","Pear","Torii","Gremlin Horn","Bottled Tornado","Letter Opener"],"acts_visited":["Exordium","TheCity"],"potions_floor_usage":[10,14,16,22,22,24,27],"damage_taken":[{"damage":0,"enemies":"Small Slimes","floor":1,"turns":1},{"damage":0,"enemies":"2 Louse","floor":4,"turns":1},{"damage":0,"enemies":"3 Sentries","floor":7,"turns":1},{"damage":24,"enemies":"Lagavulin","floor":10,"turns":8},{"damage":0,"enemies":"Cultist","floor":11,"turns":3},{"damage":0,"enemies":"Red Slaver","floor":12,"turns":3},{"damage":0,"enemies":"Lots of Slimes","floor":14,"turns":2},{"damage":18,"enemies":"Hexaghost","floor":16,"turns":9},{"damage":14,"enemies":"3 Byrds","floor":18,"turns":3},{"damage":1,"enemies":"Spheric Guardian","floor":20,"turns":3},{"damage":20,"enemies":"Snake Plant","floor":22,"turns":5},{"damage":35,"enemies":"Gremlin Leader","floor":24,"turns":9},{"damage":15,"enemies":"Sentry and Sphere","floor":27,"turns":6},{"damage":68,"enemies":"Slavers","floor":29,"turns":4}],"seed_played":"-1342198136077202681","potions_obtained":[{"floor":7,"key":"PowerPotion"},{"floor":12,"key":"Explosive Potion"},{"floor":16,"key":"GhostInAJar"},{"floor":18,"key":"SneckoOil"},{"floor":22,"key":"Poison Potion"},{"floor":24,"key":"Regen Potion"}],"is_trial":false,"path_per_floor":["M","?","?","M","$","R","E","R","T","E","M","M","?","M","R","B",null,"M","T","M","?","M","R","E","R","T","M","R","E"],"character_chosen":"THE_SILENT","items_purchased":["Footwork","Poison Potion"],"campfire_rested":4,"item_purchase_floors":[5,5],"current_hp_per_floor":[59,39,32,32,32,32,32,32,32,8,8,8,8,8,27,9,52,38,48,47,47,27,49,14,36,36,36,58,0,0],"gold":104,"neow_bonus":"THREE_ENEMY_KILL","is_daily":false,"chose_seed":false,"campfire_upgraded":2,"win_rate":0.0,"timestamp":1611566333,"path_taken":["M","?","?","M","$","R","E","R","T","E","M","M","?","?","R","BOSS","M","?","?","?","M","R","E","R","T","M","R","E"],"items_purchased_type":["Card","Potion"],"build_version":"2020-12-18","purchased_purges":0,"victory":false,"max_hp_per_floor":[66,66,66,66,66,66,66,66,66,66,66,66,66,66,66,66,66,66,76,76,76,76,76,76,76,76,76,76,76,76],"relic_stats":{"Dream Catcher":4,"Torii":11,"Gremlin Horn":[1,1],"counters":[14,58],"Mummified Hand":[16],"Black Star":1,"Letter Opener":[30],"obtain_stats":[{"Potion Belt":10,"Dream Catcher":7,"Lantern":9,"Pear":19,"NeowsBlessing":0,"Torii":21,"Gremlin Horn":24,"Mummified Hand":13,"Black Star":17,"Letter Opener":26,"Bottled Tornado":24,"Ring of the Snake":0},{"Potion Belt":4,"Dream Catcher":3,"Lantern":3,"Pear":9,"NeowsBlessing":0,"Torii":10,"Gremlin Horn":12,"Mummified Hand":6,"Black Star":8,"Letter Opener":12,"Bottled Tornado":12,"Ring of the Snake":0},{"Potion Belt":11,"Dream Catcher":3,"Lantern":3,"Pear":31,"NeowsBlessing":0,"Torii":34,"Gremlin Horn":48,"Mummified Hand":17,"Black Star":28,"Letter Opener":48,"Bottled Tornado":48,"Ring of the Snake":0}],"Ring of the Snake":[29]},"card_choices":[{"not_picked":["Prepared","Cloak And Dagger"],"picked":"Quick Slash","floor":1},{"not_picked":["Cloak And Dagger","Expertise"],"picked":"Poisoned Stab","floor":4},{"not_picked":["Calculated Gamble","Prepared"],"picked":"Footwork","floor":7},{"not_picked":["Expertise","Dagger Spray"],"picked":"Deadly Poison","floor":10},{"not_picked":["Sucker Punch","Poisoned Stab"],"picked":"Deflect","floor":11},{"not_picked":["Dagger Throw","Dagger Spray"],"picked":"Dodge and Roll","floor":12},{"not_picked":["Setup","Deflect"],"picked":"Quick Slash","floor":14},{"not_picked":["Flying Knee","Deflect"],"picked":"Deadly Poison","floor":15},{"not_picked":["Die Die Die","Wraith Form v2"],"picked":"Corpse Explosion","floor":16},{"not_picked":["Deflect","PiercingWail"],"picked":"Blur","floor":18},{"not_picked":["Sucker Punch","Outmaneuver"],"picked":"Bane","floor":20},{"not_picked":["Dodge and Roll","Dagger Spray"],"picked":"Die Die Die","floor":22},{"not_picked":["Sucker Punch","Backflip"],"picked":"Leg Sweep","floor":23},{"not_picked":["Calculated Gamble","Dagger Spray"],"picked":"Infinite Blades","floor":24},{"not_picked":["Finisher","Blade Dance"],"picked":"Endless Agony","floor":27},{"not_picked":["Bane","Dagger Spray"],"picked":"Unload","floor":28}],"player_experience":2584418,"relics_obtained":[{"floor":7,"key":"Dream Catcher"},{"floor":9,"key":"Lantern"},{"floor":10,"key":"Potion Belt"},{"floor":19,"key":"Pear"},{"floor":24,"key":"Gremlin Horn"},{"floor":24,"key":"Bottled Tornado"},{"floor":26,"key":"Letter Opener"}],"event_choices":[{"damage_healed":0,"gold_gain":0,"player_choice":"Entered Light","damage_taken":20,"max_hp_gain":0,"max_hp_loss":0,"event_name":"Shining Light","floor":2,"gold_loss":0,"cards_upgraded":["Strike_G","Defend_G"]},{"cards_removed":["Strike_G"],"damage_healed":0,"gold_gain":0,"player_choice":"Card Removal","damage_taken":7,"max_hp_gain":0,"max_hp_loss":0,"event_name":"Golden Wing","floor":3,"gold_loss":0},{"damage_healed":0,"gold_gain":0,"player_choice":"Paid Gold","damage_taken":0,"relics_obtained":["Mummified Hand"],"max_hp_gain":0,"max_hp_loss":0,"event_name":"WeMeetAgain","floor":13,"gold_loss":78},{"damage_healed":0,"gold_gain":0,"player_choice":"Obtained Relic","damage_taken":0,"relics_obtained":["Torii"],"max_hp_gain":0,"max_hp_loss":0,"event_name":"Addict","floor":21,"gold_loss":85}],"is_beta":true,"boss_relics":[{"not_picked":["Coffee Dripper","Philosopher\u0027s Stone"],"picked":"Black Star"}],"items_purged_floors":[],"is_endless":false,"potions_floor_spawned":[7,12,16,18,22,24],"killed_by":"Slavers","ascension_level":20}}