{"host":"rx4dvj46as2nh7wl","time":1611543652,"event":{"mods":["100% Spire Juice","ATMod(°¢èªMod)","Act Like it!","BaseMod","BetterRewards","Defective Defect","Dota2Spire","Friendly Minions","Gensokyo","GifTheSpireLib","HololiveMod","Hubris","KomeijiMod","Lobotomy","Minty Spire (QoL Compilation)","Permanent Neow","Relic Stats","Replay The Spire","Spicy Shops","StSLib","The Alterego","WarShipGirlsR/Õ½½¢ÉÙÅ®R mod","Yakumo Yukari mod"],"gold_per_floor":[116,126,126,126,401,420,420,420],"floor_reached":7,"language":"ZHS","playtime":393,"items_purged":[],"score":41,"play_id":"45be9059-5b97-470a-9785-928b0e07a0aa","local_time":"20210125110052","is_ascension_mode":false,"campfire_choices":[],"circlet_count":0,"master_deck":["alterego_mod:Strike","alterego_mod:Strike","alterego_mod:Strike","alterego_mod:Strike","alterego_mod:Defend","alterego_mod:Defend","alterego_mod:Defend","alterego_mod:Defend","alterego_mod:Impale","alterego_mod:BigMeatyClaws","alterego_mod:BrynhildrsRune","AT_PowerWithin","alterego_mod:Collar","Scorched","alterego_mod:Complex","Regret","alterego_mod:BusterCard","OldLady"],"relics":["alterego_mod:MasochisticConstitution","AT_ATBox","CogitoBucket","Dota2Spire:DrumOfEndurance","hubris:Towel"],"acts_visited":["Exordium"],"potions_floor_usage":[],"damage_taken":[{"damage":13,"enemies":"Jaw Worm","floor":1,"turns":6},{"damage":5,"enemies":"2 Louse","floor":2,"turns":2},{"damage":11,"enemies":"Small Slimes","floor":6,"turns":2},{"damage":39,"enemies":"Lagavulin","floor":7,"turns":2}],"seed_played":"6755021698988559269","potions_obtained":[{"floor":1,"key":"Regen Potion"}],"is_trial":false,"path_per_floor":["M","M","?","?","?","M","E"],"character_chosen":"The_Alterego","items_purchased":[],"campfire_rested":0,"item_purchase_floors":[],"current_hp_per_floor":[58,54,47,47,47,37,0,0],"gold":420,"neow_bonus":"","is_daily":false,"chose_seed":false,"campfire_upgraded":0,"win_rate":0.0,"timestamp":1611543652,"path_taken":["M","M","?","?","?","M","E"],"items_purchased_type":[],"build_version":"2020-12-22","purchased_purges":0,"victory":false,"max_hp_per_floor":[71,72,72,72,72,73,73,73],"relic_stats":{"counters":[4,12],"obtain_stats":[{"alterego_mod:MasochisticConstitution":0,"CogitoBucket":0,"AT_ATBox":0,"Dota2Spire:DrumOfEndurance":3,"hubris:Towel":4},{"alterego_mod:MasochisticConstitution":0,"CogitoBucket":0,"AT_ATBox":0,"Dota2Spire:DrumOfEndurance":2,"hubris:Towel":2},{"alterego_mod:MasochisticConstitution":0,"CogitoBucket":0,"AT_ATBox":0,"Dota2Spire:DrumOfEndurance":8,"hubris:Towel":8}]},"card_choices":[{"not_picked":["alterego_mod:DiscoLights","alterego_mod:TrashNCrash"],"picked":"alterego_mod:Collar","floor":1},{"not_picked":["MHz","ShyLook"],"picked":"Scorched","floor":1},{"not_picked":["alterego_mod:Undulate","alterego_mod:HighServant"],"picked":"alterego_mod:Complex","floor":2},{"not_picked":["alterego_mod:Santa","alterego_mod:Punishment"],"picked":"alterego_mod:BusterCard","floor":6},{"not_picked":["Bloodbath","CherryBlossoms"],"picked":"OldLady","floor":6}],"player_experience":168553,"relics_obtained":[],"event_choices":[{"damage_healed":0,"gold_gain":0,"player_choice":"Success","damage_taken":7,"relics_obtained":["Dota2Spire:DrumOfEndurance"],"max_hp_gain":0,"max_hp_loss":0,"event_name":"Scrap Ooze","floor":3,"gold_loss":0},{"damage_healed":0,"gold_gain":275,"player_choice":"Desecrate","damage_taken":0,"max_hp_gain":0,"max_hp_loss":0,"event_name":"Golden Shrine","floor":5,"gold_loss":0,"cards_obtained":["Regret"]}],"is_beta":false,"boss_relics":[],"items_purged_floors":[],"is_endless":false,"potions_floor_spawned":[1],"killed_by":"Lagavulin","ascension_level":0}}