{"host":"wkuscavjg97fbbrj","time":1611560758,"event":{"mods":["BaseMod","Colored Powertips","Downfall","Infinite Spire","Minty Spire (QoL Compilation)","Permanent Neow","Quick Restart","Replay The Spire","StSLib"],"gold_per_floor":[99,118,118,128,228,258,258,273,302,313,342,67,67,102,122,226,226,126,145,158,168,168,203,227,244,269,179,179,194,94,107,122,219,219,219,230,230,245,45,45,71,88,88,88,88,88,108,127,144,144,144,144],"floor_reached":50,"language":"ENG","playtime":2902,"items_purged":["Guardian:CurlUp"],"score":641,"play_id":"48a7fcef-cf2c-4f73-82e3-762cc1817c2b","local_time":"20210125024558","is_ascension_mode":false,"campfire_choices":[{"data":"Guardian:HyperBeam_Guardian","floor":13.0,"key":"SMITH"},{"floor":18.0,"key":"RECALL"},{"data":"Guardian:FloatingOrbs","floor":30.0,"key":"SMITH"},{"data":"expansioncontent:DashGenerateEvil","floor":40.0,"key":"SMITH"},{"data":"Guardian:StasisField","floor":43.0,"key":"SMITH"},{"data":"expansioncontent:Chronoboost","floor":46.0,"key":"SMITH"}],"circlet_count":0,"master_deck":["Guardian:Strike_Guardian","Guardian:Strike_Guardian","Guardian:Strike_Guardian","Guardian:Strike_Guardian","Guardian:Defend_Guardian+1","Guardian:Defend_Guardian","Guardian:Defend_Guardian+1","Guardian:TwinSlam","Guardian:ConstructionForm","Guardian:TemporalStrike","Guardian:ChargeCore","Guardian:WalkerClaw","Guardian:HyperBeam_Guardian+1","Guardian:WalkerClaw","Guardian:StasisField+1","Guardian:TemporalShield","Guardian:FloatingOrbs+1","Guardian:StasisStrike","Guardian:WalkerClaw+1","expansioncontent:DashGenerateEvil+1","expansioncontent:Chronoboost+1"],"relics":["Guardian:ModeShifter","ReplayTheSpireMod:Ring of Addiction","Chameleon Ring","Potion Belt","ReplayTheSpireMod:Ring of Exchange","Toy Ornithopter","Garlic","Gambling Chip","Pondfish Scales","Orichalcum","Iron Hammer","Lantern","Guardian:StasisSlotReductionRelic","downfall:HeartBlessingGreen","ReplayTheSpireMod:Lightbulb","War Paint","Gremlin Horn","downfall:HeartBlessingRed","Busted Crown"],"acts_visited":["Exordium","TheCity","TheBeyond"],"potions_floor_usage":[50],"damage_taken":[{"damage":0.0,"enemies":"Jaw Worm","floor":2.0,"turns":4.0},{"damage":0.0,"enemies":"2 Louse","floor":4.0,"turns":2.0},{"damage":0.0,"enemies":"downfall:LadyInBlue","floor":5.0,"turns":11.0},{"damage":0.0,"enemies":"Lagavulin","floor":6.0,"turns":6.0},{"damage":0.0,"enemies":"Cultist","floor":8.0,"turns":2.0},{"damage":0.0,"enemies":"Gremlin Nob","floor":9.0,"turns":3.0},{"damage":0.0,"enemies":"Exordium Wildlife","floor":10.0,"turns":2.0},{"damage":0.0,"enemies":"3 Sentries","floor":11.0,"turns":3.0},{"damage":0.0,"enemies":"downfall:FleeingMerchant","floor":12.0,"turns":4.0},{"damage":10.0,"enemies":"Replay:BlueRogue","floor":14.0,"turns":6.0},{"damage":0.0,"enemies":"Large Slime","floor":15.0,"turns":4.0},{"damage":34.0,"enemies":"WA_ARCHETYPE_RETAIN","floor":16.0,"turns":10.0},{"damage":0.0,"enemies":"Chosen","floor":19.0,"turns":4.0},{"damage":0.0,"enemies":"Spheric Guardian","floor":20.0,"turns":2.0},{"damage":0.0,"enemies":"Chosen and Byrds","floor":21.0,"turns":5.0},{"damage":0.0,"enemies":"Gremlin Leader","floor":23.0,"turns":7.0},{"damage":0.0,"enemies":"Snecko","floor":25.0,"turns":4.0},{"damage":0.0,"enemies":"Replay:Snechameleon","floor":26.0,"turns":4.0},{"damage":0.0,"enemies":"downfall:FleeingMerchant","floor":27.0,"turns":4.0},{"damage":6.0,"enemies":"Snake Plant","floor":29.0,"turns":5.0},{"damage":0.0,"enemies":"Sentry and Sphere","floor":31.0,"turns":1.0},{"damage":0.0,"enemies":"Centurion and Healer","floor":32.0,"turns":5.0},{"damage":21.0,"enemies":"SI_MIRROR_ARCHETYPE","floor":33.0,"turns":9.0},{"damage":0.0,"enemies":"3 Shapes","floor":36.0,"turns":3.0},{"damage":0.0,"enemies":"Orb Walker","floor":38.0,"turns":3.0},{"damage":0.0,"enemies":"downfall:FleeingMerchant","floor":39.0,"turns":4.0},{"damage":7.0,"enemies":"4 Shapes","floor":42.0,"turns":2.0},{"damage":8.0,"enemies":"Maw","floor":47.0,"turns":6.0},{"damage":0.0,"enemies":"Sphere and 2 Shapes","floor":48.0,"turns":3.0},{"damage":0.0,"enemies":"Spire Growth","floor":49.0,"turns":4.0},{"damage":65,"enemies":"DF_ARCHETYPE_ORBS","floor":50,"turns":9}],"seed_played":"-7744838086549277756","potions_obtained":[{"floor":2.0,"key":"Guardian:BlockOnCardUsePotion"},{"floor":3.0,"key":"Guardian:BlockOnCardUsePotion"},{"floor":3.0,"key":"Fire Potion"},{"floor":3.0,"key":"PowerPotion"},{"floor":5.0,"key":"FearPotion"},{"floor":5.0,"key":"DuplicationPotion"},{"floor":9.0,"key":"Strength Potion"},{"floor":10.0,"key":"LiquidBronze"},{"floor":14.0,"key":"SpeedPotion"},{"floor":15.0,"key":"SpeedPotion"},{"floor":16.0,"key":"Fire Potion"},{"floor":20.0,"key":"GamblersBrew"},{"floor":21.0,"key":"bronze:BurnAndBuffPotion"},{"floor":29.0,"key":"Guardian:DefensiveModePotion"},{"floor":32.0,"key":"BlessingOfTheForge"},{"floor":35.0,"key":"LifebloodPotion"},{"floor":35.0,"key":"GamblersBrew"},{"floor":36.0,"key":"Swift Potion"},{"floor":42.0,"key":"Milkshake"}],"is_trial":false,"path_per_floor":["R","M","?","M","?","E","T","M","E","M","E","$","R","E","M","B",null,"R","M","M","M","?","E","T","M","E","$","?","M","R","M","M","B",null,"R","M","?","M","$","R","T","M","R","?","?","R","M","M","M","B"],"character_chosen":"GUARDIAN","items_purchased":["Iron Hammer","expansioncontent:DashGenerateEvil"],"campfire_rested":0,"item_purchase_floors":[12,39],"current_hp_per_floor":[80,80,80,80,80,80,80,80,78,78,78,78,78,68,68,47,76,76,76,74,74,74,74,74,72,72,72,72,66,66,66,66,54,70,70,70,70,70,70,70,70,63,63,63,63,63,60,60,60,0,0,0],"gold":144,"neow_bonus":"ONE_RANDOM_RARE_CARD","is_daily":false,"chose_seed":false,"campfire_upgraded":5,"win_rate":0.0,"timestamp":1611560758,"path_taken":["R","M","?","M","?","E","T","M","E","?","E","$","R","E","M","BOSS","R","M","M","M","?","E","T","M","E","$","?","?","R","M","M","BOSS","R","M","?","M","$","R","T","?","R","?","?","R","M","M","M","BOSS"],"items_purchased_type":["Relic","Card"],"build_version":"2020-12-22","purchased_purges":1,"victory":false,"max_hp_per_floor":[80,80,80,80,80,80,80,80,78,78,78,78,78,78,76,76,76,76,76,74,74,74,74,74,72,72,72,72,72,72,72,70,70,70,70,70,70,70,70,70,70,70,70,70,70,68,68,68,68,68,68,68],"card_choices":[{"not_picked":["Guardian:TemporalStrike","Guardian:PrismaticBeam"],"picked":"Guardian:ChargeCore","floor":2.0},{"not_picked":["Guardian:DonusPower","Guardian:Incinerate"],"picked":"Guardian:ChargeCore","floor":4.0},{"not_picked":["Guardian:Gem_Lightblue","Guardian:SpikerProtocol"],"picked":"Guardian:WalkerClaw","floor":5.0},{"not_picked":["Guardian:TemporalStrike","Guardian:PrimingBeam","Guardian:VentSteam"],"picked":"SKIP","floor":6.0},{"not_picked":["Guardian:VentSteam","Guardian:Clone"],"picked":"Guardian:HyperBeam_Guardian","floor":8.0},{"not_picked":["Guardian:Planning","Guardian:RollAttack","Guardian:CrystalBeam"],"picked":"SKIP","floor":9.0},{"not_picked":["Guardian:Preprogram","Guardian:MultiBeam"],"picked":"Guardian:Gem_Green","floor":10.0},{"not_picked":["Guardian:VentSteam","Guardian:Recover"],"picked":"Guardian:Gem_Red","floor":11.0},{"not_picked":["Guardian:ShieldCharger","Guardian:SphericShield"],"picked":"Guardian:WalkerClaw","floor":12.0},{"not_picked":["Guardian:AncientConstruct","Guardian:Recover","Guardian:Incinerate"],"picked":"SKIP","floor":14.0},{"not_picked":["Guardian:Suspension","Guardian:Preprogram","Guardian:PrimingBeam"],"picked":"SKIP","floor":15.0},{"not_picked":["Guardian:Gem_Synthetic","Guardian:FastForward"],"picked":"Guardian:StasisField","floor":16.0},{"not_picked":["Guardian:TemporalStrike","Guardian:Gem_Lightblue","Guardian:CrystalBeam"],"picked":"SKIP","floor":19.0},{"not_picked":["Guardian:DonusPower","Guardian:Planning"],"picked":"Guardian:Gem_Purple","floor":20.0},{"not_picked":["Guardian:Clone","Guardian:GuardianWhirl+1","Guardian:DonusPower"],"picked":"SKIP","floor":21.0},{"not_picked":["Guardian:Harden","Guardian:Recover","Guardian:PrismaticBeam"],"picked":"SKIP","floor":23.0},{"not_picked":["Guardian:Gem_Green","Guardian:DecasProtection","Guardian:ChargeCore"],"picked":"SKIP","floor":25.0},{"not_picked":["Guardian:PrimingBeam","Guardian:RollAttack+1"],"picked":"Guardian:TemporalShield","floor":26.0},{"not_picked":["Guardian:SpikerProtocol","Guardian:StasisField"],"picked":"Guardian:FloatingOrbs","floor":27.0},{"not_picked":["Guardian:TemporalStrike","Guardian:Suspension","Guardian:ChargeCore+1"],"picked":"SKIP","floor":29.0},{"not_picked":["Guardian:SpikerProtocol","Guardian:VentSteam"],"picked":"Guardian:Gem_Red","floor":31.0},{"not_picked":["Guardian:Suspension","Guardian:RollAttack+1"],"picked":"Guardian:Gem_Lightblue","floor":32.0},{"not_picked":["Guardian:RevengeProtocol","Guardian:FastForward"],"picked":"Guardian:StasisStrike","floor":33.0},{"not_picked":[],"picked":"Guardian:WalkerClaw+1","floor":36.0},{"not_picked":["Guardian:Repulse+1"],"picked":"SKIP","floor":38.0},{"not_picked":["Guardian:TemporalStrike"],"picked":"SKIP","floor":39.0},{"not_picked":["Guardian:Suspension"],"picked":"SKIP","floor":42.0},{"not_picked":[],"picked":"expansioncontent:Chronoboost","floor":45.0},{"not_picked":["Guardian:PrismaticBeam+1"],"picked":"SKIP","floor":47.0},{"not_picked":["Guardian:EvasiveProtocol+1"],"picked":"SKIP","floor":48.0},{"not_picked":["Guardian:DonusPower"],"picked":"SKIP","floor":49.0}],"player_experience":153714,"relics_obtained":[{"floor":3.0,"key":"ReplayTheSpireMod:Ring of Addiction"},{"floor":3.0,"key":"Chameleon Ring"},{"floor":3.0,"key":"Potion Belt"},{"floor":3.0,"key":"ReplayTheSpireMod:Ring of Exchange"},{"floor":5.0,"key":"Toy Ornithopter"},{"floor":6.0,"key":"Garlic"},{"floor":7.0,"key":"Gambling Chip"},{"floor":9.0,"key":"Pondfish Scales"},{"floor":11.0,"key":"Orichalcum"},{"floor":14.0,"key":"Lantern"},{"floor":23.0,"key":"ReplayTheSpireMod:Lightbulb"},{"floor":24.0,"key":"War Paint"},{"floor":26.0,"key":"Gremlin Horn"}],"event_choices":[{"cards_removed":["Guardian:ChargeCore"],"damage_healed":5.0,"max_hp_gain":0.0,"max_hp_loss":0.0,"gold_gain":0.0,"event_name":"Bonfire Elementals","player_choice":"Offered Common","floor":37.0,"gold_loss":0.0,"damage_taken":0.0},{"cards_removed":["Guardian:ChargeCore"],"damage_healed":5.0,"max_hp_gain":0.0,"max_hp_loss":0.0,"gold_gain":0.0,"event_name":"Bonfire Elementals","player_choice":"Offered Special","floor":37.0,"gold_loss":0.0,"damage_taken":0.0}],"is_beta":false,"boss_relics":[{"not_picked":["Snecko Eye","Guide Book"],"picked":"Guardian:StasisSlotReductionRelic"},{"not_picked":["Sozu","Abe\u0027s Treasure"],"picked":"Busted Crown"}],"items_purged_floors":[27],"is_endless":false,"potions_floor_spawned":[2,9,10,14,15,16,20,21,29,32,36,42],"killed_by":"DF_ARCHETYPE_ORBS","ascension_level":0}}