{"host":"tgr1xoidyjfo4u0n","time":1611542563,"event":{"mods":["Act Like it!","Alarm Clock","BaseMod","CapriCore","Colored Powertips","Downfall","GifTheSpireLib","Highlight Path","Minty Spire (QoL Compilation)","StSLib"],"gold_per_floor":[110,128,142,153,168,168,168,187,213,254,278,278,278,57,57,169,169,185,213,48,48,48,88,88,112,112,123,149,180,180,25,25,131,131,151,151,151],"floor_reached":36,"language":"ZHS","playtime":2362,"items_purged":["Strike_P","Strike_P","Consecrate"],"score":547,"play_id":"0a07a40e-11af-49e1-8a36-e39dec383684","local_time":"20210125104243","is_ascension_mode":true,"campfire_choices":[{"data":"Eruption","floor":6.0,"key":"SMITH"},{"floor":12.0,"key":"REST"},{"data":"Blasphemy","floor":15.0,"key":"SMITH"},{"data":"Ragnarok","floor":24.0,"key":"SMITH"},{"data":"Study","floor":30.0,"key":"SMITH"},{"data":"ThirdEye","floor":32.0,"key":"SMITH"}],"circlet_count":0,"master_deck":["Eruption+1","Vigilance","EmptyBody+1","EmptyMind","MentalFortress","Indignation+1","ClearTheMind","Blasphemy+1","Brilliance","Ragnarok+1","FlurryOfBlows","Study+1","DeceiveReality+1","ClearTheMind","Adaptation+1","LikeWater","ThirdEye+1","LessonLearned","Crescendo"],"relics":["PureWater","Centennial Puzzle","CeramicFish","Coffee Dripper","Smiling Mask","War Paint","Yang","Singing Bowl","Empty Cage"],"acts_visited":["Exordium","TheCity","TheBeyond"],"potions_floor_usage":[],"damage_taken":[{"damage":4.0,"enemies":"Jaw Worm","floor":1.0,"turns":5.0},{"damage":0.0,"enemies":"2 Louse","floor":2.0,"turns":3.0},{"damage":0.0,"enemies":"Cultist","floor":3.0,"turns":2.0},{"damage":2.0,"enemies":"Exordium Thugs","floor":4.0,"turns":4.0},{"damage":3.0,"enemies":"Exordium Wildlife","floor":5.0,"turns":7.0},{"damage":12.0,"enemies":"Lots of Slimes","floor":8.0,"turns":4.0},{"damage":10.0,"enemies":"Gremlin Nob","floor":10.0,"turns":3.0},{"damage":4.0,"enemies":"Gremlin Gang","floor":11.0,"turns":3.0},{"damage":0.0,"enemies":"Slime Boss","floor":16.0,"turns":6.0},{"damage":2.0,"enemies":"2 Thieves","floor":18.0,"turns":2.0},{"damage":0.0,"enemies":"Spheric Guardian","floor":19.0,"turns":3.0},{"damage":22.0,"enemies":"Slavers","floor":23.0,"turns":5.0},{"damage":0.0,"enemies":"Snecko","floor":25.0,"turns":4.0},{"damage":11.0,"enemies":"Shelled Parasite and Fungi","floor":27.0,"turns":4.0},{"damage":3.0,"enemies":"Snake Plant","floor":28.0,"turns":3.0},{"damage":10.0,"enemies":"Book of Stabbing","floor":29.0,"turns":3.0},{"damage":17.0,"enemies":"Collector","floor":33.0,"turns":7.0},{"damage":1.0,"enemies":"3 Shapes","floor":35.0,"turns":4.0},{"damage":29,"enemies":"3 Darklings","floor":36,"turns":4}],"seed_played":"-3131703391648721452","potions_obtained":[{"floor":8.0,"key":"Fire Potion"},{"floor":10.0,"key":"Regen Potion"},{"floor":11.0,"key":"ColorlessPotion"},{"floor":16.0,"key":"ColorlessPotion"},{"floor":19.0,"key":"Energy Potion"},{"floor":23.0,"key":"FearPotion"}],"is_trial":false,"path_per_floor":["M","M","M","M","M","R","?","M","T","E","M","R","?","$","R","B",null,"M","M","$","?","$","E","R","M","T","M","M","E","R","$","R","B",null,"M","M"],"character_chosen":"WATCHER","items_purchased":["Brilliance","Study","LikeWater","ThirdEye"],"campfire_rested":1,"item_purchase_floors":[14,20,31,31],"current_hp_per_floor":[47,47,47,45,42,42,35,23,23,13,9,30,30,30,30,30,72,70,70,70,70,70,48,48,48,48,37,34,26,26,26,26,9,74,73,44,44],"gold":151,"neow_bonus":"REMOVE_TWO","is_daily":false,"chose_seed":false,"campfire_upgraded":5,"win_rate":0.0,"timestamp":1611542563,"path_taken":["M","M","M","M","M","R","?","M","T","E","M","R","?","$","R","BOSS","M","M","?","?","?","E","R","M","T","M","M","E","R","$","R","BOSS","M","M"],"items_purchased_type":["Card","Card","Card","Card"],"build_version":"2020-12-22","purchased_purges":3,"victory":false,"max_hp_per_floor":[72,72,72,72,72,72,72,72,72,72,72,72,72,72,72,72,72,72,72,72,72,72,72,72,72,72,72,72,74,74,74,74,74,74,74,74,74],"card_choices":[{"not_picked":["SashWhip","FlyingSleeves"],"picked":"Consecrate","floor":1.0},{"not_picked":["ThirdEye","FollowUp","WindmillStrike"],"picked":"SKIP","floor":2.0},{"not_picked":["WreathOfFlame","Consecrate"],"picked":"EmptyBody","floor":3.0},{"not_picked":["WaveOfTheHand","JustLucky"],"picked":"EmptyMind","floor":4.0},{"not_picked":["ThirdEye","Crescendo"],"picked":"MentalFortress","floor":5.0},{"not_picked":["Sanctity","EmptyBody"],"picked":"Indignation","floor":8.0},{"not_picked":["EmptyFist","Halt"],"picked":"ClearTheMind","floor":10.0},{"not_picked":["Perseverance","FlyingSleeves"],"picked":"Blasphemy","floor":11.0},{"not_picked":["DevaForm","Omniscience"],"picked":"Ragnarok","floor":16.0},{"not_picked":["SashWhip","LikeWater","BattleHymn"],"picked":"SKIP","floor":18.0},{"not_picked":["WaveOfTheHand","BowlingBash"],"picked":"FlurryOfBlows","floor":19.0},{"not_picked":["Perseverance","EmptyBody"],"picked":"DeceiveReality+1","floor":23.0},{"not_picked":["EmptyBody","Prostrate"],"picked":"ClearTheMind","floor":25.0},{"not_picked":["Pray","Wallop+1","FlyingSleeves"],"picked":"SKIP","floor":27.0},{"not_picked":["Evaluate","WaveOfTheHand+1"],"picked":"Adaptation+1","floor":28.0},{"not_picked":["ClearTheMind","WaveOfTheHand","PathToVictory"],"picked":"Singing Bowl","floor":29.0},{"not_picked":["MasterReality","SpiritShield"],"picked":"LessonLearned","floor":33.0},{"not_picked":["BowlingBash","Consecrate"],"picked":"Crescendo","floor":35.0}],"player_experience":479419,"relics_obtained":[{"floor":9.0,"key":"Centennial Puzzle"},{"floor":10.0,"key":"CeramicFish"},{"floor":23.0,"key":"War Paint"},{"floor":26.0,"key":"Yang"},{"floor":29.0,"key":"Singing Bowl"}],"event_choices":[{"cards_removed":["Strike_P"],"damage_healed":0.0,"max_hp_gain":0.0,"max_hp_loss":0.0,"gold_gain":0.0,"event_name":"Golden Wing","player_choice":"Card Removal","floor":7.0,"gold_loss":0.0,"damage_taken":7.0},{"cards_removed":["Defend_P"],"damage_healed":0.0,"max_hp_gain":0.0,"max_hp_loss":0.0,"gold_gain":0.0,"event_name":"Purifier","player_choice":"Purged","floor":13.0,"gold_loss":0.0,"damage_taken":0.0},{"damage_healed":0.0,"max_hp_gain":0.0,"max_hp_loss":0.0,"gold_gain":0.0,"event_name":"The Mausoleum","player_choice":"Opened","floor":21.0,"gold_loss":0.0,"damage_taken":0.0,"relics_obtained":["Smiling Mask"]}],"is_beta":false,"boss_relics":[{"not_picked":["Cursed Key","Runic Pyramid"],"picked":"Coffee Dripper"},{"not_picked":["HolyWater","Tiny House"],"picked":"Empty Cage"}],"items_purged_floors":[14,20,31],"is_endless":false,"potions_floor_spawned":[8,10,11,16,19,23,25],"killed_by":"3 Darklings","ascension_level":4}}