{"host":"7sni158j623xchr2","time":1611556845,"event":{"mods":["BaseMod","Colored Map","Highlight Path","Minty Spire (QoL Compilation)","Permanent Neow","Potion Indicator Mod","Rare Cards Sparkle","Relic Sorter","Relic Stats","StSLib","everything is the same but u backflip on backflip"],"gold_per_floor":[113,113,113,134,152,192,192,236,236,236,236,236,236,250,250,250,250],"floor_reached":16,"language":"ENG","playtime":277,"items_purged":[],"score":119,"play_id":"f433feab-eaa6-43ab-8174-e919307ffd61","local_time":"20210125004045","is_ascension_mode":true,"campfire_choices":[{"data":"Carnage","floor":7,"key":"SMITH"},{"data":"Bash","floor":10,"key":"SMITH"},{"data":"Feel No Pain","floor":12,"key":"SMITH"},{"data":"Pommel Strike","floor":15,"key":"SMITH"}],"circlet_count":0,"master_deck":["Strike_R","Strike_R","Strike_R","Strike_R","Strike_R","Defend_R","Defend_R","Defend_R","Bash+1","Carnage+1","Clash","Shrug It Off","Feel No Pain+1","Pommel Strike+1"],"relics":["Burning Blood","Pen Nib","Golden Idol","Du-Vu Doll","The Courier","Meat on the Bone","Lizard Tail","WingedGreaves"],"acts_visited":["Exordium"],"potions_floor_usage":[16],"damage_taken":[{"damage":3,"enemies":"Small Slimes","floor":1,"turns":5},{"damage":7,"enemies":"Jaw Worm","floor":4,"turns":2},{"damage":0,"enemies":"2 Louse","floor":5,"turns":2},{"damage":21,"enemies":"Lagavulin","floor":6,"turns":5},{"damage":8,"enemies":"Gremlin Nob","floor":8,"turns":3},{"damage":3,"enemies":"Looter","floor":14,"turns":2},{"damage":86,"enemies":"The Guardian","floor":16,"turns":10}],"seed_played":"8348450729065802357","potions_obtained":[{"floor":1,"key":"ColorlessPotion"}],"is_trial":false,"path_per_floor":["M","?","?","M","M","E","R","E","T","R","?","R","T","M","R","B"],"character_chosen":"IRONCLAD","items_purchased":[],"campfire_rested":0,"item_purchase_floors":[],"current_hp_per_floor":[80,73,73,72,74,59,59,57,57,57,45,45,45,48,48,0,0],"gold":250,"neow_bonus":"RANDOM_COMMON_RELIC","is_daily":false,"chose_seed":false,"campfire_upgraded":4,"win_rate":0.0,"timestamp":1611556845,"path_taken":["M","?","?","M","M","E","R","E","T","R","?","R","?","M","R","BOSS"],"items_purchased_type":[],"build_version":"2020-12-22","purchased_purges":0,"victory":false,"max_hp_per_floor":[80,80,74,74,74,74,74,74,74,74,74,74,74,74,74,74,74],"relic_stats":{"Lizard Tail":37,"counters":[7,29],"Golden Idol":28,"Pen Nib":[5],"obtain_stats":[{"Du-Vu Doll":6,"Lizard Tail":11,"Golden Idol":3,"Pen Nib":0,"The Courier":8,"WingedGreaves":13,"Burning Blood":0,"Meat on the Bone":9},{"Du-Vu Doll":4,"Lizard Tail":5,"Golden Idol":1,"Pen Nib":0,"The Courier":5,"WingedGreaves":5,"Burning Blood":0,"Meat on the Bone":5},{"Du-Vu Doll":14,"Lizard Tail":17,"Golden Idol":5,"Pen Nib":0,"The Courier":17,"WingedGreaves":17,"Burning Blood":0,"Meat on the Bone":17}],"Burning Blood":29,"Meat on the Bone":0},"card_choices":[{"not_picked":["Entrench","Perfected Strike"],"picked":"Carnage","floor":1},{"not_picked":["Wild Strike","Thunderclap","Flex"],"picked":"SKIP","floor":4},{"not_picked":["Heavy Blade","Body Slam"],"picked":"Clash","floor":5},{"not_picked":["Heavy Blade","Reckless Charge"],"picked":"Shrug It Off","floor":6},{"not_picked":["Sever Soul","Searing Blow"],"picked":"Feel No Pain","floor":8},{"not_picked":["Headbutt","Anger"],"picked":"Pommel Strike","floor":14}],"player_experience":1698189,"relics_obtained":[{"floor":6,"key":"Du-Vu Doll"},{"floor":8,"key":"The Courier"},{"floor":9,"key":"Meat on the Bone"},{"floor":13,"key":"WingedGreaves"}],"event_choices":[{"cards_removed":["Defend_R"],"damage_healed":0,"gold_gain":0,"player_choice":"Card Removal","damage_taken":7,"max_hp_gain":0,"max_hp_loss":0,"event_name":"Golden Wing","floor":2,"gold_loss":0},{"damage_healed":0,"gold_gain":0,"player_choice":"Lose Max HP","damage_taken":0,"relics_obtained":["Golden Idol"],"max_hp_gain":0,"max_hp_loss":6,"event_name":"Golden Idol","floor":3,"gold_loss":0},{"damage_healed":0,"gold_gain":0,"player_choice":"Success","damage_taken":12,"relics_obtained":["Lizard Tail"],"max_hp_gain":0,"max_hp_loss":0,"event_name":"Scrap Ooze","floor":11,"gold_loss":0}],"is_beta":false,"boss_relics":[],"items_purged_floors":[],"is_endless":false,"potions_floor_spawned":[1],"killed_by":"The Guardian","ascension_level":2}}