{"host":"l84l8xigz5v5foa2","time":1611579730,"event":{"mods":["2.2 Compatiblity","AchievementEnabler","BaseMod","Better Note","Better Vampires","Card Filter","Colored Map","DeckTracker","Gremlin Skip","Highlight Path","Keyboard Shortcuts","Minty Spire (QoL Compilation)","Permanent Neow","Quick Restart","Relic Filter","Relic Stats","Shop Mod","StSLib","SuperFastMode","Transform Curses","Unknown Chances"],"gold_per_floor":[109,159,169,185,197,197,212,242,242,254,254,284,296,371,371,447,447,463,277,289,214,214,214,242,242,242,261,261,287,304,334,334,408,408,427,175,175,185,210,210,245,245,271,271,281,298,298,326,326,326,326,326,23,50,50],"floor_reached":56,"language":"KOR","playtime":2728,"items_purged":["Strike_G","Strike_G"],"score":2156,"play_id":"1ac940d4-de7c-464f-b795-0005b345fae5","local_time":"20210125220210","is_ascension_mode":true,"campfire_choices":[{"data":"Dash","floor":6.0,"key":"SMITH"},{"data":"Neutralize","floor":11.0,"key":"SMITH"},{"data":"Envenom","floor":15.0,"key":"SMITH"},{"data":"Blade Dance","floor":23.0,"key":"SMITH"},{"data":"Cloak And Dagger","floor":28.0,"key":"SMITH"},{"data":"Well Laid Plans","floor":32.0,"key":"SMITH"},{"data":"Acrobatics","floor":40.0,"key":"SMITH"},{"data":"Prepared","floor":42.0,"key":"SMITH"},{"data":"Accuracy","floor":44.0,"key":"SMITH"},{"data":"Footwork","floor":47,"key":"SMITH"},{"floor":49,"key":"RECALL"},{"data":"Tactician","floor":52,"key":"SMITH"}],"circlet_count":0,"master_deck":["AscendersBane","Defend_G","Defend_G","Defend_G","Defend_G","Survivor","Neutralize+1","Blade Dance+1","Dash+1","PiercingWail","Escape Plan","Footwork+1","Blur","Acrobatics+1","Envenom+1","Tactician+1","Venomology","Cloak And Dagger+1","Flechettes+1","Finisher+1","Well Laid Plans+1","Accuracy+1","Prepared+1","Terror","Adrenaline","Deflect+1","Footwork","Eviscerate+1","Backflip+1","Riddle With Holes","Bouncing Flask+1"],"relics":["Ring of the Snake","Question Card","Meat on the Bone","Bronze Scales","HoveringKite","Membership Card","PreservedInsect","TungstenRod","Centennial Puzzle","Coffee Dripper","Snake Skull","OrangePellets","Bag of Marbles","Ornamental Fan","Akabeko","The Courier","Frozen Eye","Whetstone","FossilizedHelix","Boot","Gremlin Horn"],"acts_visited":["TheCity","TheBeyond","TheEnding"],"potions_floor_usage":[55,55,55],"damage_taken":[{"damage":1.0,"enemies":"Small Slimes","floor":1.0,"turns":3.0},{"damage":0.0,"enemies":"Cultist","floor":3.0,"turns":3.0},{"damage":0.0,"enemies":"Jaw Worm","floor":4.0,"turns":5.0},{"damage":0.0,"enemies":"Blue Slaver","floor":5.0,"turns":5.0},{"damage":4.0,"enemies":"Gremlin Gang","floor":7.0,"turns":6.0},{"damage":29.0,"enemies":"Gremlin Nob","floor":8.0,"turns":6.0},{"damage":5.0,"enemies":"Exordium Thugs","floor":10.0,"turns":6.0},{"damage":4.0,"enemies":"Lagavulin","floor":12.0,"turns":10.0},{"damage":16.0,"enemies":"Lots of Slimes","floor":13.0,"turns":4.0},{"damage":11.0,"enemies":"Hexaghost","floor":16.0,"turns":11.0},{"damage":0.0,"enemies":"3 Byrds","floor":18.0,"turns":5.0},{"damage":10.0,"enemies":"Spheric Guardian","floor":20.0,"turns":8.0},{"damage":6.0,"enemies":"Slavers","floor":24.0,"turns":7.0},{"damage":6.0,"enemies":"Centurion and Healer","floor":27.0,"turns":7.0},{"damage":14.0,"enemies":"Book of Stabbing","floor":29.0,"turns":5.0},{"damage":10.0,"enemies":"Chosen and Byrds","floor":30.0,"turns":5.0},{"damage":13.0,"enemies":"Gremlin Leader","floor":31.0,"turns":5.0},{"damage":0.0,"enemies":"Automaton","floor":33.0,"turns":9.0},{"damage":1.0,"enemies":"Orb Walker","floor":35.0,"turns":4.0},{"damage":0.0,"enemies":"3 Shapes","floor":38.0,"turns":5.0},{"damage":0.0,"enemies":"Nemesis","floor":41.0,"turns":5.0},{"damage":0.0,"enemies":"3 Darklings","floor":45.0,"turns":5.0},{"damage":7,"enemies":"Transient","floor":46,"turns":5},{"damage":0,"enemies":"Reptomancer","floor":48,"turns":3},{"damage":3,"enemies":"Time Eater","floor":50,"turns":12},{"damage":0,"enemies":"Shield and Spear","floor":54,"turns":6},{"damage":92,"enemies":"The Heart","floor":55,"turns":9}],"seed_played":"5855954858424184408","potions_obtained":[{"floor":7.0,"key":"LiquidBronze"},{"floor":8.0,"key":"SkillPotion"},{"floor":10.0,"key":"Block Potion"},{"floor":18.0,"key":"Weak Potion"},{"floor":20.0,"key":"SteroidPotion"},{"floor":29.0,"key":"SneckoOil"}],"is_trial":false,"path_per_floor":["M","?","M","M","M","R","M","E","T","M","R","E","M","?","R","B",null,"M","$","M","?","?","R","E","?","T","M","R","E","M","E","R","B",null,"M","$","?","M","T","R","E","R","T","R","M","M","R","E","R","B",null,"R","$","E","B",null],"character_chosen":"THE_SILENT","items_purchased":["Membership Card","Snake Skull","Footwork","OrangePellets","Eviscerate","Frozen Eye","Whetstone","FossilizedHelix","Boot"],"campfire_rested":0,"item_purchase_floors":[19,36,36,36,36,53,53,53,53],"current_hp_per_floor":[58,52,52,52,52,52,48,19,19,26,26,34,30,19,19,20,50,50,50,40,40,40,40,34,34,34,40,40,38,40,39,39,39,55,54,54,52,52,52,52,52,52,52,52,52,45,45,45,45,42,56,56,56,56,19],"gold":50,"neow_bonus":"TRANSFORM_TWO_CARDS","is_daily":false,"chose_seed":false,"campfire_upgraded":11,"win_rate":0.0,"timestamp":1611579730,"path_taken":["M","?","M","M","M","R","?","E","T","M","R","E","M","?","R","BOSS","M","$","M","?","?","R","E","?","T","M","R","E","?","E","R","BOSS","M","$","?","?","?","R","E","R","T","R","?","M","R","E","R","BOSS","R","$","E","BOSS"],"items_purchased_type":["Relic","Relic","Card","Relic","Card","Relic","Relic","Relic","Relic"],"build_version":"2020-12-22","purchased_purges":2,"victory":true,"max_hp_per_floor":[60,60,60,60,60,60,60,60,60,60,60,60,60,60,60,60,60,60,60,60,60,60,60,60,60,60,60,60,60,60,60,60,60,60,60,60,60,60,60,60,60,60,60,60,60,60,60,60,60,60,60,60,60,60,60],"relic_stats":{"Gremlin Horn":[0,0],"counters":[27,164],"HoveringKite":[56],"PreservedInsect":293,"Snake Skull":[183],"Whetstone":["Eviscerate","Finisher"],"Question Card":19,"Boot":[34],"OrangePellets":[3],"Centennial Puzzle":[12],"Ornamental Fan":[104],"Bronze Scales":[548],"obtain_stats":[{"Gremlin Horn":54,"HoveringKite":17,"PreservedInsect":24,"Snake Skull":36,"The Courier":48,"Whetstone":53,"Question Card":8,"Boot":53,"Akabeko":43,"OrangePellets":36,"Frozen Eye":53,"Centennial Puzzle":31,"Ornamental Fan":41,"Bronze Scales":12,"Coffee Dripper":34,"Bag of Marbles":39,"Membership Card":19,"TungstenRod":29,"FossilizedHelix":53,"Ring of the Snake":0,"Meat on the Bone":9},{"Gremlin Horn":26,"HoveringKite":10,"PreservedInsect":13,"Snake Skull":19,"The Courier":24,"Whetstone":25,"Question Card":6,"Boot":25,"Akabeko":21,"OrangePellets":19,"Frozen Eye":25,"Centennial Puzzle":17,"Ornamental Fan":21,"Bronze Scales":8,"Coffee Dripper":18,"Bag of Marbles":20,"Membership Card":11,"TungstenRod":15,"FossilizedHelix":25,"Ring of the Snake":0,"Meat on the Bone":6},{"Gremlin Horn":155,"HoveringKite":59,"PreservedInsect":79,"Snake Skull":114,"The Courier":137,"Whetstone":149,"Question Card":28,"Boot":149,"Akabeko":124,"OrangePellets":114,"Frozen Eye":149,"Centennial Puzzle":101,"Ornamental Fan":124,"Bronze Scales":44,"Coffee Dripper":110,"Bag of Marbles":119,"Membership Card":64,"TungstenRod":91,"FossilizedHelix":149,"Ring of the Snake":0,"Meat on the Bone":28}],"TungstenRod":32,"Ring of the Snake":[54],"Meat on the Bone":108},"card_choices":[{"not_picked":["Underhanded Strike","Quick Slash"],"picked":"PiercingWail","floor":1.0},{"not_picked":["Catalyst","Slice"],"picked":"Escape Plan","floor":3.0},{"not_picked":["Dagger Throw","Skewer"],"picked":"Footwork","floor":4.0},{"not_picked":["Bane","Dagger Throw"],"picked":"Blur","floor":5.0},{"not_picked":["Unload","Flying Knee"],"picked":"Acrobatics","floor":7.0},{"not_picked":["Setup","Expertise","Bane"],"picked":"SKIP","floor":8.0},{"not_picked":["Skewer","Poisoned Stab","Sucker Punch","Setup"],"picked":"SKIP","floor":10.0},{"not_picked":["Skewer","Poisoned Stab","Sucker Punch","Setup"],"picked":"SKIP","floor":10.0},{"not_picked":["Acrobatics","Deflect","Deadly Poison"],"picked":"Envenom","floor":12.0},{"not_picked":["Bane","Dagger Spray","Underhanded Strike"],"picked":"Tactician","floor":13.0},{"not_picked":["Envenom","Night Terror","Unload"],"picked":"Venomology","floor":16.0},{"not_picked":["Deflect","Setup","Slice"],"picked":"Cloak And Dagger","floor":18.0},{"not_picked":["Quick Slash","PiercingWail","Dagger Spray"],"picked":"Flechettes+1","floor":20.0},{"not_picked":["Backflip","Terror","Cloak And Dagger"],"picked":"Finisher","floor":24.0},{"not_picked":["Backflip","Leg Sweep","Sucker Punch"],"picked":"Well Laid Plans","floor":27.0},{"not_picked":["Flechettes","Calculated Gamble","Distraction"],"picked":"Accuracy","floor":29.0},{"not_picked":["Deflect","Backstab+1","Blade Dance"],"picked":"Prepared","floor":30.0},{"not_picked":["Quick Slash","Catalyst","Sucker Punch"],"picked":"Terror","floor":31.0},{"not_picked":["Storm of Steel","Night Terror","Die Die Die"],"picked":"Adrenaline","floor":33.0},{"not_picked":["Sucker Punch","Crippling Poison","Accuracy"],"picked":"Deflect+1","floor":35.0},{"not_picked":["Masterful Stab","Poisoned Stab+1","Finisher","Sucker Punch"],"picked":"SKIP","floor":38.0},{"not_picked":["Deadly Poison+1","PiercingWail","Poisoned Stab","Dagger Spray+1"],"picked":"SKIP","floor":41.0},{"not_picked":["Heel Hook","All Out Attack+1","Bane","Choke"],"picked":"SKIP","floor":45.0},{"not_picked":["Setup","Bane","Sucker Punch"],"picked":"Backflip+1","floor":46},{"not_picked":["Masterful Stab","Cloak And Dagger","Finisher+1"],"picked":"Riddle With Holes","floor":48},{"not_picked":["Infinite Blades","Adrenaline","Concentrate+1"],"picked":"Bouncing Flask+1","floor":54}],"player_experience":1452220,"relics_obtained":[{"floor":8.0,"key":"Question Card"},{"floor":9.0,"key":"Meat on the Bone"},{"floor":12.0,"key":"Bronze Scales"},{"floor":24.0,"key":"PreservedInsect"},{"floor":29.0,"key":"TungstenRod"},{"floor":31.0,"key":"Centennial Puzzle"},{"floor":39.0,"key":"Bag of Marbles"},{"floor":41.0,"key":"Ornamental Fan"},{"floor":43.0,"key":"Akabeko"},{"floor":48,"key":"The Courier"},{"floor":54,"key":"Gremlin Horn"}],"event_choices":[{"damage_healed":0.0,"max_hp_gain":0.0,"max_hp_loss":0.0,"gold_gain":50.0,"event_name":"FaceTrader","player_choice":"Touch","floor":2.0,"gold_loss":0.0,"damage_taken":6.0},{"damage_healed":0.0,"max_hp_gain":0.0,"max_hp_loss":0.0,"gold_gain":75.0,"event_name":"World of Goop","player_choice":"Gather Gold","floor":14.0,"gold_loss":0.0,"damage_taken":11.0},{"cards_removed":["Strike_G"],"damage_healed":0.0,"max_hp_gain":0.0,"max_hp_loss":0.0,"gold_gain":0.0,"event_name":"Beggar","player_choice":"Gave Gold","floor":21.0,"gold_loss":75.0,"damage_taken":0.0},{"damage_healed":0.0,"max_hp_gain":0.0,"max_hp_loss":0.0,"gold_gain":0.0,"event_name":"Vampires","player_choice":"Ignored","floor":22.0,"gold_loss":0.0,"damage_taken":0.0},{"cards_removed":["Strike_G"],"damage_healed":0.0,"max_hp_gain":0.0,"max_hp_loss":0.0,"gold_gain":0.0,"event_name":"Purifier","player_choice":"Purged","floor":25.0,"gold_loss":0.0,"damage_taken":0.0},{"damage_healed":0.0,"max_hp_gain":0.0,"max_hp_loss":0.0,"gold_gain":0.0,"event_name":"The Woman in Blue","player_choice":"Bought 0 Potions","floor":37.0,"gold_loss":0.0,"damage_taken":0.0}],"is_beta":false,"boss_relics":[{"not_picked":["Fusion Hammer","Velvet Choker"],"picked":"HoveringKite"},{"not_picked":["SlaversCollar","Busted Crown"],"picked":"Coffee Dripper"}],"items_purged_floors":[19,36],"is_endless":false,"potions_floor_spawned":[7,8,10,18,20,29,33,45,48,54],"ascension_level":15}}