{"host":"00tqcjwpycel7e54","time":1611587665,"event":{"mods":["ATMod(°¢èªMod)","Act Like it!","Aspiration","BaseMod","Colored Powertips","Hallownest","Hermit","Highlight Path","Hubris","Koishi","Lobotomy","Luminous","Minty Spire (QoL Compilation)","Robot Space Explorer","Shop Mod","Spicy Shops","StSLib","The Administrix","The Animator","The Bug Knight","The Construct","The Cursed","The Gatherer","The Hierophant","The Jungle","The Mystic","The Runesmith","The Servant 0.9.4","Yuyuko","[IsaacMod]ÒÔÈö¼âËþ","¡¾ÒÅÎï¿¨ÅÆ¡¿REMEMod"],"gold_per_floor":[118,128,128,128,45,73,73,101,125,141,141,161,174,208,208,280,280,292,292,51,63,63,91,91,125,125,125,125],"floor_reached":27,"language":"ZHS","playtime":1493,"items_purged":[],"score":788,"play_id":"20806fd6-f746-4946-875d-0828afb4a492","local_time":"20210125231425","is_ascension_mode":true,"campfire_choices":[{"data":"Neutralize","floor":7.0,"key":"SMITH"},{"floor":11.0,"key":"REST"},{"data":"hubris:SlightOfHand","floor":15.0,"key":"SMITH"},{"data":"Calculated Gamble","floor":24.0,"key":"SMITH"}],"circlet_count":1,"master_deck":["AscendersBane","Strike_G","Strike_G","Strike_G","Strike_G","Defend_G","Defend_G","Defend_G","Defend_G","Defend_G","Survivor","Neutralize+1","Poisoned Stab","PiercingWail","REME_GreenPollution","Backflip","Reflex","AT_WindFlip","Calculated Gamble+1","hubris:SlightOfHand+1","Night Terror","Tactician","Prepared","AT_WindFlip","Wraith Form v2"],"relics":["Ring of the Snake","AT_ATBox","REME_ComplimentaryCards","HushsDoor","Circlet","NeowsBlessing","BookofShadows","HollowMod:PaleOreRelic","The Specimen","aspiration:ChemicalBlood","Centennial Puzzle","aspiration:SecretTechniqueScroll","D6","REME_PoisonedDagger","AT_MibuBalloonWealth","AT_BellowingDragoncrestRing"],"acts_visited":["Exordium","Exordium"],"potions_floor_usage":[],"damage_taken":[{"damage":0.0,"enemies":"Small Slimes","floor":1.0,"turns":1.0},{"damage":0.0,"enemies":"Jaw Worm","floor":2.0,"turns":1.0},{"damage":0.0,"enemies":"Gremlin Nob","floor":6.0,"turns":1.0},{"damage":20.0,"enemies":"HollowMod:MossKnight","floor":8.0,"turns":14.0},{"damage":0.0,"enemies":"Cultist","floor":10.0,"turns":3.0},{"damage":0.0,"enemies":"2 Fungi Beasts","floor":12.0,"turns":3.0},{"damage":0.0,"enemies":"Large Slime","floor":13.0,"turns":6.0},{"damage":10.0,"enemies":"Lagavulin","floor":14.0,"turns":7.0},{"damage":28.0,"enemies":"Slime Boss","floor":16.0,"turns":8.0},{"damage":20.0,"enemies":"theJungle:MUSHROOMGANG","floor":18.0,"turns":4.0},{"damage":0.0,"enemies":"theJungle:5_Spyders","floor":21.0,"turns":3.0},{"damage":0.0,"enemies":"theJungle:2_Phrogs","floor":23.0,"turns":2.0},{"damage":0.0,"enemies":"theJungle:MamaSnecko","floor":25.0,"turns":2.0},{"damage":0,"enemies":"theJungle:2_Phrogs","floor":27,"turns":1}],"seed_played":"1682962701162296364","potions_obtained":[{"floor":6.0,"key":"Ancient Potion"},{"floor":12.0,"key":"SneckoOil"},{"floor":13.0,"key":"LiquidBronze"},{"floor":18.0,"key":"Poison Potion"}],"is_trial":false,"path_per_floor":["M","M","?","?","$","E","R","E","T","M","R","M","M","E","R","B",null,"M","T","$","M","?","E","R","E","T","E"],"character_chosen":"THE_SILENT","items_purchased":["Backflip","LagranYue:NewUniverseRelic","Tactician"],"campfire_rested":1,"item_purchase_floors":[5,20,20],"current_hp_per_floor":[59,59,59,44,44,44,44,24,24,24,43,43,43,33,33,5,51,31,31,31,31,31,31,31,31,31,31,31],"gold":125,"neow_bonus":"THREE_ENEMY_KILL","is_daily":false,"chose_seed":false,"campfire_upgraded":3,"win_rate":0.0,"timestamp":1611587665,"path_taken":["M","M","?","?","$","E","R","E","T","M","R","M","M","E","R","BOSS","M","?","$","M","?","E","R","E","T","E"],"items_purchased_type":["Card","Undefined","Card"],"build_version":"2020-12-22","purchased_purges":0,"victory":false,"max_hp_per_floor":[66,66,66,66,66,66,66,66,66,66,66,66,66,66,66,66,66,66,66,66,66,66,66,66,66,66,66,66],"card_choices":[{"not_picked":["hubris:SlightOfHand","Outmaneuver"],"picked":"Poisoned Stab","floor":1.0},{"not_picked":["Finisher","Quick Slash"],"picked":"PiercingWail","floor":2.0},{"not_picked":["Slice","Setup"],"picked":"Reflex","floor":6.0},{"not_picked":["Backflip","REME_ShadowStrike"],"picked":"AT_WindFlip","floor":8.0},{"not_picked":["Poisoned Stab","AT_WindRun"],"picked":"Calculated Gamble","floor":10.0},{"not_picked":["Calculated Gamble","Heel Hook"],"picked":"hubris:SlightOfHand","floor":12.0},{"not_picked":["Phantasmal Killer","Flechettes","REME_ShadowStrike"],"picked":"SKIP","floor":13.0},{"not_picked":["Predator","hubris:Sniper","Expertise"],"picked":"SKIP","floor":14.0},{"not_picked":["Burst","REME_LeechingPoison"],"picked":"Night Terror","floor":16.0},{"not_picked":["Deflect","Reflex+1","AT_ShadowStep"],"picked":"SKIP","floor":18.0},{"not_picked":["AT_Desolate","Reflex"],"picked":"Prepared","floor":21.0},{"not_picked":["All Out Attack","Concentrate"],"picked":"AT_WindFlip","floor":23.0},{"not_picked":["Poisoned Stab","Outmaneuver"],"picked":"Wraith Form v2","floor":25.0}],"player_experience":633083,"relics_obtained":[{"floor":6.0,"key":"The Specimen"},{"floor":8.0,"key":"LagranYue:WskJewelryRelic"},{"floor":9.0,"key":"aspiration:ChemicalBlood"},{"floor":14.0,"key":"Centennial Puzzle"},{"floor":19.0,"key":"D6"},{"floor":23.0,"key":"REME_PoisonedDagger"},{"floor":25.0,"key":"AT_MibuBalloonWealth"},{"floor":26.0,"key":"AT_BellowingDragoncrestRing"}],"event_choices":[{"cards_removed":["Strike_G"],"damage_healed":0.0,"max_hp_gain":0.0,"max_hp_loss":0.0,"gold_gain":0.0,"event_name":"Bonfire Elementals","player_choice":"Offered Basic","floor":22.0,"gold_loss":0.0,"damage_taken":0.0}],"is_beta":false,"boss_relics":[{"not_picked":["AT_MortalBlade","aspiration:MarisaSkillbook"],"picked":"aspiration:SecretTechniqueScroll"},{"not_picked":[]}],"items_purged_floors":[],"is_endless":false,"potions_floor_spawned":[6,12,13,18,21],"killed_by":"theJungle:2_Phrogs","ascension_level":20}}