{"host":"bxyl4n8onrqni51y","time":1611608407,"event":{"mods":["BaseMod","BetterRewards","Colored Map","Downfall","Hubris","Marisa????????","Minty Spire (QoL Compilation)","Replay The Spire","StSLib","Td1madao Mod","The Animator","The Cursed","The Jungle","The Necromancer","The Servant 0.9.4"],"gold_per_floor":[99,111,111,111,122,122,122,138,8,36,54,65,165,181,196,292,292,292,309,309,329,329,354,354,354,4,4,16,104,104,104,221,317,317,317,287,287,77,77,77,77,77,95,95,106,123,40,60,70,70],"floor_reached":51,"language":"ENG","playtime":4488,"items_purged":["hubris:Sloth","Voices"],"score":524,"play_id":"b1cdeb7d-f6fe-42de-aff9-54e398f8464f","local_time":"20210125220007","is_ascension_mode":false,"campfire_choices":[{"data":"Slimebound:CorrosiveSpit","floor":1,"key":"SMITH"},{"data":"Slimebound:DuplicatedForm","floor":6,"key":"SMITH"},{"data":"Slimebound:OneTwoCombo","floor":18,"key":"SMITH"},{"data":"expansioncontent:Chronoboost","floor":30,"key":"SMITH"},{"floor":35,"key":"DIG"},{"data":"expansioncontent:StudyTheSpire","floor":40,"key":"SMITH"},{"floor":44,"key":"REST"}],"circlet_count":0,"master_deck":["Slimebound:Strike_Slimebound","Slimebound:Strike_Slimebound","Slimebound:Tackle","Slimebound:Defend_Slimebound","Slimebound:Defend_Slimebound","Slimebound:Split+1","Slimebound:CorrosiveSpit+1","Slimebound:LeechEnergy","Slimebound:DuplicatedForm+1","Slimebound:ItLooksTasty","Slimebound:RollThrough","Slimebound:SplitLeeching","Slimebound:GrowthPunch","Slimebound:GoopSpray+1","Slimebound:OneTwoCombo+1","Slimebound:ComboTackle","Slimebound:LeechEnergy","Slimebound:FirmFortitude","Slimebound:ComboTackle","Slimebound:Equalize+1","Slimebound:Nibble+1","Finesse","bronze:Return","animator:YuiTsuruno","expansioncontent:Chronoboost+1","sneckomod:UnknownClassHEXA_GHOST_PURPLE","Slimebound:OozeBath","Slimebound:Repurpose+1","expansioncontent:StudyTheSpire+1","Slimebound:LevelUp","animator:Sloth+1","Guardian:Repulse","Revamp+1","Panacea+1","Parasite","animator:Aqua+1"],"relics":["Slimebound:AbsorbEndCombat","ReplayTheSpireMod:Ring of Exchange","ReplayTheSpireMod:Ring of Collecting","Bag of Preparation","Ring of Searing","WingedGreaves","TheAbacus","Nilry\u0027s Codex","hubris:Icosahedron","Ring of Misfortune","Happy Flower","Ornamental Fan","PrismaticShard","Vajra","hubris:Towel","hubris:HollowSoul","Bottled Flame","Toxic Egg 2"],"acts_visited":["Exordium","TheCity","TheBeyond"],"potions_floor_usage":[21,28,33,33,42,45,50,50,50],"damage_taken":[{"damage":5,"enemies":"Small Slimes","floor":2,"turns":3},{"damage":10,"enemies":"2 Louse","floor":5,"turns":2},{"damage":11,"enemies":"Cultist","floor":8,"turns":3},{"damage":15,"enemies":"downfall:FleeingMerchant","floor":9,"turns":4},{"damage":15,"enemies":"3 Sentries","floor":10,"turns":6},{"damage":0,"enemies":"Blue Slaver","floor":11,"turns":3},{"damage":0,"enemies":"Exordium Thugs","floor":12,"turns":2},{"damage":4,"enemies":"Blue Slaver","floor":14,"turns":2},{"damage":10,"enemies":"Large Slime","floor":15,"turns":3},{"damage":21,"enemies":"SI_SHIV_ARCHETYPE","floor":16,"turns":6},{"damage":27,"enemies":"Shell Parasite","floor":19,"turns":4},{"damage":24,"enemies":"Centurion and Healer","floor":21,"turns":5},{"damage":24,"enemies":"downfall:FleeingMerchant","floor":26,"turns":4},{"damage":7,"enemies":"3 Cultists","floor":28,"turns":4},{"damage":0,"enemies":"downfall:FleeingMerchant","floor":29,"turns":4},{"damage":32,"enemies":"Snecko","floor":32,"turns":4},{"damage":8,"enemies":"DF_ARCHETYPE_CLAW","floor":33,"turns":5},{"damage":33,"enemies":"3 Darklings","floor":36,"turns":4},{"damage":27,"enemies":"3 Darklings","floor":42,"turns":3},{"damage":17,"enemies":"3 Shapes","floor":43,"turns":3},{"damage":14,"enemies":"Sphere and 2 Shapes","floor":45,"turns":4},{"damage":40,"enemies":"Spire Growth","floor":46,"turns":5},{"damage":53,"enemies":"Writhing Mass","floor":48,"turns":7},{"damage":26,"enemies":"4 Shapes","floor":49,"turns":6},{"damage":0,"enemies":"WA_ARCHETYPE_DIVINITY","floor":50,"turns":1}],"seed_played":"-4306093078669884093","potions_obtained":[{"floor":2,"key":"SkillPotion"},{"floor":8,"key":"hexamod:SoulburnPotion"},{"floor":11,"key":"GamblersBrew"},{"floor":16,"key":"CultistPotion"},{"floor":21,"key":"SteroidPotion"},{"floor":28,"key":"Toxic Potion"},{"floor":33,"key":"AttackPotion"},{"floor":36,"key":"hexamod:SoulburnPotion"},{"floor":49,"key":"BlessingOfTheForge"}],"is_trial":false,"path_per_floor":["R","M","?","?","M","R","T","M","$","E","M","M","?","M","M","B",null,"R_BF","M","?","M","?","T","T","?","$","?","M","$","R","?","M","B",null,"R_BF","M","?","$","?","R","T","?","M","R","M","M","$","M","M","B",null],"character_chosen":"SLIMEBOUND","items_purchased":["Slimebound:GrowthPunch","PrismaticShard","Finesse","expansioncontent:Chronoboost","Vajra","expansioncontent:StudyTheSpire","Slimebound:LevelUp","Panacea+1"],"campfire_rested":1,"item_purchase_floors":[9,26,26,29,29,38,38,47],"current_hp_per_floor":[65,64,64,64,54,54,54,45,51,38,44,50,50,52,46,48,65,65,59,43,27,27,27,27,48,58,15,28,48,48,48,36,48,65,65,41,41,41,41,41,41,22,25,44,38,18,18,21,24,32],"gold":70,"neow_bonus":"UPGRADE_CARD","is_daily":false,"chose_seed":false,"campfire_upgraded":5,"win_rate":0.0,"timestamp":1611608407,"path_taken":["R","M","?","?","M","R","T","M","$","E","?","M","?","M","M","BOSS","R_BF","M","?","M","?","?","T","?","$","?","?","$","R","?","M","BOSS","R_BF","M","?","$","?","R","T","?","M","R","M","M","?","?","M","BOSS"],"items_purchased_type":["Card","Relic","Card","Card","Relic","Card","Card","Card"],"build_version":"2020-12-22","purchased_purges":2,"victory":true,"max_hp_per_floor":[65,65,65,65,65,65,65,65,65,65,65,65,65,65,65,65,65,65,65,65,65,65,65,65,65,65,65,65,65,65,65,65,65,65,65,65,65,65,65,65,65,65,65,65,65,65,65,65,65,65],"card_choices":[{"not_picked":["Slimebound:FormOfPuddle","Slimebound:Replication"],"picked":"Slimebound:LeechEnergy","floor":2},{"not_picked":["Slimebound:GrowthPunch","Slimebound:Chomp","Slimebound:Recollect"],"picked":"SKIP","floor":5},{"not_picked":["Slimebound:ProtectTheBoss","Slimebound:SamplingLick"],"picked":"Slimebound:SplitLeeching","floor":8},{"not_picked":["Slimebound:LivingWall","Slimebound:SplitBruiser","Slimebound:SlimeSpikes"],"picked":"SKIP","floor":9},{"not_picked":["Slimebound:SplitBruiser","Slimebound:SplitAcid"],"picked":"Slimebound:GoopSpray","floor":10},{"not_picked":["Slimebound:Chomp","Slimebound:FinishingTackle"],"picked":"Slimebound:OneTwoCombo","floor":11},{"not_picked":["Slimebound:LivingWall","Slimebound:DivideAndConquer"],"picked":"Slimebound:ComboTackle","floor":12},{"not_picked":["Slimebound:Grow","Slimebound:PressTheAttack","Slimebound:RollThrough"],"picked":"SKIP","floor":14},{"not_picked":["Slimebound:ProtectTheBoss","Slimebound:SamplingLick"],"picked":"Slimebound:LeechEnergy","floor":15},{"not_picked":["Slimebound:Overexert","Slimebound:SelfFormingGoo"],"picked":"Slimebound:FirmFortitude","floor":16},{"not_picked":["Slimebound:RollThrough","Slimebound:ItLooksTasty"],"picked":"Slimebound:ComboTackle","floor":19},{"not_picked":["Slimebound:GoopTackle+1","Slimebound:Prepare"],"picked":"Slimebound:Equalize+1","floor":21},{"not_picked":["Slimebound:HauntingLick","Slimebound:GoopTackle"],"picked":"Slimebound:Nibble+1","floor":26},{"not_picked":["PulseMagic+1","Whirlwind"],"picked":"bronze:Return","floor":28},{"not_picked":["hexamod:GhostLash+1","Replay:Parry"],"picked":"animator:YuiTsuruno","floor":29},{"not_picked":["Floating Swing Kick","Summon_Vampire_Lady"],"picked":"sneckomod:UnknownClassHEXA_GHOST_PURPLE","floor":32},{"not_picked":["Slimebound:MassFeed","Mirror Shield"],"picked":"Slimebound:OozeBath","floor":33},{"not_picked":["Quick Slash","Darkness+1"],"picked":"Slimebound:Repurpose","floor":36},{"not_picked":["Guardian:Gem_Orange","champ:RecklessLeap+1"],"picked":"animator:Sloth+1","floor":43},{"not_picked":["bronze:Safeguard+1","Slimebound:PressTheAttack+1"],"picked":"Guardian:Repulse","floor":45},{"not_picked":["animator:Demiurge+1","sneckomod:UnknownClassMARISA_COLOR+1"],"picked":"Revamp+1","floor":46},{"not_picked":["champ:CrownThrow+1","Capacitor+1"],"picked":"animator:Aqua+1","floor":48},{"not_picked":["Toxic_Smoke_Screen+1","Coolheaded+1","Guardian:PiercingHide+1"],"picked":"SKIP","floor":49}],"player_experience":37869,"relics_obtained":[{"floor":3,"key":"ReplayTheSpireMod:Ring of Exchange"},{"floor":3,"key":"ReplayTheSpireMod:Ring of Collecting"},{"floor":7,"key":"Bag of Preparation"},{"floor":7,"key":"Ring of Searing"},{"floor":10,"key":"WingedGreaves"},{"floor":20,"key":"Nilry\u0027s Codex"},{"floor":23,"key":"Ring of Misfortune"},{"floor":23,"key":"Happy Flower"},{"floor":24,"key":"Ornamental Fan"},{"floor":35,"key":"Bottled Flame"},{"floor":41,"key":"Toxic Egg 2"}],"event_choices":[{"damage_healed":21,"gold_gain":0,"player_choice":"Heal","damage_taken":0,"max_hp_gain":0,"max_hp_loss":0,"event_name":"The Library","floor":25,"gold_loss":0}],"is_beta":false,"boss_relics":[{"not_picked":["Replay:Bronze Core","Runic Dome"],"picked":"TheAbacus"},{"not_picked":["ReplayTheSpireMod:DimensionalGlitch","hubris:GrandSneckoEye"],"picked":"hubris:HollowSoul"}],"items_purged_floors":[9,26],"is_endless":false,"potions_floor_spawned":[2,8,11,16,21,28,32,33,36,49],"ascension_level":0}}