{"host":"0p0n41frih4f9rxw","time":1611563188,"event":{"mods":["Act Like it!","BaseMod","Downfall","Minty Spire (QoL Compilation)","Replay The Spire","StSLib","The Servant 0.9.4"],"gold_per_floor":[117,193,193,118,82,107,121,133,133,165,176,233,267,283,283,386,386,404,423,423,438,438,438,470,482,530,241,273,283,283,311,311,412,412,428,428,478,478,478],"floor_reached":38,"language":"ENG","playtime":2030,"items_purged":["Delirium"],"score":502,"play_id":"f63294c3-dee5-46fc-86bf-42635d9a2106","local_time":"20210125082628","is_ascension_mode":false,"campfire_choices":[{"floor":15,"key":"REST"},{"data":"MurderousAura","floor":23,"key":"SMITH"},{"floor":30,"key":"REST"},{"data":"Misdirection","floor":32,"key":"SMITH"}],"circlet_count":0,"master_deck":["Strike_S","Strike_S","Strike_S","Strike_S","Defend_S","Defend_S","Defend_S","Defend_S","KidneyShot","Exchange","Desolation","Misdirection+1","FastForward","MurderousAura+1","SilverBlades","LightFlow+1","Sunlight+1","BestPractice","Desolation","Rearm+1","Pot Of Greed","Ricochet","Chrysalis+1","Dilation+1","Rewind","Pot Of Greed","ReplayTheSpireMod:Brewmster+1","Jack Of All Trades","Jack Of All Trades","Sabotage"],"relics":["Uniform","Pocketwatch","Ring of Hypnosis","Ring of Panic","ReplayFunnel","Lantern","White Beast Statue","Snack Pack","Golden Egg","StoneMask","Centennial Puzzle","Grinning Jar","Strawberry","Omamori","Simple Rune","Replay:PocketPolymizer","Ring of Chaos","Counterbalance"],"acts_visited":["Exordium","TheCity","TheBeyond"],"potions_floor_usage":[11,13,14,16,16,24,28,28,28,29,31,33,37,37,37],"damage_taken":[{"damage":1,"enemies":"Jaw Worm","floor":1,"turns":4},{"damage":11,"enemies":"Gremlin Nob","floor":6,"turns":5},{"damage":0,"enemies":"Small Slimes","floor":7,"turns":3},{"damage":0,"enemies":"Cultist","floor":8,"turns":3},{"damage":18,"enemies":"3 Sentries","floor":10,"turns":9},{"damage":0,"enemies":"Large Slime","floor":11,"turns":5},{"damage":8,"enemies":"Gremlin Nob","floor":12,"turns":3},{"damage":5,"enemies":"Lagavulin","floor":13,"turns":6},{"damage":4,"enemies":"Red Slaver","floor":14,"turns":4},{"damage":25,"enemies":"Slime Boss","floor":16,"turns":8},{"damage":10,"enemies":"Shell Parasite","floor":18,"turns":4},{"damage":7,"enemies":"3 Byrds","floor":19,"turns":5},{"damage":1,"enemies":"3 Cultists","floor":21,"turns":5},{"damage":29,"enemies":"Book of Stabbing","floor":24,"turns":5},{"damage":25,"enemies":"Snake Plant","floor":25,"turns":4},{"damage":33,"enemies":"Slavers","floor":28,"turns":5},{"damage":0,"enemies":"Snecko","floor":29,"turns":4},{"damage":0,"enemies":"Gremlin Leader","floor":31,"turns":5},{"damage":12,"enemies":"Automaton","floor":33,"turns":8},{"damage":6,"enemies":"Orb Walker","floor":35,"turns":3},{"damage":55,"enemies":"Mind Bloom Boss Battle","floor":37,"turns":7}],"seed_played":"-2719759478369827782","potions_obtained":[{"floor":1,"key":"FearPotion"},{"floor":8,"key":"SneckoOil"},{"floor":10,"key":"Adrenaline Potion"},{"floor":11,"key":"AttackPotion"},{"floor":13,"key":"SkillPotion"},{"floor":14,"key":"Toxic Potion"},{"floor":16,"key":"Energy Potion"},{"floor":18,"key":"ColorlessPotion"},{"floor":24,"key":"Ancient Potion"},{"floor":28,"key":"sneckomod:MuddlingPotion"},{"floor":29,"key":"Swift Potion"},{"floor":31,"key":"BlessingOfTheForge"},{"floor":33,"key":"AttackPotion"},{"floor":35,"key":"Fire Potion"},{"floor":37,"key":"Strength Potion"}],"is_trial":false,"path_per_floor":["M","?","?","$","$","E","M","M","T","E","M","?","E","M","R","B",null,"M","M","?","M","?","R","E","M","T","$","E","M","R","E","R","B",null,"M","?","?","?"],"character_chosen":"THE_SERVANT","items_purchased":["Defy+1","Strawberry","Omamori"],"campfire_rested":2,"item_purchase_floors":[5,27,27],"current_hp_per_floor":[58,58,58,58,58,47,47,47,47,29,29,21,20,18,35,16,59,52,60,60,66,66,66,40,20,20,27,5,10,33,38,38,31,81,80,70,24,0,0],"gold":478,"neow_bonus":"ONE_RARE_RELIC","is_daily":false,"chose_seed":false,"campfire_upgraded":2,"win_rate":0.0,"timestamp":1611563188,"path_taken":["M","?","?","?","$","E","M","M","T","E","?","?","E","M","R","BOSS","M","M","?","?","?","R","E","?","T","?","E","M","R","E","R","BOSS","M","?","?","?"],"items_purchased_type":["Card","Relic","Relic"],"build_version":"2020-12-22","purchased_purges":1,"victory":false,"max_hp_per_floor":[59,59,59,59,59,59,59,59,59,59,59,59,59,59,59,59,59,60,63,63,66,66,66,67,68,68,75,78,79,79,80,80,81,81,82,82,83,83,83],"card_choices":[{"not_picked":["Potential","MoonPhase"],"picked":"Desolation","floor":1},{"not_picked":["Unruled","Comet"],"picked":"Misdirection","floor":6},{"not_picked":["Alleviate","ShatteredReality","StarChef"],"picked":"SKIP","floor":7},{"not_picked":["Spin","Ricochet","Collapse"],"picked":"SKIP","floor":8},{"not_picked":["DoubleEdge","Foresight"],"picked":"Snipe","floor":10},{"not_picked":["Starlight","Foresight"],"picked":"FastForward","floor":11},{"not_picked":["TimeWarp","Spin"],"picked":"MurderousAura","floor":12},{"not_picked":["FastForward","DoubleEdge","BottledTime"],"picked":"SKIP","floor":13},{"not_picked":["ShiftingGears","Defy"],"picked":"SilverBlades","floor":14},{"not_picked":["ForgedInTime","Sunlight"],"picked":"LightFlow","floor":16},{"not_picked":["Moondial","ShiftingGears+1","BottledTime"],"picked":"SKIP","floor":18},{"not_picked":["ShatteredReality+1","Defy","Replace"],"picked":"SKIP","floor":19},{"not_picked":["Ricochet+1","KillingDoll"],"picked":"BestPractice","floor":21},{"not_picked":["Unruled","Potential+1"],"picked":"Desolation","floor":24},{"not_picked":["Alleviate","Read+1"],"picked":"Rearm+1","floor":25},{"not_picked":["DoubleEdge","Ricochet","StarChef+1"],"picked":"SKIP","floor":28},{"not_picked":["Alleviate+1","Foresight","Revamp"],"picked":"SKIP","floor":29},{"not_picked":["Barrier","Snipe"],"picked":"Ricochet","floor":31},{"not_picked":["FloweringNight","Duplication"],"picked":"Dilation","floor":33},{"not_picked":["Desolation","Defy+1"],"picked":"Rewind","floor":35},{"not_picked":["Metamorphosis","Replay:Parry"],"picked":"ReplayTheSpireMod:Brewmster","floor":36},{"not_picked":["ReplayTheSpireMod:Trickstab","Replay:Sssssssssshield"],"picked":"Jack Of All Trades","floor":36},{"not_picked":["Forethought","Trip"],"picked":"Jack Of All Trades","floor":36},{"not_picked":["Shuttle+1","Potential"],"picked":"Sabotage","floor":37}],"player_experience":126041,"relics_obtained":[{"floor":3,"key":"Ring of Hypnosis"},{"floor":3,"key":"Ring of Panic"},{"floor":6,"key":"ReplayFunnel"},{"floor":9,"key":"Lantern"},{"floor":10,"key":"White Beast Statue"},{"floor":12,"key":"Snack Pack"},{"floor":13,"key":"Golden Egg"},{"floor":24,"key":"Centennial Puzzle"},{"floor":26,"key":"Grinning Jar"},{"floor":28,"key":"Simple Rune"},{"floor":31,"key":"Replay:PocketPolymizer"},{"floor":37,"key":"Counterbalance"}],"event_choices":[{"damage_healed":0,"gold_gain":76,"player_choice":"Gained Gold","damage_taken":0,"max_hp_gain":0,"max_hp_loss":0,"event_name":"Golden Wing","floor":2,"gold_loss":0},{"damage_healed":0,"gold_gain":0,"player_choice":"Searched \u00271\u0027 times","damage_taken":0,"max_hp_gain":0,"max_hp_loss":0,"event_name":"Dead Adventurer","floor":12,"gold_loss":0},{"damage_healed":0,"gold_gain":0,"cards_transformed":["Snipe"],"player_choice":"Transformed","damage_taken":0,"max_hp_gain":0,"max_hp_loss":0,"event_name":"Transmorgrifier","floor":20,"gold_loss":0,"cards_obtained":["Sunlight"]},{"cards_removed":["Defy"],"damage_healed":5,"gold_gain":0,"player_choice":"Offered Common","damage_taken":0,"max_hp_gain":0,"max_hp_loss":0,"event_name":"Bonfire Elementals","floor":22,"gold_loss":0},{"cards_removed":["Defy"],"damage_healed":5,"gold_gain":0,"player_choice":"Offered Special","damage_taken":0,"max_hp_gain":0,"max_hp_loss":0,"event_name":"Bonfire Elementals","floor":22,"gold_loss":0},{"damage_healed":0,"gold_gain":0,"player_choice":"Memory 3","damage_taken":10,"max_hp_gain":0,"max_hp_loss":0,"event_name":"SensoryStone","floor":36,"gold_loss":0},{"damage_healed":0,"gold_gain":0,"player_choice":"Fight","damage_taken":0,"max_hp_gain":0,"max_hp_loss":0,"event_name":"MindBloom","floor":37,"gold_loss":0}],"is_beta":false,"boss_relics":[{"not_picked":["ReplayTheSpireMod:DimensionalGlitch","Astrolabe"],"picked":"StoneMask"},{"not_picked":["SplendidAttire","Replay:Bronze Core"],"picked":"Ring of Chaos"}],"items_purged_floors":[4],"is_endless":false,"potions_floor_spawned":[1,8,10,11,12,13,14,16,18,19,21,24,25,28,29,31,33,35,37],"ascension_level":0}}