{"host":"i0avyit1s6jb1siw","time":1611606509,"event":{"mods":["BaseMod","DeckTracker","Dota2Spire","Highlight Path","Minty Spire (QoL Compilation)","Quick Restart","StSLib","SuperFastMode"],"gold_per_floor":[110,122,197,260,275,275,42,42,69,69,49,49,49,76,92,92,169,169,189,189,2,20,70,70,89,101,125,139,139,168,168,94,94,173,173,185,185,100,125,177,177,177,177],"floor_reached":42,"language":"ENG","playtime":973,"items_purged":["Strike_G","Strike_G+1"],"score":924,"play_id":"dbc0e287-58df-4603-b3bc-d3d4e952d3ba","local_time":"20210125212829","is_ascension_mode":true,"campfire_choices":[{"data":"Blade Dance","floor":6.0,"key":"SMITH"},{"floor":10.0,"key":"REST"},{"data":"Poisoned Stab","floor":13.0,"key":"SMITH"},{"data":"Calculated Gamble","floor":16.0,"key":"SMITH"},{"data":"Corpse Explosion","floor":24,"key":"SMITH"},{"floor":29,"key":"REST"},{"data":"Terror","floor":31,"key":"SMITH"},{"data":"Noxious Fumes","floor":33,"key":"SMITH"},{"data":"Footwork","floor":41,"key":"SMITH"}],"circlet_count":0,"master_deck":["AscendersBane","Strike_G+1","Strike_G+1","Defend_G+1","Defend_G+1","Defend_G+1","Defend_G+1","Survivor","Neutralize+1","Grand Finale","Blade Dance+1","Blur","Poisoned Stab+1","PiercingWail","Calculated Gamble+1","Corpse Explosion+1","Leg Sweep","Dagger Throw","Backflip","Dash","Terror+1","Noxious Fumes+1","Wraith Form v2","Reflex","Footwork+1","Accuracy"],"relics":["Ring of the Snake","TwistedFunnel","Bag of Preparation","Tiny Chest","HoveringKite","Vajra","Letter Opener","WristBlade","Eternal Feather","TungstenRod","Thread and Needle"],"acts_visited":["Exordium","TheCity","TheBeyond"],"potions_floor_usage":[30,40],"damage_taken":[{"damage":18.0,"enemies":"Jaw Worm","floor":1.0,"turns":7.0},{"damage":6.0,"enemies":"2 Louse","floor":2.0,"turns":3.0},{"damage":2.0,"enemies":"Small Slimes","floor":5.0,"turns":3.0},{"damage":8.0,"enemies":"Exordium Thugs","floor":11.0,"turns":4.0},{"damage":2.0,"enemies":"Lagavulin","floor":14.0,"turns":5.0},{"damage":0.0,"enemies":"2 Fungi Beasts","floor":15.0,"turns":3.0},{"damage":8.0,"enemies":"The Guardian","floor":17.0,"turns":11.0},{"damage":16.0,"enemies":"Spheric Guardian","floor":19.0,"turns":4.0},{"damage":0.0,"enemies":"2 Thieves","floor":22.0,"turns":3.0},{"damage":4,"enemies":"Cultist and Chosen","floor":25,"turns":5},{"damage":11,"enemies":"Sentry and Sphere","floor":26,"turns":4},{"damage":4,"enemies":"Centurion and Healer","floor":28,"turns":6},{"damage":0,"enemies":"Gremlin Leader","floor":30,"turns":6},{"damage":32,"enemies":"Collector","floor":34,"turns":7},{"damage":1,"enemies":"Orb Walker","floor":36,"turns":2},{"damage":2,"enemies":"Mind Bloom Boss Battle","floor":39,"turns":7},{"damage":10,"enemies":"2 Orb Walkers","floor":40,"turns":4},{"damage":67,"enemies":"Giant Head","floor":42,"turns":7}],"seed_played":"4100247849654168104","potions_obtained":[{"floor":5.0,"key":"SteroidPotion"},{"floor":14.0,"key":"Strength Potion"},{"floor":15.0,"key":"Regen Potion"},{"floor":17.0,"key":"SteroidPotion"},{"floor":34,"key":"SkillPotion"}],"is_trial":false,"path_per_floor":["M","M","?","?","M","R","$","?","T","R","M","?","R","E","M","R","B",null,"M","?","$","M","?","R","M","M","T","M","R","E","R","$","R","B",null,"M","T","$","?","?","R","E"],"character_chosen":"THE_SILENT","items_purchased":["TwistedFunnel","Leg Sweep","Noxious Fumes","Footwork"],"campfire_rested":2,"item_purchase_floors":[7,21,32,38],"current_hp_per_floor":[41,35,24,24,22,22,22,27,27,46,38,38,38,36,36,36,28,56,40,40,40,40,34,34,30,19,19,15,34,49,49,49,49,17,53,52,52,52,50,40,55,0,0],"gold":177,"neow_bonus":"TRANSFORM_TWO_CARDS","is_daily":false,"chose_seed":false,"campfire_upgraded":7,"win_rate":0.0,"timestamp":1611606509,"path_taken":["M","M","?","?","M","R","$","?","T","R","M","?","R","E","?","R","BOSS","M","?","$","M","?","R","M","M","T","M","R","E","R","$","R","BOSS","M","?","$","?","?","R","E"],"items_purchased_type":["Relic","Card","Card","Card"],"build_version":"2020-12-22","purchased_purges":2,"victory":false,"max_hp_per_floor":[60,60,60,60,60,60,60,65,65,65,65,65,65,65,65,65,65,65,65,65,65,65,65,65,65,65,65,65,65,65,65,65,65,65,65,65,65,65,65,65,65,65,65],"card_choices":[{"not_picked":["Outmaneuver","Skewer"],"picked":"Blur","floor":1.0},{"not_picked":["Infinite Blades","Dagger Throw"],"picked":"Poisoned Stab","floor":2.0},{"not_picked":["Outmaneuver","Slice","Dodge and Roll"],"picked":"SKIP","floor":5.0},{"not_picked":["Outmaneuver","Unload","Sucker Punch"],"picked":"SKIP","floor":11.0},{"not_picked":["Poisoned Stab","Acrobatics"],"picked":"PiercingWail","floor":14.0},{"not_picked":["Deadly Poison","Concentrate"],"picked":"Calculated Gamble","floor":15.0},{"not_picked":["Die Die Die","A Thousand Cuts"],"picked":"Corpse Explosion","floor":17.0},{"not_picked":["Deflect","PiercingWail","Sucker Punch"],"picked":"SKIP","floor":19.0},{"not_picked":["Dagger Spray","Slice"],"picked":"Dagger Throw","floor":22.0},{"not_picked":["Heel Hook","Quick Slash+1"],"picked":"Backflip","floor":25},{"not_picked":["Dodge and Roll","Dagger Spray"],"picked":"Dash","floor":26},{"not_picked":["Dodge and Roll","Poisoned Stab","PiercingWail"],"picked":"SKIP","floor":28},{"not_picked":["Expertise","Blur"],"picked":"Terror","floor":30},{"not_picked":["After Image","Envenom"],"picked":"Wraith Form v2","floor":34},{"not_picked":["Noxious Fumes+1","Outmaneuver"],"picked":"Reflex","floor":36},{"not_picked":["Caltrops+1","Quick Slash"],"picked":"Accuracy","floor":39}],"player_experience":2336979,"relics_obtained":[{"floor":9.0,"key":"Bag of Preparation"},{"floor":14.0,"key":"Tiny Chest"},{"floor":27,"key":"Vajra"},{"floor":30,"key":"Letter Opener"},{"floor":37,"key":"Eternal Feather"},{"floor":39,"key":"TungstenRod"},{"floor":40,"key":"Thread and Needle"}],"event_choices":[{"damage_healed":0.0,"max_hp_gain":0.0,"max_hp_loss":0.0,"gold_gain":75.0,"event_name":"World of Goop","player_choice":"Gather Gold","floor":3.0,"gold_loss":0.0,"damage_taken":11.0},{"damage_healed":0.0,"max_hp_gain":0.0,"max_hp_loss":0.0,"gold_gain":63.0,"event_name":"Golden Wing","player_choice":"Gained Gold","floor":4.0,"gold_loss":0.0,"damage_taken":0.0},{"damage_healed":0.0,"max_hp_gain":5.0,"max_hp_loss":0.0,"gold_gain":0.0,"event_name":"Big Fish","player_choice":"Donut","floor":8.0,"gold_loss":0.0,"damage_taken":0.0},{"damage_healed":0.0,"max_hp_gain":0.0,"max_hp_loss":0.0,"gold_gain":0.0,"event_name":"Living Wall","player_choice":"Grow","floor":12.0,"gold_loss":0.0,"damage_taken":0.0,"cards_upgraded":["Neutralize"]},{"damage_healed":0.0,"max_hp_gain":0.0,"max_hp_loss":0.0,"gold_gain":0.0,"event_name":"Back to Basics","player_choice":"Simplicity","floor":20.0,"gold_loss":0.0,"damage_taken":0.0,"cards_upgraded":["Strike_G","Strike_G","Strike_G","Defend_G","Defend_G","Defend_G","Defend_G"]},{"damage_healed":0,"gold_gain":50,"player_choice":"Touch","damage_taken":6,"max_hp_gain":0,"max_hp_loss":0,"event_name":"FaceTrader","floor":23,"gold_loss":0},{"damage_healed":0,"gold_gain":0,"player_choice":"Fight","damage_taken":0,"max_hp_gain":0,"max_hp_loss":0,"event_name":"MindBloom","floor":39,"gold_loss":0},{"damage_healed":0,"gold_gain":0,"player_choice":"Fight","damage_taken":0,"max_hp_gain":0,"max_hp_loss":0,"event_name":"Mysterious Sphere","floor":40,"gold_loss":0}],"is_beta":false,"boss_relics":[{"not_picked":["Coffee Dripper","Velvet Choker"],"picked":"HoveringKite"},{"not_picked":["Runic Dome","SlaversCollar"],"picked":"WristBlade"}],"items_purged_floors":[7,21],"is_endless":false,"potions_floor_spawned":[5,14,15,17,26,28,34,36],"killed_by":"Giant Head","ascension_level":20}}