{"host":"684z1xpuwaoqmmh1","time":1611600059,"event":{"mods":["BaseMod","Downfall","Hermit","Jorbs\u0027s Wanderer Trilogy","Marisa????????","Minty Spire (QoL Compilation)","Robot Space Explorer","Shade Mod","StSLib","The Bug Knight","The Cursed","The Dragon Tamer","The Hayseed","The Hierophant","The Marked","The Mystic","The Runesmith","The Senshi"],"gold_per_floor":[111,126,126,138,158,158,59,114,140,174,29,60,72,113,113,226,226,237,262,32,51,77,109,109,143,167,179,212,231,242,272,272,384,384,407,420,480,480,509,548,562,591,624,633,583,583,583,229,229,249,249,249,45,74,74,74],"floor_reached":55,"language":"ENG","playtime":4092,"items_purged":["TheSimpletonMod:Defend_TheSimpleton","downfall:Bewildered","Injury","TheSimpletonMod:Strike_TheSimpleton"],"score":1081,"play_id":"bf04020b-aae2-4f4a-ac89-e38dfa05cb88","local_time":"20210125204059","is_ascension_mode":true,"campfire_choices":[{"data":"TheSimpletonMod:Photosynthesis","floor":6.0,"key":"SMITH"},{"data":"TheSimpletonMod:Biorefinement","floor":15.0,"key":"SMITH"},{"data":"TheSimpletonMod:LandGrant","floor":24.0,"key":"SMITH"},{"data":"TheSimpletonMod:Pruning","floor":32.0,"key":"SMITH"},{"floor":46.0,"key":"RECALL"},{"floor":49.0,"key":"REST"},{"data":"TheSimpletonMod:CrackOfDawn","floor":52.0,"key":"SMITH"}],"circlet_count":0,"master_deck":["TheSimpletonMod:Strike_TheSimpleton+1","TheSimpletonMod:Strike_TheSimpleton","TheSimpletonMod:Defend_TheSimpleton","TheSimpletonMod:Defend_TheSimpleton","TheSimpletonMod:Defend_TheSimpleton+1","TheSimpletonMod:Haymaker","TheSimpletonMod:ReapAndSow","TheSimpletonMod:Photosynthesis+1","TheSimpletonMod:RootDown","TheSimpletonMod:Swelter","TheSimpletonMod:SpiceUp+1","TheSimpletonMod:Swelter","TheSimpletonMod:StockTheCellar","TheSimpletonMod:SeedCoat","TheSimpletonMod:SlashAndBurn","TheSimpletonMod:Biorefinement+1","TheSimpletonMod:Photosynthesis+1","TheSimpletonMod:Pruning+1","TheSimpletonMod:OnionBloom","TheSimpletonMod:LandGrant+1","TheSimpletonMod:BirdFeeder","TheSimpletonMod:GoToMarket+1","TheSimpletonMod:Potatoes","TheSimpletonMod:Sunseed+1","TheSimpletonMod:Pruning+1","TheSimpletonMod:Thresh","TheSimpletonMod:DesperatePlunge","TheSimpletonMod:SeedCoat+1","TheSimpletonMod:CrackOfDawn+1","TheSimpletonMod:Coffee+1","TheSimpletonMod:RootDown+1","TheSimpletonMod:Swelter+1","TheSimpletonMod:Coffee+1","TheSimpletonMod:Sunseed"],"relics":["TheSimpletonMod:SpudOfTheInnocent","TheSimpletonMod:NightSoil","TheSimpletonMod:TheHarvester","Oddly Smooth Stone","War Paint","Juzu Bracelet","DollysMirror","Calipers","CeramicFish","WristBlade","Guardian:PocketSentry","Smiling Mask","Whetstone","Akabeko","Paper Crane","Question Card","Cursed Key","CatCart","Blood Vial","Centennial Puzzle","Bottled Tornado","CaptainsWheel","hexamod:BolsterEngine"],"acts_visited":["Exordium","TheCity","TheBeyond","TheEnding"],"potions_floor_usage":[54,55],"damage_taken":[{"damage":9.0,"enemies":"Jaw Worm","floor":1.0,"turns":5.0},{"damage":0.0,"enemies":"Cultist","floor":2.0,"turns":4.0},{"damage":0.0,"enemies":"2 Louse","floor":4.0,"turns":4.0},{"damage":1.0,"enemies":"Blue Slaver","floor":5.0,"turns":6.0},{"damage":1.0,"enemies":"Lagavulin","floor":8.0,"turns":7.0},{"damage":23.0,"enemies":"Gremlin Nob","floor":10.0,"turns":4.0},{"damage":15.0,"enemies":"3 Sentries","floor":12.0,"turns":7.0},{"damage":0.0,"enemies":"Exordium Wildlife","floor":13.0,"turns":3.0},{"damage":21.0,"enemies":"Gremlin Nob","floor":14.0,"turns":4.0},{"damage":15.0,"enemies":"The Guardian","floor":16.0,"turns":11.0},{"damage":17.0,"enemies":"Chosen","floor":18.0,"turns":6.0},{"damage":0.0,"enemies":"3 Byrds","floor":19.0,"turns":6.0},{"damage":13.0,"enemies":"Cultist and Chosen","floor":21.0,"turns":6.0},{"damage":7.0,"enemies":"Centurion and Healer","floor":22.0,"turns":5.0},{"damage":25.0,"enemies":"Book of Stabbing","floor":23.0,"turns":5.0},{"damage":29.0,"enemies":"Gremlin Leader","floor":25.0,"turns":7.0},{"damage":8.0,"enemies":"Snecko","floor":27.0,"turns":3.0},{"damage":8.0,"enemies":"Book of Stabbing","floor":28.0,"turns":5.0},{"damage":0.0,"enemies":"Shelled Parasite and Fungi","floor":29.0,"turns":5.0},{"damage":8.0,"enemies":"Sentry and Sphere","floor":30.0,"turns":5.0},{"damage":13.0,"enemies":"Gremlin Leader","floor":31.0,"turns":6.0},{"damage":66.0,"enemies":"Champ","floor":33.0,"turns":11.0},{"damage":0.0,"enemies":"3 Darklings","floor":35.0,"turns":6.0},{"damage":0.0,"enemies":"3 Shapes","floor":36.0,"turns":5.0},{"damage":43.0,"enemies":"Orin","floor":37.0,"turns":12.0},{"damage":0.0,"enemies":"Sphere and 2 Shapes","floor":39.0,"turns":4.0},{"damage":24.0,"enemies":"Reptomancer","floor":40.0,"turns":6.0},{"damage":18.0,"enemies":"Maw","floor":41.0,"turns":7.0},{"damage":34.0,"enemies":"Giant Head","floor":42.0,"turns":8.0},{"damage":67.0,"enemies":"Donu and Deca","floor":50.0,"turns":12.0},{"damage":20,"enemies":"Shield and Spear","floor":54,"turns":5},{"damage":108,"enemies":"The Heart","floor":55,"turns":11}],"seed_played":"8477799668446935976","potions_obtained":[{"floor":1.0,"key":"Ancient Potion"},{"floor":4.0,"key":"sneckomod:MuddlingPotion"},{"floor":8.0,"key":"Swift Potion"},{"floor":10.0,"key":"bronze:BurnAndBuffPotion"},{"floor":13.0,"key":"LiquidBronze"},{"floor":18.0,"key":"Slimebound:ThreeZeroPotion"},{"floor":21.0,"key":"PowerPotion"},{"floor":30.0,"key":"Guardian:BlockOnCardUsePotion"},{"floor":31.0,"key":"TheSimpletonMod:MoonshinePotion"},{"floor":35.0,"key":"Swift Potion"},{"floor":39.0,"key":"Strength Potion"}],"is_trial":false,"path_per_floor":["M","M","?","M","M","R","$","E","T","E","$","E","M","E","R","B",null,"M","M","$","M","M","E","R","E","T","M","E","M","M","E","R","B",null,"M","M","?","?","M","E","M","E","T","T","$","R","?","$","R","B",null,"R","$","E","B"],"character_chosen":"THE_SIMPLETON","items_purchased":["TheSimpletonMod:SeedCoat","DollysMirror","TheSimpletonMod:Potatoes","Guardian:PocketSentry","TheSimpletonMod:Sunseed","CaptainsWheel","TheSimpletonMod:Sunseed","EssenceOfSteel","Swift Potion"],"campfire_rested":1,"item_purchase_floors":[7,11,20,20,20,48,53,53,53],"current_hp_per_floor":[63,67,67,71,74,74,74,73,73,54,54,43,47,26,26,15,60,47,59,59,62,71,50,50,33,33,25,29,45,53,61,61,11,59,59,71,39,39,55,47,55,27,27,27,27,27,27,27,48,52,66,66,66,55,0,0],"gold":74,"neow_bonus":"ONE_RANDOM_RARE_CARD","is_daily":false,"chose_seed":false,"campfire_upgraded":5,"win_rate":0.0,"timestamp":1611600059,"path_taken":["M","M","?","M","?","R","$","E","T","E","?","E","M","E","R","BOSS","M","M","$","M","M","E","R","E","T","M","E","M","M","E","R","BOSS","M","M","?","?","M","E","M","E","T","?","?","R","?","$","R","BOSS","R","$","E","BOSS"],"items_purchased_type":["Card","Relic","Card","Relic","Card","Relic","Card","Potion","Potion"],"build_version":"2020-12-22","purchased_purges":4,"victory":false,"max_hp_per_floor":[75,75,75,75,75,75,75,75,75,75,75,75,75,75,75,75,75,75,75,75,75,75,75,75,75,75,75,75,75,75,75,75,75,75,75,75,75,71,71,71,71,71,71,71,71,71,71,71,71,71,71,71,71,71,71,71],"card_choices":[{"not_picked":["TheSimpletonMod:KeenEdge","TheSimpletonMod:ControlledBurn"],"picked":"TheSimpletonMod:RootDown","floor":1.0},{"not_picked":["TheSimpletonMod:Potatoes","TheSimpletonMod:SaladShooter"],"picked":"TheSimpletonMod:Swelter","floor":2.0},{"not_picked":["TheSimpletonMod:DigIn","TheSimpletonMod:Potatoes"],"picked":"TheSimpletonMod:Swelter","floor":4.0},{"not_picked":["TheSimpletonMod:Potatoes","TheSimpletonMod:BumperCrop"],"picked":"TheSimpletonMod:StockTheCellar","floor":5.0},{"not_picked":["TheSimpletonMod:DigIn","TheSimpletonMod:SoilSample"],"picked":"TheSimpletonMod:SlashAndBurn","floor":8.0},{"not_picked":["TheSimpletonMod:Fertilaser","TheSimpletonMod:Sunseed"],"picked":"TheSimpletonMod:Biorefinement","floor":10.0},{"not_picked":["TheSimpletonMod:SlashAndBurn","TheSimpletonMod:KeenEdge"],"picked":"TheSimpletonMod:Pruning","floor":12.0},{"not_picked":["TheSimpletonMod:KeenEdge","TheSimpletonMod:ToughenUp"],"picked":"TheSimpletonMod:OnionBloom","floor":13.0},{"not_picked":["TheSimpletonMod:Rototilling","TheSimpletonMod:BuzzBomb"],"picked":"TheSimpletonMod:LandGrant","floor":14.0},{"not_picked":["TheSimpletonMod:SaltTheEarth","TheSimpletonMod:Strawberries"],"picked":"TheSimpletonMod:BirdFeeder","floor":16.0},{"not_picked":["TheSimpletonMod:DoubleBarrel","TheSimpletonMod:SaladShooter","TheSimpletonMod:Fertilaser"],"picked":"SKIP","floor":18.0},{"not_picked":["TheSimpletonMod:SaladShooter","TheSimpletonMod:Mulch"],"picked":"TheSimpletonMod:GoToMarket+1","floor":19.0},{"not_picked":["TheSimpletonMod:BumperCrop","TheSimpletonMod:CloseScrape"],"picked":"TheSimpletonMod:Pruning+1","floor":21.0},{"not_picked":["TheSimpletonMod:DigIn","TheSimpletonMod:Innovate"],"picked":"TheSimpletonMod:Thresh","floor":22.0},{"not_picked":["TheSimpletonMod:Potatoes","TheSimpletonMod:Innovate","TheSimpletonMod:OnionBloom"],"picked":"SKIP","floor":23.0},{"not_picked":["TheSimpletonMod:SaladShooter+1","TheSimpletonMod:Ferment+1"],"picked":"TheSimpletonMod:DesperatePlunge","floor":25.0},{"not_picked":["TheSimpletonMod:ToughenUp","TheSimpletonMod:Innovate+1","TheSimpletonMod:Rototilling"],"picked":"SKIP","floor":27.0},{"not_picked":["TheSimpletonMod:ControlledBurn","TheSimpletonMod:CullingStrike","TheSimpletonMod:Potatoes"],"picked":"SKIP","floor":28.0},{"not_picked":["TheSimpletonMod:ToughenUp","TheSimpletonMod:SlashAndBurn"],"picked":"TheSimpletonMod:SeedCoat+1","floor":29.0},{"not_picked":["TheSimpletonMod:Ferment","TheSimpletonMod:BumperCrop","TheSimpletonMod:ControlledBurn"],"picked":"SKIP","floor":30.0},{"not_picked":["TheSimpletonMod:Ferment","TheSimpletonMod:BumperCrop","TheSimpletonMod:ControlledBurn"],"picked":"SKIP","floor":30.0},{"not_picked":["TheSimpletonMod:StockTheCellar","TheSimpletonMod:Ferment","TheSimpletonMod:Innovate"],"picked":"SKIP","floor":31.0},{"not_picked":["TheSimpletonMod:DesperatePlunge","TheSimpletonMod:BuzzBomb","TheSimpletonMod:BirdFeeder"],"picked":"TheSimpletonMod:CrackOfDawn","floor":33.0},{"not_picked":["TheSimpletonMod:Fertilaser+1","TheSimpletonMod:StockTheCellar+1","TheSimpletonMod:SaladShooter+1"],"picked":"TheSimpletonMod:Coffee+1","floor":35.0},{"not_picked":["TheSimpletonMod:StockTheCellar+1","TheSimpletonMod:Rake+1","TheSimpletonMod:ControlledBurn","TheSimpletonMod:Ferment"],"picked":"SKIP","floor":36.0},{"not_picked":["TheSimpletonMod:Rake","TheSimpletonMod:DigIn","TheSimpletonMod:ToughenUp"],"picked":"TheSimpletonMod:RootDown+1","floor":37.0},{"not_picked":["TheSimpletonMod:DoubleBarrel+1","TheSimpletonMod:CullingStrike","TheSimpletonMod:ToughenUp"],"picked":"TheSimpletonMod:Swelter+1","floor":39.0},{"not_picked":["TheSimpletonMod:CropRotation+1","TheSimpletonMod:Germinate+1","TheSimpletonMod:Mulch+1"],"picked":"TheSimpletonMod:Coffee+1","floor":40.0},{"not_picked":["TheSimpletonMod:DigIn+1","TheSimpletonMod:Sunchoke+1","TheSimpletonMod:Swelter","TheSimpletonMod:SpiceUp+1"],"picked":"SKIP","floor":41.0},{"not_picked":["TheSimpletonMod:DigIn","TheSimpletonMod:Fertilaser","TheSimpletonMod:Swelter+1","TheSimpletonMod:CloseScrape+1"],"picked":"SKIP","floor":42.0},{"not_picked":["TheSimpletonMod:Photosynthesis","TheSimpletonMod:SaladShooter","TheSimpletonMod:DigIn","TheSimpletonMod:Potatoes"],"picked":"SKIP","floor":54}],"player_experience":2945565,"relics_obtained":[{"floor":8.0,"key":"Oddly Smooth Stone"},{"floor":9.0,"key":"War Paint"},{"floor":10.0,"key":"Juzu Bracelet"},{"floor":12.0,"key":"Calipers"},{"floor":14.0,"key":"CeramicFish"},{"floor":23.0,"key":"Smiling Mask"},{"floor":25.0,"key":"Whetstone"},{"floor":26.0,"key":"Akabeko"},{"floor":28.0,"key":"Paper Crane"},{"floor":31.0,"key":"Question Card"},{"floor":37.0,"key":"CatCart"},{"floor":40.0,"key":"Blood Vial"},{"floor":42.0,"key":"Centennial Puzzle"},{"floor":44.0,"key":"Bottled Tornado"},{"floor":54,"key":"hexamod:BolsterEngine"}],"event_choices":[{"damage_healed":0.0,"max_hp_gain":0.0,"max_hp_loss":0.0,"gold_gain":0.0,"cards_transformed":["TheSimpletonMod:Strike_TheSimpleton"],"event_name":"Transmorgrifier","player_choice":"Transformed","floor":3.0,"gold_loss":0.0,"damage_taken":0.0,"cards_obtained":["TheSimpletonMod:SpiceUp"]},{"damage_healed":0.0,"max_hp_gain":0.0,"max_hp_loss":0.0,"gold_gain":0.0,"event_name":"OrinTheCat","player_choice":"Fight","floor":37.0,"gold_loss":0.0,"damage_taken":0.0},{"damage_healed":0.0,"max_hp_gain":0.0,"max_hp_loss":4.0,"gold_gain":0.0,"event_name":"Winding Halls","player_choice":"Max HP","floor":38.0,"gold_loss":0.0,"damage_taken":0.0},{"damage_healed":0.0,"max_hp_gain":0.0,"max_hp_loss":0.0,"gold_gain":0.0,"event_name":"Tomb of Lord Red Mask","player_choice":"Ignored","floor":47.0,"gold_loss":0.0,"damage_taken":0.0}],"is_beta":false,"boss_relics":[{"not_picked":["Coffee Dripper","Fusion Hammer"],"picked":"WristBlade"},{"not_picked":["Runic Pyramid","SacredBark"],"picked":"Cursed Key"}],"items_purged_floors":[7,45,48,53],"is_endless":false,"potions_floor_spawned":[1,4,8,10,13,18,19,21,30,31,35,39],"killed_by":"The Heart","ascension_level":6}}