{"host":"yaxsefyig1et0yi2","time":1611557382,"event":{"mods":["Aspiration","BaseMod","BetterRewards","Colored Powertips","Conspire","Displayed Cursed Tome","Downfall","Halation","Hubris","Infinite Spire","JesterMod","Minty Spire (QoL Compilation)","Quick Restart","RatMod","Replay The Spire","Reworked Bosses","Spikes Relics","StSLib","The Bug Knight","The Jungle"],"gold_per_floor":[114,126,141,141,156,191,191,205,205,220,220,244,259,259,259,259,259],"floor_reached":16,"language":"ENG","playtime":882,"items_purged":[],"score":106,"play_id":"f2a454ee-8b0a-493d-a348-11a2402f7b7c","local_time":"20210125014942","is_ascension_mode":false,"campfire_choices":[{"floor":7.0,"key":"REST"},{"floor":11.0,"key":"REST"},{"floor":15.0,"key":"REST"}],"circlet_count":0,"master_deck":["HollowMod:NailStrikeStart","HollowMod:NailStrikeStart","HollowMod:NailStrikeStart","HollowMod:NailStrikeStart","HollowMod:QuickDashStart","HollowMod:QuickDashStart","HollowMod:QuickDashStart","HollowMod:QuickDashStart","HollowMod:FocusHealStart","HollowMod:PogoStrike","HollowMod:LifebloodCocoon","HollowMod:SoulShaman","HollowMod:DoubleDash","HollowMod:MantisMark","HollowMod:SoulEater","HollowMod:GrimmsGift","HollowMod:Weaversong","HollowMod:GreatSlash","Parasite"],"relics":["HollowMod:VesselMask","aspiration:DSix","Golden Idol","aspiration:HiddenCompartment"],"acts_visited":["Exordium"],"potions_floor_usage":[16],"damage_taken":[{"damage":5.0,"enemies":"Small Slimes","floor":1.0,"turns":3.0},{"damage":4.0,"enemies":"Jaw Worm","floor":2.0,"turns":3.0},{"damage":2.0,"enemies":"Cultist","floor":3.0,"turns":4.0},{"damage":6.0,"enemies":"Looter","floor":5.0,"turns":3.0},{"damage":56.0,"enemies":"Gremlin Nob","floor":6.0,"turns":6.0},{"damage":0.0,"enemies":"2 Fungi Beasts","floor":8.0,"turns":3.0},{"damage":26.0,"enemies":"Exordium Wildlife","floor":10.0,"turns":7.0},{"damage":13.0,"enemies":"Red Slaver","floor":12.0,"turns":4.0},{"damage":16.0,"enemies":"Exordium Thugs","floor":13.0,"turns":4.0},{"damage":54,"enemies":"HollowMod:FalseKnight","floor":16,"turns":8}],"seed_played":"2501987230739879974","potions_obtained":[{"floor":6.0,"key":"Milkshake"},{"floor":8.0,"key":"Reflective Coating"},{"floor":10.0,"key":"BlessingOfTheForge"},{"floor":12.0,"key":"Energy Potion"}],"is_trial":false,"path_per_floor":["M","M","M","?","M","E","R","M","T","M","R","M","M","?","R","B"],"character_chosen":"THE_BUGKNIGHT","items_purchased":[],"campfire_rested":3,"item_purchase_floors":[],"current_hp_per_floor":[70,66,64,64,58,8,28,28,28,8,28,15,5,22,42,0,0],"gold":259,"neow_bonus":"DSIX","is_daily":false,"chose_seed":false,"campfire_upgraded":0,"win_rate":0.0,"timestamp":1611557382,"path_taken":["M","M","M","?","M","E","R","M","T","M","R","M","M","?","R","BOSS"],"items_purchased_type":[],"build_version":"2020-12-22","purchased_purges":0,"victory":false,"max_hp_per_floor":[75,75,75,69,69,69,69,69,69,69,69,69,69,69,69,69,69],"card_choices":[{"not_picked":["HollowMod:QuirrelsAssistance","HollowMod:ChannelNail"],"picked":"HollowMod:LifebloodCocoon","floor":1.0},{"not_picked":["HollowMod:NewLittleFool","HollowMod:BrokenVessel"],"picked":"HollowMod:SoulShaman","floor":2.0},{"not_picked":["HollowMod:SharpenedShadows","HollowMod:SharpenedNail","HollowMod:ChannelNail"],"picked":"SKIP","floor":3.0},{"not_picked":["HollowMod:TaintedHusks","HollowMod:WraithStrike"],"picked":"HollowMod:DoubleDash","floor":5.0},{"not_picked":["HollowMod:ElderbugsWisdom","HollowMod:SharpenedNail"],"picked":"HollowMod:MantisMark","floor":6.0},{"not_picked":["HollowMod:RecoilStrike","HollowMod:VengefulVoid"],"picked":"HollowMod:SoulEater","floor":8.0},{"not_picked":["HollowMod:SiblingsSouls","HollowMod:NewLittleFool"],"picked":"HollowMod:GrimmsGift","floor":10.0},{"not_picked":["HollowMod:WraithStrike","HollowMod:NewJinnsSoul"],"picked":"HollowMod:Weaversong","floor":12.0},{"not_picked":["HollowMod:CornifersMapStart","HollowMod:SoulSplash"],"picked":"HollowMod:GreatSlash","floor":13.0}],"player_experience":265789,"relics_obtained":[{"floor":6.0,"key":"aspiration:HiddenCompartment"}],"event_choices":[{"damage_healed":0.0,"max_hp_gain":0.0,"max_hp_loss":6.0,"gold_gain":0.0,"event_name":"Golden Idol","player_choice":"Lose Max HP","floor":4.0,"gold_loss":0.0,"damage_taken":0.0,"relics_obtained":["Golden Idol"]},{"damage_healed":17.0,"max_hp_gain":0.0,"max_hp_loss":0.0,"gold_gain":0.0,"event_name":"Mushrooms","player_choice":"Healed and dodged fight","floor":14.0,"gold_loss":0.0,"damage_taken":0.0,"cards_obtained":["Parasite"]}],"is_beta":false,"boss_relics":[],"items_purged_floors":[],"is_endless":false,"potions_floor_spawned":[6,8,10,12],"killed_by":"HollowMod:FalseKnight","ascension_level":0}}