{"host":"q0ahhcf6jhp3yzzb","time":1611614709,"event":{"mods":["BaseMod","Downfall","Minty Spire (QoL Compilation)","Relic Stats","StSLib"],"gold_per_floor":[99,99,99,99,24,40,40,40,75,75,225,125,125,157,168,269,269,269,289,307,307,383,383,383,394,394,410,437,437,470,483,500,597,597,597,615,628,169,224,392,442,492,522,533,560,360,360,460,474,474,474,500,28,28,28,28],"floor_reached":57,"language":"ENG","playtime":4708,"items_purged":["Pain","bronze:Strike","bronze:Strike","downfall:Icky"],"score":1457,"play_id":"e500e057-875a-4177-9f9a-990b271af8a4","local_time":"20210125154509","is_ascension_mode":true,"campfire_choices":[{"data":"bronze:Goto","floor":1.0,"key":"SMITH"},{"data":"bronze:Frontload","floor":8.0,"key":"SMITH"},{"data":"bronze:Boost","floor":10.0,"key":"SMITH"},{"data":"bronze:Boost","floor":12.0,"key":"SMITH"},{"data":"bronze:RecursiveStrike","floor":18.0,"key":"SMITH"},{"data":"bronze:DigitalCarnage","floor":23.0,"key":"SMITH"},{"data":"RitualDagger","floor":26.0,"key":"SMITH"},{"data":"bronze:ForLoop","floor":29.0,"key":"SMITH"},{"floor":35.0,"key":"RECALL"},{"floor":46.0,"key":"REST"},{"floor":54.0,"key":"REST"}],"circlet_count":0,"master_deck":["bronze:Strike","bronze:Strike","bronze:Defend","bronze:Defend","bronze:Defend","bronze:Defend","bronze:Replicate","bronze:Goto+1","bronze:Branch+1","bronze:Boost+1","bronze:GetLatest","bronze:Frontload+1","bronze:Boost+1","bronze:ForLoop+1","bronze:FollowUp+1","bronze:RecursiveStrike+1","bronze:DigitalCarnage+1","bronze:Invalidate","RitualDagger+1","bronze:FineTuning+1","bronze:Turbo+1","bronze:FindAndReplace+1","bronze:FineTuning+1","bronze:Fortify","bronze:Iterate","bronze:Repair+1","bronze:BitShift+1","bronze:FineTuning+1","CurseOfTheBell","downfall:Aged","bronze:CleanCode","Clumsy","downfall:Aged"],"relics":["bronze:BronzeCore","downfall:HeartsMalice","WarpedTongs","Vajra","Centennial Puzzle","downfall:HeartBlessingGreen","Blue Candle","HornCleat","Black Star","Toxic Egg 2","Gremlin Horn","Du-Vu Doll","Juzu Bracelet","Regal Pillow","Omamori","Cursed Key","Anchor","Frozen Eye","Girya","Lizard Tail","Thread and Needle","Orichalcum","Oddly Smooth Stone","Bronze Scales","downfall:HeartBlessingBlue","downfall:HeartBlessingRed","downfall:ExtraCursedBell","Toy Ornithopter","The Courier","Incense Burner","Whetstone","Bag of Preparation","ClockworkSouvenir","Lantern"],"acts_visited":["Exordium","TheCity","TheBeyond","TheEnding"],"potions_floor_usage":[56],"damage_taken":[{"damage":0.0,"enemies":"Jaw Worm","floor":3.0,"turns":1.0},{"damage":0.0,"enemies":"Cultist","floor":4.0,"turns":1.0},{"damage":0.0,"enemies":"downfall:FleeingMerchant","floor":5.0,"turns":1.0},{"damage":0.0,"enemies":"Small Slimes","floor":6.0,"turns":3.0},{"damage":2.0,"enemies":"3 Sentries","floor":9.0,"turns":6.0},{"damage":2.0,"enemies":"Gremlin Nob","floor":14.0,"turns":4.0},{"damage":8.0,"enemies":"3 Louse","floor":15.0,"turns":3.0},{"damage":1.0,"enemies":"SI_SHIV_ARCHETYPE","floor":16.0,"turns":10.0},{"damage":1.0,"enemies":"Chosen","floor":19.0,"turns":6.0},{"damage":0.0,"enemies":"Spheric Guardian","floor":20.0,"turns":2.0},{"damage":12.0,"enemies":"Shelled Parasite and Fungi","floor":25.0,"turns":10.0},{"damage":4.0,"enemies":"Cultist and Chosen","floor":27.0,"turns":5.0},{"damage":0.0,"enemies":"Slavers","floor":28.0,"turns":2.0},{"damage":11.0,"enemies":"Book of Stabbing","floor":30.0,"turns":6.0},{"damage":0.0,"enemies":"Centurion and Healer","floor":31.0,"turns":5.0},{"damage":6.0,"enemies":"Sentry and Sphere","floor":32.0,"turns":5.0},{"damage":8.0,"enemies":"IC_MUSHROOM_ARCHETYPE","floor":33.0,"turns":3.0},{"damage":0.0,"enemies":"3 Shapes","floor":36.0,"turns":5.0},{"damage":4.0,"enemies":"Orb Walker","floor":37.0,"turns":3.0},{"damage":0.0,"enemies":"downfall:FleeingMerchant","floor":38.0,"turns":4.0},{"damage":6.0,"enemies":"2 Orb Walkers","floor":39.0,"turns":4.0},{"damage":0.0,"enemies":"downfall:FleeingMerchant","floor":40.0,"turns":1.0},{"damage":19.0,"enemies":"downfall:FleeingMerchant","floor":42.0,"turns":7.0},{"damage":48.0,"enemies":"Nemesis","floor":43.0,"turns":9.0},{"damage":0.0,"enemies":"Jaw Worm Horde","floor":44.0,"turns":2.0},{"damage":0.0,"enemies":"Giant Head","floor":45.0,"turns":5.0},{"damage":1.0,"enemies":"4 Shapes","floor":49.0,"turns":2.0},{"damage":46.0,"enemies":"DF_ARCHETYPE_ORBS","floor":50.0,"turns":7.0},{"damage":41.0,"enemies":"downfall:CharBossMerchant","floor":52.0,"turns":8.0},{"damage":16.0,"enemies":"downfall:NeowBoss","floor":55.0,"turns":12.0},{"damage":161,"enemies":"downfall:NeowBossFinal","floor":56,"turns":12}],"seed_played":"-4566613290042655310","potions_obtained":[{"floor":6.0,"key":"EssenceOfSteel"},{"floor":14.0,"key":"champ:CounterPotion"},{"floor":16.0,"key":"Guardian:BlockOnCardUsePotion"},{"floor":25.0,"key":"bronze:BuildAFunctionPotion"},{"floor":27.0,"key":"Explosive Potion"},{"floor":30.0,"key":"FairyPotion"},{"floor":33.0,"key":"SpeedPotion"},{"floor":36.0,"key":"bronze:FreeFunctionsPotion"},{"floor":39.0,"key":"bronze:CleanCodePotion"}],"is_trial":false,"path_per_floor":["R","?","M","M","$","M","T","R","E","R","?","R","?","E","M","B",null,"R","M","M","?","T","R","T","M","R","M","E","R","E","M","M","B",null,"R","M","M","$","?","$","T","?","E","M","E","R","?","?","M","B",null,"E","$","R","B","B",null],"character_chosen":"THE_AUTOMATON","items_purchased":["Anchor","bronze:Repair+1","Frozen Eye","bronze:FineTuning+1","Bag of Preparation","ClockworkSouvenir","Lantern"],"campfire_rested":2,"item_purchase_floors":[38,38,38,40,53,53,53],"current_hp_per_floor":[70,70,70,70,70,70,70,70,68,68,68,68,68,66,58,57,70,70,69,69,63,63,63,63,51,51,47,47,47,36,36,30,22,70,70,70,66,66,70,70,70,51,15,15,25,74,74,79,78,39,85,51,51,85,73,25],"gold":28,"neow_bonus":"THREE_ENEMY_KILL","is_daily":false,"chose_seed":false,"campfire_upgraded":8,"win_rate":0.0,"timestamp":1611614709,"path_taken":["R","?","M","M","?","M","T","R","E","R","?","R","?","E","M","BOSS","R","M","M","?","?","R","T","M","R","M","E","R","E","M","M","BOSS","R","M","M","$","?","$","T","?","E","M","E","R","?","?","M","BOSS","E","$","R","BOSS","BOSS"],"items_purchased_type":["Relic","Card","Relic","Card","Relic","Relic","Relic"],"build_version":"2020-12-22","purchased_purges":4,"victory":true,"max_hp_per_floor":[70,70,70,70,70,70,70,70,70,70,70,70,70,70,70,70,70,70,70,70,70,70,70,70,70,70,70,70,70,70,70,70,70,70,70,70,70,70,70,70,70,70,70,70,70,80,80,85,85,85,85,85,85,85,85,85],"relic_stats":{"Regal Pillow":24,"Gremlin Horn":[20,20],"counters":[31,151],"Blue Candle":[28],"Juzu Bracelet":0,"Bag of Preparation":[4],"Whetstone":["bronze:Branch","bronze:FollowUp"],"Orichalcum":[36],"Cursed Key":1,"WarpedTongs":[134],"Centennial Puzzle":[54],"Lizard Tail":42,"Bronze Scales":[73],"Black Star":5,"obtain_stats":[{"Regal Pillow":30,"Lantern":53,"bronze:BronzeCore":0,"Gremlin Horn":24,"Vajra":7,"downfall:HeartBlessingGreen":12,"Juzu Bracelet":28,"Incense Burner":48,"Bag of Preparation":53,"Whetstone":52,"Cursed Key":34,"ClockworkSouvenir":53,"Frozen Eye":38,"Centennial Puzzle":9,"Lizard Tail":42,"HornCleat":14,"downfall:HeartBlessingBlue":46,"Toxic Egg 2":22,"downfall:ExtraCursedBell":48,"Girya":39,"downfall:HeartBlessingRed":46,"Blue Candle":13,"Oddly Smooth Stone":45,"downfall:HeartsMalice":0,"Thread and Needle":43,"The Courier":48,"Omamori":30,"Orichalcum":43,"WarpedTongs":2,"Du-Vu Doll":28,"Anchor":38,"Bronze Scales":45,"Black Star":17,"Toy Ornithopter":48},{"Regal Pillow":14,"Lantern":29,"bronze:BronzeCore":0,"Gremlin Horn":10,"Vajra":4,"downfall:HeartBlessingGreen":5,"Juzu Bracelet":13,"Incense Burner":26,"Bag of Preparation":29,"Whetstone":29,"Cursed Key":17,"ClockworkSouvenir":29,"Frozen Eye":20,"Centennial Puzzle":5,"Lizard Tail":23,"HornCleat":6,"downfall:HeartBlessingBlue":26,"Toxic Egg 2":10,"downfall:ExtraCursedBell":26,"Girya":21,"downfall:HeartBlessingRed":26,"Blue Candle":5,"Oddly Smooth Stone":26,"downfall:HeartsMalice":0,"Thread and Needle":24,"The Courier":26,"Omamori":14,"Orichalcum":24,"WarpedTongs":0,"Du-Vu Doll":13,"Anchor":20,"Bronze Scales":26,"Black Star":8,"Toy Ornithopter":26},{"Regal Pillow":57,"Lantern":127,"bronze:BronzeCore":0,"Gremlin Horn":34,"Vajra":3,"downfall:HeartBlessingGreen":9,"Juzu Bracelet":51,"Incense Burner":110,"Bag of Preparation":127,"Whetstone":127,"Cursed Key":70,"ClockworkSouvenir":127,"Frozen Eye":82,"Centennial Puzzle":9,"Lizard Tail":94,"HornCleat":13,"downfall:HeartBlessingBlue":110,"Toxic Egg 2":34,"downfall:ExtraCursedBell":110,"Girya":86,"downfall:HeartBlessingRed":110,"Blue Candle":9,"Oddly Smooth Stone":110,"downfall:HeartsMalice":0,"Thread and Needle":103,"The Courier":110,"Omamori":57,"Orichalcum":103,"WarpedTongs":0,"Du-Vu Doll":51,"Anchor":82,"Bronze Scales":110,"Black Star":26,"Toy Ornithopter":110}],"Toy Ornithopter":5},"card_choices":[{"not_picked":["bronze:Shell","bronze:OilSpill"],"picked":"bronze:Branch","floor":3.0},{"not_picked":["bronze:Deprecate","bronze:Terminator"],"picked":"bronze:Boost","floor":4.0},{"not_picked":["bronze:Shield","bronze:Branch"],"picked":"bronze:GetLatest","floor":5.0},{"not_picked":["bronze:DelayedSlice","bronze:Shield"],"picked":"bronze:Frontload","floor":6.0},{"not_picked":["bronze:BronzeOrb","bronze:Repair"],"picked":"bronze:Boost","floor":9.0},{"not_picked":["bronze:BugBarrage","bronze:Allocate"],"picked":"bronze:ForLoop","floor":14.0},{"not_picked":["bronze:OilSpill","bronze:Deprecate"],"picked":"bronze:FollowUp","floor":15.0},{"not_picked":["bronze:Verify","bronze:ThunderWave"],"picked":"bronze:RecursiveStrike","floor":16.0},{"not_picked":["bronze:Frontload","bronze:Turbo"],"picked":"bronze:DigitalCarnage","floor":19.0},{"not_picked":["bronze:NullPointer+1","bronze:Boost+1"],"picked":"bronze:Invalidate","floor":20.0},{"not_picked":["bronze:WhirlingStrike","bronze:Refactor+1","bronze:GetLatest+1"],"picked":"SKIP","floor":25.0},{"not_picked":["bronze:Separator","bronze:Invalidate+1"],"picked":"bronze:FineTuning+1","floor":27.0},{"not_picked":["bronze:Frontload+1","bronze:HyperBeam","bronze:GetLatest+1"],"picked":"SKIP","floor":28.0},{"not_picked":["bronze:DigitalCarnage","bronze:Invalidate+1","bronze:HyperBeam"],"picked":"SKIP","floor":30.0},{"not_picked":["bronze:Return+1","bronze:DarkDash+1","bronze:FineTuning+1"],"picked":"SKIP","floor":31.0},{"not_picked":["bronze:Terminator+1","bronze:MaxOutput+1"],"picked":"bronze:Turbo+1","floor":32.0},{"not_picked":["bronze:HardenedForm","bronze:CleanCode"],"picked":"bronze:FindAndReplace+1","floor":33.0},{"not_picked":["bronze:Branch","bronze:Invalidate+1"],"picked":"bronze:FineTuning+1","floor":36.0},{"not_picked":["bronze:CutThrough+1","bronze:Turbo+1"],"picked":"bronze:Fortify","floor":37.0},{"not_picked":["bronze:BurnOut","bronze:WildBeam"],"picked":"bronze:Iterate","floor":38.0},{"not_picked":["bronze:DelayedSlice+1","bronze:Philosophize+1"],"picked":"bronze:BitShift+1","floor":39.0},{"not_picked":["bronze:DigitalCarnage","bronze:Backtrace+1","bronze:Safeguard+1"],"picked":"SKIP","floor":40.0},{"not_picked":["bronze:BitShift+1","bronze:GetLatest+1","bronze:CloningBeam+1"],"picked":"SKIP","floor":43.0},{"not_picked":["bronze:Constructor+1","bronze:CutThrough+1","bronze:Shield+1"],"picked":"SKIP","floor":44.0},{"not_picked":["bronze:Frontload+1","bronze:BitShift+1","bronze:BuggyMess+1"],"picked":"SKIP","floor":45.0},{"not_picked":["bronze:Shield+1","bronze:MaxOutput","bronze:Boost+1"],"picked":"SKIP","floor":49.0},{"not_picked":["bronze:BuggyMess+1","bronze:NullPointer","bronze:CutThrough"],"picked":"SKIP","floor":52.0}],"player_experience":838634,"relics_obtained":[{"floor":7.0,"key":"Vajra"},{"floor":9.0,"key":"Centennial Puzzle"},{"floor":14.0,"key":"HornCleat"},{"floor":22.0,"key":"Toxic Egg 2"},{"floor":24.0,"key":"Gremlin Horn"},{"floor":28.0,"key":"Du-Vu Doll"},{"floor":28.0,"key":"Juzu Bracelet"},{"floor":30.0,"key":"Regal Pillow"},{"floor":30.0,"key":"Omamori"},{"floor":39.0,"key":"Girya"},{"floor":42.0,"key":"Lizard Tail"},{"floor":43.0,"key":"Thread and Needle"},{"floor":43.0,"key":"Orichalcum"},{"floor":45.0,"key":"Oddly Smooth Stone"},{"floor":45.0,"key":"Bronze Scales"},{"floor":48.0,"key":"Toy Ornithopter"},{"floor":48.0,"key":"The Courier"},{"floor":48.0,"key":"Incense Burner"},{"floor":52.0,"key":"Whetstone"}],"event_choices":[{"damage_healed":0.0,"max_hp_gain":0.0,"max_hp_loss":0.0,"gold_gain":0.0,"event_name":"Mysterious Sphere","player_choice":"Fight","floor":39.0,"gold_loss":0.0,"damage_taken":0.0}],"is_beta":false,"boss_relics":[{"not_picked":["Coffee Dripper","SlaversCollar"],"picked":"Black Star"},{"not_picked":["Velvet Choker","Tiny House"],"picked":"Cursed Key"}],"items_purged_floors":[5,38,40,53],"is_endless":false,"potions_floor_spawned":[6,14,16,25,27,30,33,36,37,39,42,43,45,52],"ascension_level":1}}