{"host":"newqdrzxfhh2im9e","time":1611555219,"event":{"mods":["AchievementEnabler","BaseMod","BetterRewards","Block Reminder","Colored Map","Jorbs\u0027s Wanderer Trilogy","Minty Spire (QoL Compilation)","Rare Cards Sparkle","Shop Mod","StSLib"],"gold_per_floor":[114,41,41,59,59,59,79,123,193,219,219,62,104,127,127,238,310,339,368,368,395,14,14,53,73,124,124,138,138,149,163,163,267,267,286,313,324,324,340,340,359,359,359,375,43,43,43,52,52,52],"floor_reached":51,"language":"ENG","playtime":5206,"items_purged":[],"score":662,"play_id":"fb67254f-211f-4de1-8109-c1e7f3d746de","local_time":"20210124221339","is_ascension_mode":false,"campfire_choices":[{"data":"TalkToTheHand","floor":6,"key":"SMITH"},{"data":"Conclude","floor":11,"key":"SMITH"},{"data":"WindmillStrike","floor":15,"key":"SMITH"},{"floor":23,"key":"REST"},{"floor":27,"key":"REST"},{"floor":32,"key":"REST"},{"floor":40,"key":"REST"},{"floor":42,"key":"REST"},{"data":"Wish","floor":49,"key":"SMITH"}],"circlet_count":0,"master_deck":["Eruption+1","Vigilance","WindmillStrike+1","TalkToTheHand+1","Conclude+1","Adaptation","Perseverance","Ragnarok","MentalFortress","Judgement","Conclude","Pray","WreathOfFlame","Prostrate","TalkToTheHand","Omniscience","Pray+1","Perseverance","SandsOfTime","BattleHymn","CarveReality","DeceiveReality+1","Wish+1","CarveReality+1","Dark Shackles","Flash of Steel"],"relics":["PureWater","MealTicket","CeramicFish","Matryoshka","Oddly Smooth Stone","Vajra","Tiny Chest","Pandora\u0027s Box","TeardropLocket","Nunchaku","Bag of Preparation","Bronze Scales","Lantern","Sundial","Busted Crown","Centennial Puzzle","Ice Cream","Pantograph","Eternal Feather"],"acts_visited":["Exordium","TheCity","TheBeyond"],"potions_floor_usage":[8,10,16,19,19,21,28,31,33,39,50,50],"damage_taken":[{"damage":0,"enemies":"Small Slimes","floor":1,"turns":2},{"damage":2,"enemies":"Jaw Worm","floor":4,"turns":4},{"damage":0,"enemies":"Cultist","floor":7,"turns":3},{"damage":6,"enemies":"Gremlin Nob","floor":8,"turns":3},{"damage":8,"enemies":"3 Sentries","floor":10,"turns":5},{"damage":0,"enemies":"Gremlin Nob","floor":13,"turns":2},{"damage":1,"enemies":"Looter","floor":14,"turns":2},{"damage":21,"enemies":"The Guardian","floor":16,"turns":7},{"damage":0,"enemies":"Spheric Guardian","floor":18,"turns":2},{"damage":14,"enemies":"Shell Parasite","floor":19,"turns":4},{"damage":25,"enemies":"Snecko","floor":21,"turns":4},{"damage":38,"enemies":"Book of Stabbing","floor":24,"turns":5},{"damage":7,"enemies":"3 Cultists","floor":25,"turns":3},{"damage":0,"enemies":"Sentry and Sphere","floor":28,"turns":1},{"damage":0,"enemies":"Cultist and Chosen","floor":30,"turns":3},{"damage":18,"enemies":"3 Cultists","floor":31,"turns":3},{"damage":41,"enemies":"Collector","floor":33,"turns":7},{"damage":17,"enemies":"Orb Walker","floor":35,"turns":5},{"damage":0,"enemies":"3 Darklings","floor":37,"turns":2},{"damage":13,"enemies":"Transient","floor":39,"turns":5},{"damage":25,"enemies":"Jaw Worm Horde","floor":41,"turns":3},{"damage":19,"enemies":"3 Darklings","floor":44,"turns":3},{"damage":41,"enemies":"Awakened One","floor":50,"turns":5}],"seed_played":"-3446390485177251811","potions_obtained":[{"floor":4,"key":"Weak Potion"},{"floor":8,"key":"Dexterity Potion"},{"floor":13,"key":"FearPotion"},{"floor":16,"key":"Energy Potion"},{"floor":18,"key":"LiquidBronze"},{"floor":19,"key":"DistilledChaos"},{"floor":25,"key":"Fire Potion"},{"floor":28,"key":"AttackPotion"},{"floor":31,"key":"SteroidPotion"},{"floor":35,"key":"SpeedPotion"},{"floor":41,"key":"DistilledChaos"},{"floor":44,"key":"Ancient Potion"}],"is_trial":false,"path_per_floor":["M","$","?","M","?","R","M","E","T","E","R","$","E","M","R","B",null,"M","M","?","M","$","R","E","M","T","R","M","T","M","M","R","B",null,"M","T","M","?","M","R","M","R","T","M","$","T","$","?","R","B",null],"character_chosen":"WATCHER","items_purchased":["WindmillStrike","Vajra","TeardropLocket","BattleHymn","CarveReality","Pantograph","Dark Shackles"],"campfire_rested":5,"item_purchase_floors":[2,12,22,22,22,45,45],"current_hp_per_floor":[72,72,65,63,63,63,63,57,57,49,49,64,64,63,63,42,72,72,58,58,33,48,69,31,24,24,45,45,45,45,27,48,7,72,55,55,55,55,42,63,38,59,59,40,55,55,70,70,72,31],"gold":52,"neow_bonus":"UPGRADE_CARD","is_daily":false,"chose_seed":false,"campfire_upgraded":4,"win_rate":0.0,"timestamp":1611555219,"path_taken":["M","$","?","M","?","R","M","E","T","E","R","$","E","?","R","BOSS","M","?","?","M","$","R","E","M","T","R","M","?","M","M","R","BOSS","M","?","?","?","M","R","M","R","T","M","$","?","$","?","R","BOSS"],"items_purchased_type":["Card","Relic","Relic","Card","Card","Relic","Card"],"build_version":"2020-12-22","purchased_purges":0,"victory":true,"max_hp_per_floor":[72,72,72,72,72,72,72,72,72,72,72,72,72,72,72,72,72,72,72,72,72,72,72,72,72,72,72,72,72,72,72,72,72,72,72,72,72,72,72,72,72,72,72,72,72,72,72,72,72,72],"card_choices":[{"not_picked":["EmptyBody","FollowUp","ThirdEye"],"picked":"SKIP","floor":1},{"not_picked":["FlurryOfBlows","Crescendo"],"picked":"TalkToTheHand","floor":4},{"not_picked":["Evaluate","BowlingBash","CrushJoints"],"picked":"SKIP","floor":7},{"not_picked":["SashWhip","Halt"],"picked":"Conclude","floor":8},{"not_picked":["Nirvana","EmptyMind","SashWhip"],"picked":"SKIP","floor":10},{"not_picked":["CrushJoints","ForeignInfluence"],"picked":"Adaptation","floor":13},{"not_picked":["SashWhip","Scrawl"],"picked":"Perseverance","floor":14},{"not_picked":["Vault","Judgement"],"picked":"Ragnarok","floor":16},{"not_picked":["EmptyFist","FlurryOfBlows"],"picked":"Pray+1","floor":18},{"not_picked":["TalkToTheHand","Protect"],"picked":"Perseverance","floor":19},{"not_picked":["CrushJoints","BowlingBash"],"picked":"SandsOfTime","floor":21},{"not_picked":["SignatureMove","EmptyBody"],"picked":"DeceiveReality+1","floor":24},{"not_picked":["Fasting2+1","CrushJoints+1","Consecrate"],"picked":"SKIP","floor":25},{"not_picked":["Evaluate","FollowUp+1","Nirvana+1"],"picked":"SKIP","floor":28},{"not_picked":["FlyingSleeves","SashWhip","Halt"],"picked":"SKIP","floor":30},{"not_picked":["CrushJoints","ThirdEye+1","CutThroughFate"],"picked":"SKIP","floor":31},{"not_picked":["Vault","Scrawl"],"picked":"Wish","floor":33},{"not_picked":["ThirdEye"],"picked":"SKIP","floor":35},{"not_picked":["CrushJoints"],"picked":"SKIP","floor":37},{"not_picked":["Crescendo+1"],"picked":"SKIP","floor":39},{"not_picked":[],"picked":"CarveReality+1","floor":41},{"not_picked":["Halt+1"],"picked":"SKIP","floor":44},{"not_picked":[],"picked":"Flash of Steel","floor":48}],"player_experience":736413,"relics_obtained":[{"floor":8,"key":"CeramicFish"},{"floor":9,"key":"Matryoshka"},{"floor":10,"key":"Oddly Smooth Stone"},{"floor":13,"key":"Tiny Chest"},{"floor":24,"key":"Nunchaku"},{"floor":26,"key":"Bag of Preparation"},{"floor":26,"key":"Bronze Scales"},{"floor":29,"key":"Lantern"},{"floor":29,"key":"Sundial"},{"floor":36,"key":"Centennial Puzzle"},{"floor":43,"key":"Ice Cream"},{"floor":46,"key":"Eternal Feather"}],"event_choices":[{"damage_healed":0,"gold_gain":0,"player_choice":"Success","damage_taken":7,"relics_obtained":["MealTicket"],"max_hp_gain":0,"max_hp_loss":0,"event_name":"Scrap Ooze","floor":3,"gold_loss":0},{"damage_healed":0,"gold_gain":0,"player_choice":"Leave","damage_taken":0,"max_hp_gain":0,"max_hp_loss":0,"event_name":"The Cleric","floor":5,"gold_loss":0},{"damage_healed":0,"gold_gain":0,"player_choice":"Ignored","damage_taken":0,"max_hp_gain":0,"max_hp_loss":0,"event_name":"Beggar","floor":20,"gold_loss":0},{"damage_healed":0,"gold_gain":0,"player_choice":"Ignored","damage_taken":0,"max_hp_gain":0,"max_hp_loss":0,"event_name":"Tomb of Lord Red Mask","floor":38,"gold_loss":0},{"damage_healed":0,"gold_gain":0,"player_choice":"Memory 1","damage_taken":0,"max_hp_gain":0,"max_hp_loss":0,"event_name":"SensoryStone","floor":48,"gold_loss":0}],"is_beta":false,"boss_relics":[{"not_picked":["Velvet Choker","Philosopher\u0027s Stone"],"picked":"Pandora\u0027s Box"},{"not_picked":["HolyWater","Sozu"],"picked":"Busted Crown"}],"items_purged_floors":[],"is_endless":false,"potions_floor_spawned":[4,8,13,16,18,19,25,28,31,35,41,44],"ascension_level":0}}