{"host":"zpo0s982nnba8fjk","time":1611598301,"event":{"mods":["Act Like it!","BaseMod","Downfall","GifTheSpireLib","Hubris","Infinite Spire","Minty Spire (QoL Compilation)","Replay The Spire","StSLib"],"gold_per_floor":[99,99,99,99,99,99,99,129,142,152,164,164,164,164],"floor_reached":12,"language":"ENG","playtime":566,"items_purged":[],"score":76,"play_id":"c94dd279-35d4-407d-b366-5ca9df045156","local_time":"20210125191141","is_ascension_mode":false,"campfire_choices":[{"floor":1,"key":"DIG"}],"circlet_count":0,"master_deck":["bronze:Strike","bronze:Strike","bronze:Strike","bronze:Defend","bronze:Defend","bronze:Defend","bronze:Defend","bronze:Replicate","bronze:Goto","bronze:GetLatest","bronze:Shell","bronze:ClassDefault","bronze:Turbo","bronze:Flail"],"relics":["bronze:BronzeCore","downfall:HeartsMalice","Replay:Rubber Ducky","Counterbalance","Gambling Chip"],"acts_visited":["Exordium"],"potions_floor_usage":[9,12],"damage_taken":[{"damage":0,"enemies":"Cultist","floor":2,"turns":1},{"damage":0,"enemies":"Small Slimes","floor":5,"turns":1},{"damage":0,"enemies":"2 Louse","floor":6,"turns":1},{"damage":30,"enemies":"Lagavulin","floor":8,"turns":6},{"damage":10,"enemies":"Large Slime","floor":9,"turns":5},{"damage":0,"enemies":"Blue Slaver","floor":10,"turns":5},{"damage":26,"enemies":"Exordium Thugs","floor":11,"turns":8},{"damage":10,"enemies":"3 Sentries","floor":12,"turns":2}],"seed_played":"-333600570653572432","potions_obtained":[{"floor":4,"key":"Explosive Potion"},{"floor":4,"key":"Milkshake"},{"floor":4,"key":"GamblersBrew"},{"floor":8,"key":"Dexterity Potion"},{"floor":9,"key":"ColorlessPotion"}],"is_trial":false,"path_per_floor":["R","M","?","?","M","M","T","E","M","M","M","E"],"character_chosen":"THE_AUTOMATON","items_purchased":[],"campfire_rested":0,"item_purchase_floors":[],"current_hp_per_floor":[70,70,70,70,70,70,70,40,30,30,4,0,0,0],"gold":164,"neow_bonus":"THREE_ENEMY_KILL","is_daily":false,"chose_seed":false,"campfire_upgraded":0,"win_rate":0.0,"timestamp":1611598301,"path_taken":["R","M","?","?","M","M","T","E","M","M","M","E"],"items_purchased_type":[],"build_version":"2020-12-22","purchased_purges":0,"victory":false,"max_hp_per_floor":[70,70,70,70,70,70,70,70,70,70,70,70,70,70],"card_choices":[{"not_picked":["bronze:Iterate","bronze:ClassDefault"],"picked":"bronze:GetLatest","floor":2},{"not_picked":["bronze:GetLatest","bronze:WildBeam"],"picked":"bronze:Shell","floor":5},{"not_picked":["bronze:DelayedSlice","bronze:Return","bronze:Overheat"],"picked":"SKIP","floor":6},{"not_picked":["bronze:Iterate","bronze:Flail"],"picked":"bronze:ClassDefault","floor":8},{"not_picked":["bronze:Shield","bronze:NullPointer"],"picked":"bronze:Turbo","floor":9},{"not_picked":["bronze:DelayedSlice","bronze:BugBarrage"],"picked":"bronze:Flail","floor":10},{"not_picked":["bronze:WildBeam","bronze:CutThrough","bronze:DelayedSlice"],"picked":"SKIP","floor":11}],"player_experience":310094,"relics_obtained":[{"floor":1,"key":"Replay:Rubber Ducky"},{"floor":7,"key":"Counterbalance"},{"floor":8,"key":"Gambling Chip"}],"event_choices":[{"cards_removed":["bronze:Strike"],"damage_healed":0,"gold_gain":0,"player_choice":"Card Removal","damage_taken":0,"max_hp_gain":0,"max_hp_loss":0,"event_name":"The Cleric","floor":3,"gold_loss":0},{"damage_healed":0,"gold_gain":0,"player_choice":"Got Potions","damage_taken":0,"max_hp_gain":0,"max_hp_loss":0,"event_name":"Lab","floor":4,"gold_loss":0}],"is_beta":false,"boss_relics":[],"items_purged_floors":[],"is_endless":false,"potions_floor_spawned":[8,9,10],"killed_by":"3 Sentries","ascension_level":0}}