{"host":"ymmeoa1x24ihslbm","time":1611598888,"event":{"mods":["AchievementEnabler","BaseMod","Colored Map","Colored Powertips","Defuse TimeMaze Blight","Highlight Path","Minty Spire (QoL Compilation)","Permanent Neow","Quick Restart","Rare Cards Sparkle","Shop Mod","StSLib","Unceasing Turn Reminder"],"gold_per_floor":[110,128,128,145,162,162,175,175,200,200,210,210,223,223,223],"floor_reached":14,"language":"ENG","playtime":552,"items_purged":[],"score":105,"play_id":"6c8f68e0-1943-4f4d-851a-4fc8810ee62f","local_time":"20210125192128","is_ascension_mode":true,"campfire_choices":[{"data":"Vigilance","floor":6,"key":"SMITH"},{"data":"Eruption","floor":8,"key":"SMITH"},{"data":"PathToVictory","floor":10,"key":"SMITH"},{"data":"Defend_P","floor":12,"key":"SMITH"}],"circlet_count":0,"master_deck":["Strike_P","Strike_P","Strike_P","Strike_P","Defend_P+1","Defend_P","Defend_P","Defend_P","Eruption+1","Vigilance+1","PathToVictory+1","Pain"],"relics":["PureWater","Calipers","WarpedTongs","Dream Catcher"],"acts_visited":["Exordium"],"potions_floor_usage":[5,5,13],"damage_taken":[{"damage":0,"enemies":"Cultist","floor":1,"turns":5},{"damage":0,"enemies":"2 Louse","floor":2,"turns":4},{"damage":2,"enemies":"Small Slimes","floor":4,"turns":4},{"damage":1,"enemies":"Looter","floor":5,"turns":1},{"damage":3,"enemies":"Exordium Wildlife","floor":7,"turns":5},{"damage":4,"enemies":"2 Fungi Beasts","floor":11,"turns":3},{"damage":3,"enemies":"Large Slime","floor":13,"turns":3},{"damage":43,"enemies":"Gremlin Nob","floor":14,"turns":4}],"seed_played":"1583430826427428161","potions_obtained":[{"floor":1,"key":"Fire Potion"},{"floor":2,"key":"Fire Potion"},{"floor":4,"key":"FearPotion"}],"is_trial":false,"path_per_floor":["M","M","?","M","M","R","M","R","T","R","M","R","M","E"],"character_chosen":"WATCHER","items_purchased":[],"campfire_rested":0,"item_purchase_floors":[],"current_hp_per_floor":[51,51,51,49,48,48,45,45,45,45,41,41,38,0,0],"gold":223,"neow_bonus":"ONE_RARE_RELIC","is_daily":false,"chose_seed":false,"campfire_upgraded":4,"win_rate":0.0,"timestamp":1611598888,"path_taken":["M","?","?","M","M","R","?","R","T","R","?","R","M","E"],"items_purchased_type":[],"build_version":"2020-12-22","purchased_purges":0,"victory":false,"max_hp_per_floor":[72,72,72,72,72,72,72,72,72,72,72,72,72,72,72],"card_choices":[{"not_picked":["ReachHeaven","Study","CrushJoints"],"picked":"SKIP","floor":1},{"not_picked":["JustLucky","Swivel"],"picked":"PathToVictory","floor":2},{"not_picked":["Protect","DeceiveReality","Wish"],"picked":"SKIP","floor":4},{"not_picked":["SandsOfTime","TalkToTheHand","CutThroughFate"],"picked":"SKIP","floor":5},{"not_picked":["Worship","Swivel","EmptyBody"],"picked":"SKIP","floor":7},{"not_picked":["LikeWater","Adaptation","WreathOfFlame"],"picked":"SKIP","floor":11},{"not_picked":["Perseverance","WindmillStrike","Crescendo"],"picked":"SKIP","floor":13}],"player_experience":706714,"relics_obtained":[{"floor":9,"key":"Dream Catcher"}],"event_choices":[{"damage_healed":0,"gold_gain":0,"player_choice":"Rummage","damage_taken":0,"relics_obtained":["WarpedTongs"],"max_hp_gain":0,"max_hp_loss":0,"event_name":"Accursed Blacksmith","floor":3,"gold_loss":0,"cards_obtained":["Pain"]}],"is_beta":false,"boss_relics":[],"items_purged_floors":[],"is_endless":false,"potions_floor_spawned":[1,2,4],"killed_by":"Gremlin Nob","ascension_level":5}}