{"host":"c95txy58ipbu969e","time":1611581717,"event":{"mods":["Act Like it!","BaseMod","Downfall","Minty Spire (QoL Compilation)","Quick Restart","StSLib"],"gold_per_floor":[99,111,129,229,229,242,242,257,288,308,336,347,347,362,381,484,484,384,395,408,418,433,450,475,475,475,675,694,594,627,552,570,670,670,670,684,436,451,451,483,483,514,414,434,444,476,476,491,520,520,520,557,110,110,110,110,110],"floor_reached":55,"language":"ZHS","playtime":5250,"items_purged":["champ:Strike","champ:Defend","champ:Defend"],"score":999,"play_id":"145362e4-b6d1-4666-a5fd-fb1bcf99148c","local_time":"20210125213517","is_ascension_mode":true,"campfire_choices":[{"data":"champ:Taunt","floor":1.0,"key":"SMITH"},{"data":"champ:SwordThrow","floor":18.0,"key":"SMITH"},{"data":"champ:Improvising","floor":26.0,"key":"SMITH"},{"data":"champ:CalledShot","floor":29.0,"key":"SMITH"},{"floor":35.0,"key":"RECALL"},{"data":"champ:CheapShot","floor":43.0,"key":"SMITH"},{"data":"champ:IgnorePain","floor":47,"key":"SMITH"},{"data":"champ:CalledShot","floor":54,"key":"SMITH"}],"circlet_count":0,"master_deck":["champ:Defend","champ:Defend","champ:Execute","champ:Taunt+1","champ:PreciseThrust","champ:CheapShot+1","champ:BerserkersShout","champ:Duel","champ:LastStand","champ:CalledShot+1","champ:SwordThrow+1","champ:AdrenalArmor","champ:IgnorePain+1","champ:ViciousMockery+1","champ:GutPunch","champ:Improvising+1","champ:StanceDance","champ:FaceSlap","champ:HoldFirm","champ:AdrenalArmor","champ:CalledShot+1","champ:Duel+1","expansioncontent:DashGenerateEvil"],"relics":["champ:ChampionCrownUpgraded","Champion Belt","The Courier","Toy Ornithopter","Anchor","downfall:HeartBlessingGreen","MutagenicStrength","downfall:HeartBlessingBlue","Pen Nib","Coffee Dripper","Guardian:PocketSentry","FossilizedHelix","champ:DefensiveTrainingManual","Matryoshka","Bag of Preparation","Happy Flower","Ancient Tea Set","downfall:HeartBlessingRed","CeramicFish","Sundial","Mummified Hand"],"acts_visited":["TheCity","TheBeyond","TheEnding"],"potions_floor_usage":[50],"damage_taken":[{"damage":14.0,"enemies":"Jaw Worm","floor":2.0,"turns":4.0},{"damage":18.0,"enemies":"Small Slimes","floor":3.0,"turns":4.0},{"damage":20.0,"enemies":"Small Slimes","floor":4.0,"turns":5.0},{"damage":20.0,"enemies":"Cultist","floor":6.0,"turns":4.0},{"damage":56.0,"enemies":"Exordium Wildlife","floor":8.0,"turns":6.0},{"damage":31.0,"enemies":"3 Sentries","floor":9.0,"turns":5.0},{"damage":15.0,"enemies":"3 Louse","floor":10.0,"turns":2.0},{"damage":28.0,"enemies":"Lagavulin","floor":11.0,"turns":5.0},{"damage":29.0,"enemies":"Lots of Slimes","floor":12.0,"turns":4.0},{"damage":20.0,"enemies":"Exordium Thugs","floor":14.0,"turns":4.0},{"damage":16.0,"enemies":"2 Fungi Beasts","floor":15.0,"turns":4.0},{"damage":45.0,"enemies":"DF_ARCHETYPE_STREAMLINE","floor":16.0,"turns":8.0},{"damage":40.0,"enemies":"Shell Parasite","floor":19.0,"turns":5.0},{"damage":12.0,"enemies":"Snake Plant","floor":20.0,"turns":3.0},{"damage":49.0,"enemies":"Sentry and Sphere","floor":21.0,"turns":4.0},{"damage":35.0,"enemies":"Snecko","floor":22.0,"turns":4.0},{"damage":10.0,"enemies":"Centurion and Healer","floor":23.0,"turns":5.0},{"damage":55.0,"enemies":"Shelled Parasite and Fungi","floor":28.0,"turns":4.0},{"damage":30.0,"enemies":"Book of Stabbing","floor":30.0,"turns":3.0},{"damage":45.0,"enemies":"downfall:FleeingMerchant","floor":31.0,"turns":4.0},{"damage":15.0,"enemies":"Cultist and Chosen","floor":32.0,"turns":3.0},{"damage":50.0,"enemies":"SI_MIRROR_ARCHETYPE","floor":33.0,"turns":6.0},{"damage":0.0,"enemies":"Orb Walker","floor":36.0,"turns":1.0},{"damage":20.0,"enemies":"downfall:FleeingMerchant","floor":37.0,"turns":3.0},{"damage":35.0,"enemies":"3 Shapes","floor":38.0,"turns":4.0},{"damage":45.0,"enemies":"Nemesis","floor":40.0,"turns":4.0},{"damage":98.0,"enemies":"Giant Head","floor":42.0,"turns":8.0},{"damage":50.0,"enemies":"Sphere and 2 Shapes","floor":44.0,"turns":2.0},{"damage":30.0,"enemies":"3 Darklings","floor":45.0,"turns":3.0},{"damage":25,"enemies":"Reptomancer","floor":46,"turns":4},{"damage":35,"enemies":"Maw","floor":48,"turns":4},{"damage":25,"enemies":"Sphere and 2 Shapes","floor":49,"turns":3},{"damage":98,"enemies":"IC_BLOCK_ARCHETYPE","floor":50,"turns":8},{"damage":127,"enemies":"downfall:CharBossMerchant","floor":52,"turns":7},{"damage":148,"enemies":"downfall:NeowBoss","floor":55,"turns":11}],"seed_played":"718577783143553633","potions_obtained":[{"floor":4.0,"key":"Regen Potion"},{"floor":5.0,"key":"CultistPotion"},{"floor":5.0,"key":"EntropicBrew"},{"floor":10.0,"key":"Weak Potion"},{"floor":15.0,"key":"Energy Potion"},{"floor":16.0,"key":"CultistPotion"},{"floor":20.0,"key":"EntropicBrew"},{"floor":22.0,"key":"BlessingOfTheForge"},{"floor":52,"key":"champ:TechniquePotion"}],"is_trial":false,"path_per_floor":["R","M","M","?","?","M","T","M","E","M","E","M","?","M","M","B",null,"R","M","M","M","M","M","T","?","R","?","M","R","E","$","M","B",null,"R","M","$","M","?","E","T","E","R","M","M","E","R","M","M","B",null,"E","$","R","B"],"character_chosen":"THE_CHAMP","items_purchased":["Guardian:PocketSentry","FossilizedHelix","champ:DefensiveTrainingManual","Mummified Hand","expansioncontent:DashGenerateEvil"],"campfire_rested":0,"item_purchase_floors":[37,37,37,53,53],"current_hp_per_floor":[63,59,56,56,56,56,56,20,29,29,29,15,15,9,9,7,90,90,90,88,74,74,74,74,74,74,74,49,59,59,59,59,44,100,100,100,100,100,100,100,100,67,67,72,77,92,92,97,100,87,100,38,38,38,0,0,0],"gold":110,"neow_bonus":"TRANSFORM_TWO_CARDS","is_daily":false,"chose_seed":false,"campfire_upgraded":7,"win_rate":0.0,"timestamp":1611581717,"path_taken":["R","M","M","?","?","M","T","M","E","?","E","M","?","M","M","BOSS","R","M","M","M","M","M","T","?","R","?","M","R","E","$","M","BOSS","R","M","$","?","?","E","T","E","R","M","M","E","R","?","M","BOSS","E","$","R","BOSS"],"items_purchased_type":["Relic","Relic","Relic","Relic","Card"],"build_version":"2020-12-22","purchased_purges":3,"victory":false,"max_hp_per_floor":[90,90,90,90,90,90,90,90,90,90,90,90,90,90,90,90,90,90,90,90,90,90,90,90,90,90,90,90,100,100,100,100,100,100,100,100,100,100,100,100,100,100,100,100,100,100,100,100,100,100,100,100,100,100,100,100,100],"card_choices":[{"not_picked":["champ:ShieldSigil","champ:ShieldSlam"],"picked":"champ:BerserkersShout","floor":2.0},{"not_picked":["champ:Haymaker","champ:BringItOn"],"picked":"champ:Duel","floor":3.0},{"not_picked":["champ:PreciseThrust","champ:Backstep"],"picked":"champ:LastStand","floor":4.0},{"not_picked":["champ:FocusedDefense","champ:FalseCounter","champ:BladeFlurry"],"picked":"SKIP","floor":6.0},{"not_picked":["champ:DefensiveShout","champ:Duel"],"picked":"champ:CalledShot","floor":8.0},{"not_picked":["champ:Duel","champ:Backstep"],"picked":"champ:SwordThrow","floor":9.0},{"not_picked":["champ:BringItOn","champ:PerfectedStrike"],"picked":"champ:AdrenalArmor","floor":10.0},{"not_picked":["champ:SwordSigil","champ:DefensiveShout"],"picked":"champ:IgnorePain","floor":11.0},{"not_picked":["champ:FocusedBerserking","champ:PreemptiveStrike"],"picked":"champ:ViciousMockery","floor":12.0},{"not_picked":["champ:CalledShot","champ:FlashCut"],"picked":"champ:GutPunch","floor":14.0},{"not_picked":["champ:EnGarde","champ:RapidStrikes","champ:BringItOn"],"picked":"SKIP","floor":15.0},{"not_picked":["champ:IgnorePain","champ:GladiatorForm"],"picked":"champ:Improvising","floor":16.0},{"not_picked":["champ:Shatter","champ:RisingSlash+1"],"picked":"champ:StanceDance","floor":19.0},{"not_picked":["champ:BladeFlurry","champ:StanceDance+1","champ:Backstep+1"],"picked":"SKIP","floor":20.0},{"not_picked":["champ:FalseCounter","champ:FanOfKnives"],"picked":"champ:FaceSlap","floor":21.0},{"not_picked":["champ:HeartStrike+1","champ:DefensiveShout","champ:RisingSlash+1"],"picked":"SKIP","floor":22.0},{"not_picked":["champ:Circumvent","champ:DefensiveShout","champ:TornadoPunch"],"picked":"SKIP","floor":23.0},{"not_picked":["champ:BringItOn","champ:ShieldSlam","champ:MurderStrike"],"picked":"SKIP","floor":28.0},{"not_picked":["champ:StanceDance+1","champ:BladeFlurry","champ:GladiatorForm"],"picked":"SKIP","floor":30.0},{"not_picked":["champ:EnGarde","champ:EndlessRage","champ:FlashCut"],"picked":"SKIP","floor":31.0},{"not_picked":["champ:RapidStrikes","champ:GutPunch","champ:RecklessLeap"],"picked":"SKIP","floor":32.0},{"not_picked":["champ:IgnorePain","champ:ShieldThrow"],"picked":"champ:HoldFirm","floor":33.0},{"not_picked":["champ:CrownThrow","champ:ArenaPreparation"],"picked":"champ:AdrenalArmor","floor":36.0},{"not_picked":["champ:PerfectedStrike","champ:StanceDance+1","champ:IronFortress+1"],"picked":"SKIP","floor":37.0},{"not_picked":["champ:SetATrap+1","champ:AdrenalArmor","champ:Haymaker+1"],"picked":"SKIP","floor":38.0},{"not_picked":["champ:IgnorePain","champ:PreciseThrust","champ:FlashCut+1"],"picked":"SKIP","floor":40.0},{"not_picked":["champ:TornadoPunch","champ:RisingSlash","champ:RapidStrikes"],"picked":"SKIP","floor":42.0},{"not_picked":["champ:PerfectedStrike","champ:BerserkersShout","champ:BerserkerStyle+1"],"picked":"SKIP","floor":44.0},{"not_picked":["champ:BerserkersShout+1","champ:DefensiveShout+1","champ:FanOfKnives+1"],"picked":"SKIP","floor":45.0},{"not_picked":["champ:BerserkerStyle","champ:AdrenalArmor","champ:FocusedDefense"],"picked":"SKIP","floor":46},{"not_picked":["champ:BerserkerStyle","champ:AdrenalArmor","champ:FocusedDefense"],"picked":"SKIP","floor":46},{"not_picked":["champ:RapidStrikes+1","champ:AdrenalArmor","champ:DefensiveShout"],"picked":"SKIP","floor":48},{"not_picked":["champ:FocusedDefense","champ:Backstep"],"picked":"champ:CalledShot","floor":49},{"not_picked":["champ:MurderStrike","champ:EnchantSword"],"picked":"champ:Duel+1","floor":52}],"player_experience":520841,"relics_obtained":[{"floor":4.0,"key":"Champion Belt"},{"floor":7.0,"key":"The Courier"},{"floor":9.0,"key":"Toy Ornithopter"},{"floor":11.0,"key":"Anchor"},{"floor":30.0,"key":"Pen Nib"},{"floor":40.0,"key":"Matryoshka"},{"floor":41.0,"key":"Bag of Preparation"},{"floor":41.0,"key":"Happy Flower"},{"floor":42.0,"key":"Ancient Tea Set"},{"floor":46,"key":"CeramicFish"},{"floor":52,"key":"Sundial"}],"event_choices":[{"damage_healed":0.0,"max_hp_gain":0.0,"max_hp_loss":0.0,"gold_gain":0.0,"event_name":"Lab","player_choice":"Got Potions","floor":5.0,"gold_loss":0.0,"damage_taken":0.0},{"cards_removed":["champ:Strike"],"damage_healed":0.0,"max_hp_gain":0.0,"max_hp_loss":0.0,"gold_gain":0.0,"event_name":"The Cleric","player_choice":"Card Removal","floor":13.0,"gold_loss":0.0,"damage_taken":0.0},{"damage_healed":0.0,"max_hp_gain":0.0,"max_hp_loss":0.0,"gold_gain":0.0,"event_name":"Drug Dealer","player_choice":"Inject Mutagens","floor":25.0,"gold_loss":0.0,"damage_taken":0.0,"relics_obtained":["MutagenicStrength"]},{"damage_healed":0.0,"max_hp_gain":0.0,"max_hp_loss":0.0,"gold_gain":200.0,"event_name":"Wheel of Change","player_choice":"Gold","floor":27.0,"gold_loss":0.0,"damage_taken":0.0}],"is_beta":false,"boss_relics":[{"not_picked":["Tiny House","Runic Pyramid"],"picked":"champ:ChampionCrownUpgraded"},{"not_picked":["Pandora\u0027s Box","Astrolabe"],"picked":"Coffee Dripper"}],"items_purged_floors":[31,37,53],"is_endless":false,"potions_floor_spawned":[4,8,10,15,16,20,22,28,33,36,38,40,45,52],"killed_by":"downfall:NeowBoss","ascension_level":3}}