{"host":"qnw6fh3z6mhgqap2","time":1611604480,"event":{"mods":["BaseMod","Downfall","Minty Spire (QoL Compilation)","Quick Restart","Replay The Spire","StSLib","SuperFastMode"],"gold_per_floor":[114,114,130,130,140,171,181,209,247,273,285,324,336,348,370,414,426,543,555,581,157,157,167,183,183,216,216,216,245,245,245],"floor_reached":30,"language":"ENG","playtime":1695,"items_purged":["Strike_B"],"score":417,"play_id":"61181c22-187c-4271-874d-da523226adcb","local_time":"20210125205440","is_ascension_mode":true,"campfire_choices":[{"floor":11,"key":"REST"},{"data":"Crystallizer","floor":17,"key":"SMITH"},{"data":"Fission","floor":25,"key":"SMITH"}],"circlet_count":0,"master_deck":["Defend_B","Defend_B","Defend_B","Defend_B","Zap","Dualcast","Specialist","Conserve Battery","Panic Button","Streamline","Double Energy","Crystallizer+1","Darkness","Redo","Aggregate","Electrodynamics","Tempest","Seek","Capacitor+1","Fission+1","ReplaySolidLightProjector+1","Defragment+1","Genetic Algorithm","Genetic Algorithm+1","Bite","Bite","Bite","Bite","Bite","Redo+1"],"relics":["Cracked Core","Mercury Hourglass","Prayer Wheel","MawBank","MealTicket","Akabeko","Carrot","Nuclear Battery","Replay:PocketPolymizer","ReplayFunnel","Toxic Egg 2","White Beast Statue"],"acts_visited":["Exordium","TheCity"],"potions_floor_usage":[8,8,8,8,8,12,16,16,18,24,30,30],"damage_taken":[{"damage":8,"enemies":"Small Slimes","floor":1,"turns":3},{"damage":6,"enemies":"2 Louse","floor":3,"turns":4},{"damage":0,"enemies":"Cultist","floor":5,"turns":3},{"damage":34,"enemies":"3 Sentries","floor":6,"turns":9},{"damage":18,"enemies":"Exordium Thugs","floor":7,"turns":4},{"damage":8,"enemies":"Lagavulin","floor":8,"turns":7},{"damage":8,"enemies":"Red Slaver","floor":10,"turns":2},{"damage":8,"enemies":"Gremlin Nob","floor":12,"turns":3},{"damage":0,"enemies":"Looter","floor":15,"turns":3},{"damage":14,"enemies":"Replay:BlueRogue","floor":16,"turns":5},{"damage":0,"enemies":"Slime Boss","floor":18,"turns":4},{"damage":0,"enemies":"3 Byrds","floor":20,"turns":1},{"damage":15,"enemies":"2 Thieves","floor":23,"turns":2},{"damage":40,"enemies":"Snake Plant","floor":24,"turns":5},{"damage":0,"enemies":"Gremlin Leader","floor":26,"turns":4},{"damage":16,"enemies":"Slavers","floor":29,"turns":2},{"damage":12,"enemies":"Centurion and Healer","floor":30,"turns":1}],"seed_played":"-5014074214907802905","potions_obtained":[{"floor":1,"key":"BlessingOfTheForge"},{"floor":7,"key":"EntropicBrew"},{"floor":8,"key":"Weak Potion"},{"floor":12,"key":"Regen Potion"},{"floor":15,"key":"Regen Potion"},{"floor":16,"key":"SkillPotion"},{"floor":23,"key":"LifebloodPotion"},{"floor":24,"key":"sneckomod:MuddlingPotion"},{"floor":29,"key":"FocusPotion"}],"is_trial":false,"path_per_floor":["M","?","M","?","M","E","M","E","T","M","R","E","PTL","PTL","M","E","R","B",null,"M","$","?","M","M","R","E","?","T","E","M"],"character_chosen":"DEFECT","items_purchased":["Capacitor","Replay:PocketPolymizer"],"campfire_rested":1,"item_purchase_floors":[21,21],"current_hp_per_floor":[67,67,61,61,61,27,9,10,10,2,24,16,16,16,16,36,36,36,75,75,75,75,60,20,20,20,20,20,6,0,0],"gold":245,"neow_bonus":"RANDOM_COLORLESS","is_daily":false,"chose_seed":false,"campfire_upgraded":2,"win_rate":0.0,"timestamp":1611604480,"path_taken":["M","?","M","?","?","E","M","E","T","M","R","E","PTL","PTL","M","E","R","BOSS","M","$","?","?","M","R","E","?","T","E","M"],"items_purchased_type":["Card","Relic"],"build_version":"2020-12-22","purchased_purges":1,"victory":false,"max_hp_per_floor":[75,75,75,75,75,75,75,75,75,75,75,75,75,75,75,75,75,75,75,75,75,75,75,75,75,75,52,52,52,52,52],"card_choices":[{"not_picked":["Purity","Replay:Sssssssssshield"],"picked":"Specialist","floor":0},{"not_picked":["Compile Driver","BasicCrystalCard"],"picked":"Conserve Battery","floor":1},{"not_picked":["Turbo","BasicCrystalCard"],"picked":"Panic Button","floor":3},{"not_picked":["Ball Lightning","Steam"],"picked":"Streamline","floor":5},{"not_picked":["Panic Button","Cold Snap"],"picked":"Double Energy","floor":6},{"not_picked":["Go for the Eyes","Conserve Battery"],"picked":"ReplayTheSpireMod:Fabricate Wheel","floor":7},{"not_picked":["Gash","Coolheaded"],"picked":"Crystallizer","floor":8},{"not_picked":["Compile Driver","Coolheaded"],"picked":"Darkness","floor":10},{"not_picked":["ReplaySort","Leap"],"picked":"Redo","floor":10},{"not_picked":["Compile Driver","Barrage"],"picked":"Aggregate","floor":12},{"not_picked":["Blizzard","Turbo"],"picked":"Electrodynamics","floor":15},{"not_picked":["Go for the Eyes","Gash","Turbo"],"picked":"SKIP","floor":15},{"not_picked":["Beam Cell","Cold Snap"],"picked":"Tempest","floor":16},{"not_picked":["Electrodynamics","Reboot"],"picked":"Seek","floor":18},{"not_picked":["Leap","Go for the Eyes","Sweeping Beam"],"picked":"SKIP","floor":20},{"not_picked":["Hologram","Go for the Eyes","Redo"],"picked":"SKIP","floor":20},{"not_picked":["Hologram","Redo"],"picked":"Fission","floor":23},{"not_picked":["Cold Snap","Blizzard+1","Melter"],"picked":"SKIP","floor":23},{"not_picked":["Conserve Battery+1","Coolheaded"],"picked":"ReplaySolidLightProjector+1","floor":24},{"not_picked":["Redo+1","Streamline"],"picked":"Defragment+1","floor":24},{"not_picked":["Streamline","Panic Button"],"picked":"Genetic Algorithm+1","floor":26},{"not_picked":["Beam Cell","Barrage"],"picked":"Redo+1","floor":29}],"player_experience":175118,"relics_obtained":[{"floor":6,"key":"Mercury Hourglass"},{"floor":8,"key":"MawBank"},{"floor":9,"key":"MealTicket"},{"floor":12,"key":"Akabeko"},{"floor":16,"key":"Carrot"},{"floor":26,"key":"ReplayFunnel"},{"floor":28,"key":"Toxic Egg 2"},{"floor":29,"key":"White Beast Statue"}],"event_choices":[{"damage_healed":0,"gold_gain":0,"player_choice":"Ignored","damage_taken":0,"max_hp_gain":0,"max_hp_loss":0,"event_name":"Liars Game","floor":2,"gold_loss":0},{"damage_healed":0,"gold_gain":0,"player_choice":"Bought 0 Potions","damage_taken":0,"max_hp_gain":0,"max_hp_loss":0,"event_name":"The Woman in Blue","floor":4,"gold_loss":0},{"damage_healed":0,"gold_gain":0,"player_choice":"Forge","damage_taken":0,"max_hp_gain":0,"max_hp_loss":0,"event_name":"Accursed Blacksmith","floor":22,"gold_loss":0,"cards_upgraded":["Capacitor"]},{"damage_healed":0,"gold_gain":0,"player_choice":"Became a vampire","damage_taken":0,"max_hp_gain":0,"max_hp_loss":23,"event_name":"Vampires","floor":27,"gold_loss":0,"cards_obtained":["Bite","Bite","Bite","Bite","Bite"]}],"is_beta":false,"boss_relics":[{"not_picked":["Fusion Hammer","Ectoplasm"],"picked":"Nuclear Battery"}],"items_purged_floors":[21],"is_endless":false,"potions_floor_spawned":[1,7,8,12,15,16,23,24,29],"killed_by":"Centurion and Healer","ascension_level":1}}