{"host":"uv5ws9rdk87e8i5k","time":1611545453,"event":{"mods":["AchievementEnabler","BaseMod","Colored Map","Minty Spire (QoL Compilation)","StSLib","SuperFastMode","The Necromancer"],"gold_per_floor":[115,127,139,89,104,134,152,180,180,196,196,231,246,274,274,375,375,386,386,402,49,65,95,109,144,144,144,156,176,176,211,211,315,315,325,325,342,3,13,13,39,39,39,89,114,128,158,177,177,177],"floor_reached":51,"language":"ENG","playtime":1832,"items_purged":["Strike_W"],"score":1052,"play_id":"cc84902b-f976-434b-a80a-0945953366c1","local_time":"20210124213053","is_ascension_mode":true,"campfire_choices":[{"data":"Summon_Undead","floor":15.0,"key":"SMITH"},{"data":"Summon_Vampire_Lady","floor":27.0,"key":"SMITH"},{"data":"Spectral_Walk","floor":30.0,"key":"SMITH"},{"data":"Summon_Undead","floor":32,"key":"SMITH"},{"data":"Summon_Vampire_Lady","floor":40,"key":"SMITH"},{"data":"Summon_Lich","floor":42,"key":"SMITH"},{"floor":49,"key":"DIG"}],"circlet_count":0,"master_deck":["Strike_W","Defend_W","Defend_W","Defend_W","Defend_W","Negative_Energy_Arrows","Bone_Wall","Summon_Undead+1","Finger_Of_Death","Summon_Lich","Bone_Prison","Life_Tap","Bone_Armor","Spectral_Armor","Summon_Undead+1","Summon_Vampire_Lady+1","Bone_Prison+1","Negative_Energy_Burst","Spectral_Walk+1","Summon_Lich","Summon_Lich+1","Spectral_Armor","Summon_Vampire_Lady+1","CurseOfTheBell","Summon_Lich+1","Bone_Prison+1","Spectral_Walk+1","Parasite","Summon_Lich+1","Shade_Step+1","Summon_Undead_Army+1"],"relics":["Vampire_Amulet","Pear","Bird Faced Urn","Bottled Flame","Shuriken","Singing Bowl","Coffee Dripper","Mummified Hand","Vajra","Ginger","Nunchaku","Thread and Needle","Calling Bell","PreservedInsect","Frozen Egg 2","StoneCalendar","Art of War","Pantograph","Question Card","Shovel","Blue Candle","War Paint","Pen Nib"],"acts_visited":["Exordium","TheCity","TheBeyond"],"potions_floor_usage":[31,33,33,37,41,47,48,50],"damage_taken":[{"damage":1.0,"enemies":"Cultist","floor":1.0,"turns":5.0},{"damage":7.0,"enemies":"Small Slimes","floor":2.0,"turns":4.0},{"damage":9.0,"enemies":"2 Louse","floor":3.0,"turns":3.0},{"damage":9.0,"enemies":"Large Slime","floor":5.0,"turns":6.0},{"damage":21.0,"enemies":"3 Sentries","floor":6.0,"turns":5.0},{"damage":18.0,"enemies":"Gremlin Gang","floor":7.0,"turns":3.0},{"damage":10.0,"enemies":"Lagavulin","floor":8.0,"turns":8.0},{"damage":13.0,"enemies":"Blue Slaver","floor":10.0,"turns":4.0},{"damage":46.0,"enemies":"3 Sentries","floor":12.0,"turns":9.0},{"damage":9.0,"enemies":"Exordium Thugs","floor":13.0,"turns":6.0},{"damage":19.0,"enemies":"Gremlin Nob","floor":14.0,"turns":5.0},{"damage":19.0,"enemies":"Slime Boss","floor":16.0,"turns":9.0},{"damage":31.0,"enemies":"3 Byrds","floor":18.0,"turns":6.0},{"damage":5.0,"enemies":"Shell Parasite","floor":20.0,"turns":6.0},{"damage":2.0,"enemies":"Cultist and Chosen","floor":22.0,"turns":6.0},{"damage":19.0,"enemies":"Slavers","floor":23.0,"turns":3.0},{"damage":12.0,"enemies":"3 Cultists","floor":24.0,"turns":4.0},{"damage":32.0,"enemies":"Gremlin Leader","floor":25.0,"turns":7.0},{"damage":10.0,"enemies":"Shelled Parasite and Fungi","floor":28.0,"turns":7.0},{"damage":3.0,"enemies":"Centurion and Healer","floor":29.0,"turns":6.0},{"damage":4,"enemies":"Book of Stabbing","floor":31,"turns":6},{"damage":11,"enemies":"Automaton","floor":33,"turns":10},{"damage":32,"enemies":"3 Shapes","floor":35,"turns":4},{"damage":2,"enemies":"3 Darklings","floor":37,"turns":4},{"damage":4,"enemies":"Sphere and 2 Shapes","floor":39,"turns":4},{"damage":43,"enemies":"Nemesis","floor":41,"turns":6},{"damage":38,"enemies":"Mind Bloom Boss Battle","floor":44,"turns":7},{"damage":0,"enemies":"Giant Head","floor":45,"turns":8},{"damage":3,"enemies":"Writhing Mass","floor":46,"turns":6},{"damage":59,"enemies":"Nemesis","floor":47,"turns":6},{"damage":36,"enemies":"Spire Growth","floor":48,"turns":4},{"damage":86,"enemies":"Awakened One","floor":50,"turns":11}],"seed_played":"-2249744851932220369","potions_obtained":[{"floor":2.0,"key":"Weak Potion"},{"floor":7.0,"key":"BlessingOfTheForge"},{"floor":12.0,"key":"SpeedPotion"},{"floor":14.0,"key":"Dexterity Potion"},{"floor":18.0,"key":"PowerPotion"},{"floor":28.0,"key":"PowerPotion"},{"floor":29.0,"key":"Weak Potion"},{"floor":33,"key":"ColorlessPotion"},{"floor":35,"key":"LiquidBronze"},{"floor":41,"key":"Strength Potion"},{"floor":45,"key":"DistilledChaos"},{"floor":46,"key":"SteroidPotion"}],"is_trial":false,"path_per_floor":["M","M","M","?","M","E","M","E","T","M","?","E","M","E","R","B",null,"M","?","M","$","M","E","M","E","T","R","M","M","R","E","R","B",null,"M","?","M","$","M","R","E","R","T","?","E","M","E","M","R","B",null],"character_chosen":"NECROMANCER","items_purchased":["Mummified Hand","Spectral_Walk","Summon_Lich","Summon_Lich+1","Bone_Prison","Art of War"],"campfire_rested":0,"item_purchase_floors":[21,21,21,38,38,38],"current_hp_per_floor":[82,77,72,72,67,62,52,44,44,41,64,50,47,49,49,58,94,79,79,91,91,91,78,88,79,79,79,95,99,99,101,101,101,101,86,86,105,105,107,107,105,105,105,96,111,110,82,71,71,85],"gold":177,"neow_bonus":"TEN_PERCENT_HP_BONUS","is_daily":false,"chose_seed":false,"campfire_upgraded":6,"win_rate":0.0,"timestamp":1611545453,"path_taken":["M","?","M","?","M","E","M","E","T","M","?","E","M","E","R","BOSS","M","?","?","$","M","E","M","E","T","R","M","M","R","E","R","BOSS","M","?","M","$","M","R","E","R","T","?","E","M","E","M","R","BOSS"],"items_purchased_type":["Relic","Card","Card","Card","Card","Relic"],"build_version":"2020-12-22","purchased_purges":1,"victory":true,"max_hp_per_floor":[82,82,82,82,82,92,92,92,92,92,92,92,92,94,94,94,94,94,91,91,91,91,91,93,95,95,95,97,99,99,101,101,101,101,103,103,105,105,107,107,109,109,109,111,111,111,111,111,111,111],"card_choices":[{"not_picked":["Chill_Blood","Negative_Energy_Mist"],"picked":"Summon_Undead","floor":1.0},{"not_picked":["Scare","Negative_Energy_Javelin"],"picked":"Finger_Of_Death","floor":2.0},{"not_picked":["Bone_Armor","Scare"],"picked":"Summon_Lich","floor":3.0},{"not_picked":["Finger_Of_Death","Vampiric_Strike"],"picked":"Bone_Prison","floor":5.0},{"not_picked":["Consume_Illness","Slay_Living"],"picked":"Life_Tap","floor":6.0},{"not_picked":["Life_Drain","Necromantic_Selection","Death_Coil"],"picked":"SKIP","floor":7.0},{"not_picked":["Bone_Spikes","Death_Knell","Blood_Wake"],"picked":"SKIP","floor":8.0},{"not_picked":["Deaths_Shadow","Violent_Necrosis"],"picked":"Bone_Armor","floor":10.0},{"not_picked":["Negative_Energy_Sphere","Bone_Armor"],"picked":"Spectral_Armor","floor":12.0},{"not_picked":["Death_March_Dance","Strike_from_Beyond"],"picked":"Summon_Undead","floor":13.0},{"not_picked":["Plague_Bolt","Death_Coil","Vampiric_Strike"],"picked":"Singing Bowl","floor":14.0},{"not_picked":["Reap_The_Weak","Skeleton_Dragon"],"picked":"Summon_Vampire_Lady","floor":16.0},{"not_picked":["Death_March_Dance","Death_Knell+1"],"picked":"Bone_Prison","floor":18.0},{"not_picked":["Blood_Shield","Negative_Energy_Javelin"],"picked":"Negative_Energy_Burst","floor":20.0},{"not_picked":["Consume_Illness+1","Toxic_Smoke_Screen"],"picked":"Summon_Lich","floor":22.0},{"not_picked":["Blood_Wake","Negative_Energy_Javelin"],"picked":"Spectral_Armor","floor":23.0},{"not_picked":["Negative_Energy_Shield","Siphon_Strength","Epidemic"],"picked":"Singing Bowl","floor":24.0},{"not_picked":["Death_March_Dance","Epidemic+1","Life_Drain"],"picked":"Singing Bowl","floor":25.0},{"not_picked":["Plague_Bolt","Bone_Armory","Finger_Of_Death"],"picked":"Singing Bowl","floor":28.0},{"not_picked":["Scare","Flesh_Made_Foul","Bone_Armor+1"],"picked":"Singing Bowl","floor":29.0},{"not_picked":["Negative_Energy_Sphere","Vampiric_Strike","Slay_Living"],"picked":"Singing Bowl","floor":31},{"not_picked":["Grasp_Heart","Detonate_Bones"],"picked":"Summon_Vampire_Lady","floor":33},{"not_picked":["Negative_Energy_Sphere+1","Strike_from_Beyond+1","Blood_Whip"],"picked":"Singing Bowl","floor":35},{"not_picked":["Blood_Curse+1","Toxic_Smoke_Screen","Deaths_Shadow"],"picked":"Singing Bowl","floor":37},{"not_picked":["Chill_Blood","Blood_Magic+1","Negative_Energy_Sphere+1"],"picked":"Singing Bowl","floor":39},{"not_picked":["Bone_Bullets","Death_Coil+1","Thousand_Bone_Knives"],"picked":"Singing Bowl","floor":41},{"not_picked":["Death_Coil+1","Negative_Energy_Javelin","Vampiric_Strike","Life_Tap"],"picked":"Singing Bowl","floor":44},{"not_picked":["Negative_Energy_Mist","Toxic_Smoke_Screen+1","Negative_Energy_Bomb"],"picked":"Spectral_Walk+1","floor":45},{"not_picked":["Consume_Illness","Siphon_Strength","Blood_Whip"],"picked":"Summon_Lich+1","floor":46},{"not_picked":["Bone_Armory+1","Negative_Energy_Burst","Negative_Energy_Sphere+1"],"picked":"Shade_Step+1","floor":47},{"not_picked":["Negative_Energy_Burst","Shackles_Of_Pain+1","Finger_Of_Death+1"],"picked":"Summon_Undead_Army+1","floor":48}],"player_experience":252206,"relics_obtained":[{"floor":6.0,"key":"Pear"},{"floor":8.0,"key":"Bird Faced Urn"},{"floor":9.0,"key":"Bottled Flame"},{"floor":12.0,"key":"Shuriken"},{"floor":14.0,"key":"Singing Bowl"},{"floor":23.0,"key":"Vajra"},{"floor":25.0,"key":"Ginger"},{"floor":26.0,"key":"Nunchaku"},{"floor":31,"key":"Thread and Needle"},{"floor":34,"key":"PreservedInsect"},{"floor":34,"key":"Frozen Egg 2"},{"floor":34,"key":"StoneCalendar"},{"floor":41,"key":"Pantograph"},{"floor":43,"key":"Question Card"},{"floor":44,"key":"Shovel"},{"floor":45,"key":"Blue Candle"},{"floor":47,"key":"War Paint"},{"floor":49,"key":"Pen Nib"}],"event_choices":[{"cards_removed":["Strike_W"],"damage_healed":0.0,"max_hp_gain":0.0,"max_hp_loss":0.0,"gold_gain":0.0,"event_name":"The Cleric","player_choice":"Card Removal","floor":4.0,"gold_loss":50.0,"damage_taken":0.0},{"damage_healed":23.0,"max_hp_gain":0.0,"max_hp_loss":0.0,"gold_gain":0.0,"event_name":"Mushrooms","player_choice":"Healed and dodged fight","floor":11.0,"gold_loss":0.0,"damage_taken":0.0,"cards_obtained":["Parasite"]},{"cards_removed":["Parasite"],"damage_healed":0.0,"max_hp_gain":0.0,"max_hp_loss":0.0,"gold_gain":0.0,"event_name":"Purifier","player_choice":"Purged","floor":19.0,"gold_loss":0.0,"damage_taken":0.0},{"cards_removed":["Strike_W"],"damage_healed":0,"gold_gain":0,"player_choice":"Removed Attack","damage_taken":0,"max_hp_gain":0,"max_hp_loss":0,"event_name":"Falling","floor":36,"gold_loss":0},{"damage_healed":0,"gold_gain":0,"player_choice":"Fight","damage_taken":0,"max_hp_gain":0,"max_hp_loss":0,"event_name":"MindBloom","floor":44,"gold_loss":0}],"is_beta":false,"boss_relics":[{"not_picked":["Tiny House","Black Star"],"picked":"Coffee Dripper"},{"not_picked":["Pandora\u0027s Box","SlaversCollar"],"picked":"Calling Bell"}],"items_purged_floors":[38],"is_endless":false,"potions_floor_spawned":[2,7,12,14,18,28,29,33,35,41,45,46],"ascension_level":3}}