{"host":"7eytxr1oawi6r5nr","time":1611606515,"event":{"mods":["BaseMod","Better Third Choice","Curses Come First","Dark Map","Hermit","Hubris","Ironclad Rager","Jorbs\u0027s Wanderer Trilogy","Minty Spire (QoL Compilation)","Permanent Neow","Quick Restart","Rare Cards Sparkle","Reliquary","Replay The Spire","Robot Space Explorer","StSLib","The Cursed","The Disciple","The Dragon Tamer","The Forsaken","The Marked","The Mystic","The Runesmith","UnlockEverythingMod","Wide Potions"],"gold_per_floor":[117,42,42,66,11,52,75,75,75],"floor_reached":8,"language":"ENG","playtime":387,"items_purged":["theForsaken:TheForsaken_Strike"],"score":85,"play_id":"1012551a-0bfa-4eb5-b999-1537924a91ea","local_time":"20210125202835","is_ascension_mode":true,"campfire_choices":[],"circlet_count":0,"master_deck":["theForsaken:TheForsaken_Strike","theForsaken:TheForsaken_Strike","theForsaken:TheForsaken_Strike","theForsaken:TheForsaken_Defend","theForsaken:TheForsaken_Defend","theForsaken:TheForsaken_Defend","theForsaken:TheForsaken_Defend","theForsaken:Smite","theForsaken:Penitence","theForsaken:Terrorize","Injury","theForsaken:PowerUp","theForsaken:DarkBargain","theForsaken:DarkBargain","theForsaken:CleansingLight","theForsaken:BlightOfFamine"],"relics":["theForsaken:JudgementScales","NeowsBlessing","Golden Idol","Replay:PocketPolymizer"],"acts_visited":["Exordium"],"potions_floor_usage":[8],"damage_taken":[{"damage":0,"enemies":"Small Slimes","floor":1,"turns":1},{"damage":0,"enemies":"Jaw Worm","floor":4,"turns":1},{"damage":0,"enemies":"Lagavulin","floor":6,"turns":2},{"damage":3,"enemies":"2 Louse","floor":7,"turns":3},{"damage":47,"enemies":"3 Sentries","floor":8,"turns":10}],"seed_played":"2004153008560705340","potions_obtained":[{"floor":1,"key":"Regen Potion"}],"is_trial":false,"path_per_floor":["M","$","?","M","$","E","M","E"],"character_chosen":"THE_FORSAKEN","items_purchased":["theForsaken:DarkBargain"],"campfire_rested":0,"item_purchase_floors":[5],"current_hp_per_floor":[65,65,65,65,65,65,62,48,48],"gold":75,"neow_bonus":"THREE_ENEMY_KILL","is_daily":false,"chose_seed":false,"campfire_upgraded":0,"win_rate":0.0,"timestamp":1611606515,"path_taken":["M","$","?","M","$","E","M","E"],"items_purchased_type":["Card"],"build_version":"2020-12-22","purchased_purges":1,"victory":false,"max_hp_per_floor":[65,65,65,65,65,65,65,65,65],"card_choices":[{"not_picked":["theForsaken:ChargeAttack","theForsaken:Eulogy"],"picked":"theForsaken:Terrorize","floor":1},{"not_picked":["theForsaken:BindingThorns","theForsaken:PreciseStrike"],"picked":"theForsaken:PowerUp","floor":4},{"not_picked":["theForsaken:PowerUp","theForsaken:ShieldCharge"],"picked":"theForsaken:CleansingLight","floor":6},{"not_picked":["theForsaken:Thunderbolt","theForsaken:BattleHymn"],"picked":"theForsaken:BlightOfFamine","floor":7}],"player_experience":201614,"relics_obtained":[{"floor":6,"key":"Replay:PocketPolymizer"}],"event_choices":[{"damage_healed":0,"gold_gain":0,"player_choice":"Take Wound","damage_taken":0,"relics_obtained":["Golden Idol"],"max_hp_gain":0,"max_hp_loss":0,"event_name":"Golden Idol","floor":3,"gold_loss":0,"cards_obtained":["Injury"]}],"is_beta":false,"boss_relics":[],"items_purged_floors":[2],"is_endless":false,"potions_floor_spawned":[1,7],"killed_by":"3 Sentries","ascension_level":1}}