{"host":"oeeu8njhzvf3llor","time":1611609424,"event":{"mods":["BaseMod","Better Match","Better Note","Better Skull","Better Third Choice","Hubris","Minty Spire (QoL Compilation)","Rare Cards Sparkle","Replay The Spire","Shop Mod","Spicy Shops","StSLib","Swap Starting Deck Mod"],"gold_per_floor":[119,119,130,147,98,98,129,145,198,235,247,274,286,317,329,442,454,485,513,183,183,193,219,159,159,186,186,186,186],"floor_reached":28,"language":"ENG","playtime":753,"items_purged":[],"score":363,"play_id":"932404fd-ab65-4e17-8f4e-46225e88d55c","local_time":"20210125161704","is_ascension_mode":true,"campfire_choices":[{"data":"Battle Trance","floor":6,"key":"SMITH"},{"data":"Limit Break","floor":11,"key":"SMITH"},{"data":"Rage","floor":15,"key":"SMITH"},{"floor":25,"key":"REST"},{"floor":27,"key":"REST"}],"circlet_count":0,"master_deck":["Anger","Twin Strike","Twin Strike+1","Twin Strike","Twin Strike+1","Rage","Rage","Rage+1","Rage","Flex","Wild Strike","Flex","Battle Trance+1","Iron Wave","Limit Break+1","Hemokinesis","Feed","Replay:Undeath\u0027s Touch","Panache","Juggernaut","Juggernaut","Spot Weakness","Metallicize"],"relics":["Black Blood","swapstartingdeckmod:DeadBlossom","Whetstone","Replay:Mystery Machine","Mark of Pain","Sozu","MerchantsRug","Centennial Puzzle","Happy Flower"],"acts_visited":["Exordium","TheCity"],"potions_floor_usage":[16,23],"damage_taken":[{"damage":0,"enemies":"Jaw Worm","floor":1,"turns":1},{"damage":1,"enemies":"Small Slimes","floor":3,"turns":2},{"damage":0,"enemies":"Cultist","floor":4,"turns":2},{"damage":15,"enemies":"Lagavulin","floor":7,"turns":4},{"damage":0,"enemies":"Exordium Wildlife","floor":8,"turns":2},{"damage":9,"enemies":"Replay:BlueRogue","floor":10,"turns":2},{"damage":6,"enemies":"Blue Slaver","floor":12,"turns":2},{"damage":11,"enemies":"2 Fungi Beasts","floor":14,"turns":2},{"damage":0,"enemies":"Slime Boss","floor":16,"turns":3},{"damage":8,"enemies":"3 Byrds","floor":18,"turns":5},{"damage":16,"enemies":"2 Thieves","floor":19,"turns":3},{"damage":18,"enemies":"Centurion and Healer","floor":22,"turns":5},{"damage":52,"enemies":"Book of Stabbing","floor":23,"turns":5},{"damage":0,"enemies":"Replay:Snechameleon","floor":28,"turns":1}],"seed_played":"2805325983257949792","potions_obtained":[{"floor":3,"key":"Reflective Coating"},{"floor":8,"key":"Adrenaline Potion"}],"is_trial":false,"path_per_floor":["M","?","M","M","$","R","E","M","T","E","R","M","$","M","R","B",null,"M","M","$","?","M","E","?","R","T","R","E"],"character_chosen":"IRONCLAD","items_purchased":["Strength Potion","Panache","MerchantsRug","Juggernaut"],"campfire_rested":2,"item_purchase_floors":[5,20,20,20],"current_hp_per_floor":[80,83,85,85,85,85,73,76,76,70,70,67,67,59,59,62,85,85,77,77,77,65,19,19,33,33,47,47,47],"gold":186,"neow_bonus":"","is_daily":false,"chose_seed":false,"campfire_upgraded":3,"win_rate":0.0,"timestamp":1611609424,"path_taken":["M","?","M","M","$","R","E","M","T","E","R","M","$","M","R","BOSS","M","M","$","?","M","E","?","R","T","R","E"],"items_purchased_type":["Potion","Card","Relic","Card"],"build_version":"2020-12-22","purchased_purges":0,"victory":false,"max_hp_per_floor":[80,85,85,85,85,85,85,85,85,85,85,85,85,85,85,85,85,88,91,91,91,91,91,91,91,91,91,91,91],"card_choices":[{"not_picked":["Clothesline","Armaments"],"picked":"Wild Strike","floor":1},{"not_picked":["Heavy Blade","Dropkick"],"picked":"Flex","floor":3},{"not_picked":["Run Through","Carnage"],"picked":"Battle Trance","floor":4},{"not_picked":["Rupture","Brutality"],"picked":"Iron Wave","floor":7},{"not_picked":["Headbutt","Thunderclap","Armaments"],"picked":"SKIP","floor":8},{"not_picked":["Warcry","Armaments"],"picked":"Limit Break","floor":10},{"not_picked":["Defy Death","Replay:Undeath\u0027s Touch"],"picked":"Hemokinesis","floor":12},{"not_picked":["Defy Death","Clothesline","Seeing Red"],"picked":"SKIP","floor":14},{"not_picked":["Bludgeon","Demon Form"],"picked":"Feed","floor":16},{"not_picked":["Heavy Blade+1","Wild Strike"],"picked":"Replay:Undeath\u0027s Touch","floor":18},{"not_picked":["Havoc","Iron Wave+1","Shrug It Off"],"picked":"SKIP","floor":19},{"not_picked":["Headbutt","Warcry+1"],"picked":"Spot Weakness","floor":22},{"not_picked":["Dropkick","Dark Embrace"],"picked":"Metallicize","floor":23}],"player_experience":508713,"relics_obtained":[{"floor":7,"key":"Whetstone"},{"floor":9,"key":"MawBank"},{"floor":10,"key":"Replay:Mystery Machine"},{"floor":23,"key":"Centennial Puzzle"},{"floor":26,"key":"Happy Flower"}],"event_choices":[{"damage_healed":0,"gold_gain":0,"player_choice":"Donut","damage_taken":0,"max_hp_gain":5,"max_hp_loss":0,"event_name":"Big Fish","floor":2,"gold_loss":0},{"damage_healed":0,"gold_gain":0,"player_choice":"Ignored","damage_taken":0,"max_hp_gain":0,"max_hp_loss":0,"event_name":"betterNote:BetterNote","floor":21,"gold_loss":0,"cards_obtained":["Strike_R"]}],"is_beta":false,"boss_relics":[{"not_picked":["hubris:Stopwatch","Electric Blood"],"picked":"Replay:Grab Bag"},{"not_picked":["Abe\u0027s Treasure","Philosopher\u0027s Stone"],"picked":"Mark of Pain"},{"not_picked":["ReplayTheSpireMod:Onyx Gauntlets","Runic Dome"],"picked":"Sozu"},{"not_picked":["Snecko Eye","SlaversCollar"],"picked":"Black Blood"}],"items_purged_floors":[],"is_endless":false,"potions_floor_spawned":[3,8,10,22],"killed_by":"Replay:Snechameleon","ascension_level":1}}