{"host":"k85tjwrh7mjrrc9a","time":1611593754,"event":{"mods":["AchievementEnabler","BaseMod","Colored Powertips","Highlight Path","Minty Spire (QoL Compilation)","Rare Cards Sparkle","StSLib"],"gold_per_floor":[110,121,67,86,106,106,120,120,166,192,192,219,241,266,266,352,352,371,141,141,158,174,174,174,207,207,207,207,221,221,221,221,221,221],"floor_reached":33,"language":"ENG","playtime":1900,"items_purged":["Strike_R"],"score":471,"play_id":"3efaf909-99fe-4896-ab6a-b40eea308cef","local_time":"20210125115554","is_ascension_mode":true,"campfire_choices":[{"data":"Flame Barrier","floor":6.0,"key":"SMITH"},{"data":"Disarm","floor":8.0,"key":"SMITH"},{"floor":11.0,"key":"REST"},{"floor":15.0,"key":"REST"},{"data":"Apotheosis","floor":23.0,"key":"SMITH"},{"data":"Pommel Strike","floor":28.0,"key":"SMITH"},{"floor":32.0,"key":"REST"}],"circlet_count":0,"master_deck":["AscendersBane","Strike_R","Strike_R","Strike_R","Strike_R+1","Defend_R","Defend_R","Defend_R","Defend_R","Bash","Shrug It Off","Thunderclap","Twin Strike","Flame Barrier+1","Heavy Blade","Disarm+1","Carnage","Armaments","Whirlwind+1","Reaper","Pommel Strike+1","Apotheosis+1"],"relics":["Burning Blood","Tiny Chest","Pantograph","CeramicFish","Philosopher\u0027s Stone","Bag of Marbles","MutagenicStrength","Whetstone","Charon\u0027s Ashes","Blood Vial"],"acts_visited":["Exordium","TheCity"],"potions_floor_usage":[33],"damage_taken":[{"damage":13.0,"enemies":"Small Slimes","floor":1.0,"turns":4.0},{"damage":6.0,"enemies":"Cultist","floor":2.0,"turns":3.0},{"damage":5.0,"enemies":"2 Louse","floor":4.0,"turns":3.0},{"damage":0.0,"enemies":"2 Fungi Beasts","floor":5.0,"turns":4.0},{"damage":10.0,"enemies":"Red Slaver","floor":7.0,"turns":5.0},{"damage":53.0,"enemies":"Lagavulin","floor":10.0,"turns":11.0},{"damage":23.0,"enemies":"Gremlin Nob","floor":12.0,"turns":4.0},{"damage":25.0,"enemies":"Large Slime","floor":13.0,"turns":11.0},{"damage":0.0,"enemies":"Exordium Thugs","floor":14.0,"turns":5.0},{"damage":51.0,"enemies":"The Guardian","floor":16.0,"turns":11.0},{"damage":9.0,"enemies":"3 Byrds","floor":18.0,"turns":5.0},{"damage":30.0,"enemies":"Spheric Guardian","floor":21.0,"turns":5.0},{"damage":20.0,"enemies":"Snake Plant","floor":22.0,"turns":3.0},{"damage":11.0,"enemies":"Gremlin Leader","floor":25.0,"turns":5.0},{"damage":36.0,"enemies":"Shelled Parasite and Fungi","floor":29.0,"turns":5.0},{"damage":16.0,"enemies":"Colosseum Slavers","floor":30.0,"turns":4.0},{"damage":95,"enemies":"Automaton","floor":33,"turns":6}],"seed_played":"-8584091191375808782","potions_obtained":[{"floor":2.0,"key":"ElixirPotion"},{"floor":5.0,"key":"SkillPotion"},{"floor":12.0,"key":"Weak Potion"},{"floor":14.0,"key":"DuplicationPotion"},{"floor":21.0,"key":"Strength Potion"},{"floor":29.0,"key":"PowerPotion"}],"is_trial":false,"path_per_floor":["M","M","$","M","M","R","M","R","T","E","R","E","M","M","R","B",null,"M","$","?","M","M","R","?","E","T","T","R","M","?","?","R","B"],"character_chosen":"IRONCLAD","items_purchased":["Twin Strike","Apotheosis"],"campfire_rested":3,"item_purchase_floors":[3,19],"current_hp_per_floor":[68,68,68,69,75,75,71,71,71,24,48,31,12,18,42,22,67,73,73,73,54,40,40,40,74,74,74,74,46,38,22,48,0,0],"gold":221,"neow_bonus":"TEN_PERCENT_HP_BONUS","is_daily":false,"chose_seed":false,"campfire_upgraded":4,"win_rate":0.0,"timestamp":1611593754,"path_taken":["M","M","$","M","M","R","M","R","T","E","R","E","M","M","R","BOSS","M","$","?","?","M","R","?","E","T","?","R","M","?","?","R","BOSS"],"items_purchased_type":["Card","Card"],"build_version":"2020-12-22","purchased_purges":1,"victory":false,"max_hp_per_floor":[82,82,82,82,82,82,82,82,82,82,82,82,82,82,82,82,82,82,82,82,82,82,82,82,82,82,82,82,82,82,87,87,87,87],"card_choices":[{"not_picked":["Perfected Strike","Havoc"],"picked":"Shrug It Off","floor":1.0},{"not_picked":["Clothesline","Second Wind"],"picked":"Thunderclap","floor":2.0},{"not_picked":["Perfected Strike","Blood for Blood"],"picked":"Flame Barrier","floor":4.0},{"not_picked":["Iron Wave","Sword Boomerang"],"picked":"Heavy Blade","floor":5.0},{"not_picked":["Sword Boomerang","Wild Strike"],"picked":"Disarm","floor":7.0},{"not_picked":["Dark Embrace","Immolate"],"picked":"Carnage","floor":10.0},{"not_picked":["Bludgeon","Intimidate","Flex"],"picked":"SKIP","floor":12.0},{"not_picked":["Anger","Clothesline"],"picked":"Armaments","floor":13.0},{"not_picked":["Anger","Havoc"],"picked":"Whirlwind","floor":14.0},{"not_picked":["Fiend Fire","Brutality"],"picked":"Reaper","floor":16.0},{"not_picked":["Sword Boomerang","Metallicize"],"picked":"Pommel Strike","floor":18.0},{"not_picked":["Perfected Strike","Armaments","Havoc"],"picked":"SKIP","floor":21.0},{"not_picked":["Seeing Red","Carnage","Twin Strike"],"picked":"SKIP","floor":22.0},{"not_picked":["True Grit","Bloodletting","Headbutt"],"picked":"SKIP","floor":25.0},{"not_picked":["Rage+1","Dropkick","Intimidate"],"picked":"SKIP","floor":29.0}],"player_experience":217673,"relics_obtained":[{"floor":9.0,"key":"Tiny Chest"},{"floor":10.0,"key":"Pantograph"},{"floor":12.0,"key":"CeramicFish"},{"floor":20.0,"key":"Bag of Marbles"},{"floor":25.0,"key":"Whetstone"},{"floor":26.0,"key":"Charon\u0027s Ashes"},{"floor":27.0,"key":"Blood Vial"}],"event_choices":[{"damage_healed":0.0,"max_hp_gain":0.0,"max_hp_loss":0.0,"gold_gain":0.0,"event_name":"Wheel of Change","player_choice":"Relic","floor":20.0,"gold_loss":0.0,"damage_taken":0.0},{"damage_healed":0.0,"max_hp_gain":0.0,"max_hp_loss":0.0,"gold_gain":0.0,"event_name":"Drug Dealer","player_choice":"Inject Mutagens","floor":24.0,"gold_loss":0.0,"damage_taken":0.0,"relics_obtained":["MutagenicStrength"]},{"damage_healed":0.0,"max_hp_gain":0.0,"max_hp_loss":0.0,"gold_gain":0.0,"event_name":"Colosseum","player_choice":"Fight","floor":30.0,"gold_loss":0.0,"damage_taken":0.0},{"damage_healed":0.0,"max_hp_gain":0.0,"max_hp_loss":0.0,"gold_gain":0.0,"event_name":"Colosseum","player_choice":"Fled From Nobs","floor":30.0,"gold_loss":0.0,"damage_taken":0.0},{"damage_healed":0.0,"max_hp_gain":5.0,"max_hp_loss":0.0,"gold_gain":0.0,"event_name":"Forgotten Altar","player_choice":"Shed Blood","floor":31.0,"gold_loss":0.0,"damage_taken":21.0}],"is_beta":false,"boss_relics":[{"not_picked":["Coffee Dripper","Calling Bell"],"picked":"Philosopher\u0027s Stone"}],"items_purged_floors":[19],"is_endless":false,"potions_floor_spawned":[2,5,7,12,14,21,29,30],"killed_by":"Automaton","ascension_level":14}}