{"host":"8c7ixdz8x9d2d2wv","time":1611534953,"event":{"mods":["AYAYA","BaseMod","Better Altar","Better Sensory Stone","Better Third Choice","Better-Laid Plans","BetterRewards","Colored Map","Colored Powertips","Curses Come First","Dark Map","Defuse TimeMaze Blight","Emptier Cage","Good Game Mod","Highlight Path","Minty Spire (QoL Compilation)","Quick Restart","Rare Cards Sparkle","Relic Sorter","Remove Card Discount Mod","Reorder Act Four","Shop Mod","StSLib","Transform Curses","Uncapped","everything is the same but u backflip on backflip"],"gold_per_floor":[110,129,49,65,75,75,105,1,1,11,25,25,25,51,51,156,156,167,167,159,159,237,269,269,281,281,381,408,420,433,433,433,535,535,548,558,558,477,493,493,523,523,523,553,553,565,582,677,677,677,677,449,449,482,482],"floor_reached":56,"language":"ENG","playtime":2557,"items_purged":["Strike_G","Defend_G","Survivor","Defend_G","Strike_G","Strike_G","Defend_G","Defend_G","Defend_G","Strike_G","Strike_G","Cloak And Dagger+1","Cloak And Dagger+1","Blur","Escape Plan"],"score":1880,"play_id":"907b8929-d49a-468a-b307-363ad34d564e","local_time":"20210125013553","is_ascension_mode":false,"campfire_choices":[{"data":"Cloak And Dagger","floor":6,"key":"SMITH"},{"floor":13,"key":"RECALL"},{"data":"Neutralize","floor":15,"key":"SMITH"},{"data":"Slice","floor":32,"key":"SMITH"},{"data":"After Image","floor":40,"key":"SMITH"},{"data":"After Image","floor":42,"key":"SMITH"},{"floor":45,"key":"REST"},{"floor":49,"key":"REST"},{"floor":53,"key":"REST"}],"circlet_count":0,"master_deck":["Neutralize+1","Slice+1","Slice+1","After Image+1","Backstab+1","After Image+1","Backstab+1"],"relics":["Ring of the Snake","REME:ComplimentaryCards","Unceasing Top","MerchantsRug","Tiny Chest","Mercury Hourglass","WristBlade","Thread and Needle","Shuriken","Meat on the Bone","TungstenRod","Paper Crane","Ninja Scroll","Membership Card","Orichalcum","FossilizedHelix"],"acts_visited":["Exordium","TheCity","TheBeyond","TheEnding"],"potions_floor_usage":[7,7,7,7,14,16,28,29,50,50,55,55],"damage_taken":[{"damage":5,"enemies":"Small Slimes","floor":1,"turns":4},{"damage":0,"enemies":"2 Louse","floor":2,"turns":3},{"damage":0,"enemies":"Jaw Worm","floor":4,"turns":5},{"damage":5,"enemies":"Red Slaver","floor":5,"turns":7},{"damage":12,"enemies":"3 Sentries","floor":7,"turns":10},{"damage":0,"enemies":"2 Fungi Beasts","floor":10,"turns":2},{"damage":0,"enemies":"Exordium Wildlife","floor":11,"turns":3},{"damage":0,"enemies":"Lagavulin","floor":14,"turns":5},{"damage":0,"enemies":"The Guardian","floor":16,"turns":6},{"damage":0,"enemies":"Spheric Guardian","floor":18,"turns":2},{"damage":0,"enemies":"Slavers","floor":23,"turns":1},{"damage":0,"enemies":"Shell Parasite","floor":25,"turns":1},{"damage":10,"enemies":"Colosseum Slavers","floor":27,"turns":2},{"damage":0,"enemies":"Colosseum Nobs","floor":27,"turns":1},{"damage":0,"enemies":"Gremlin Leader","floor":28,"turns":1},{"damage":1,"enemies":"Shelled Parasite and Fungi","floor":29,"turns":2},{"damage":0,"enemies":"Centurion and Healer","floor":30,"turns":1},{"damage":0,"enemies":"Collector","floor":33,"turns":1},{"damage":0,"enemies":"Orb Walker","floor":35,"turns":1},{"damage":0,"enemies":"3 Darklings","floor":36,"turns":1},{"damage":0,"enemies":"Jaw Worm Horde","floor":39,"turns":1},{"damage":0,"enemies":"Giant Head","floor":41,"turns":1},{"damage":0,"enemies":"Reptomancer","floor":44,"turns":1},{"damage":0,"enemies":"Writhing Mass","floor":46,"turns":1},{"damage":0,"enemies":"Transient","floor":47,"turns":1},{"damage":0,"enemies":"Time Eater","floor":50,"turns":3},{"damage":0,"enemies":"Shield and Spear","floor":54,"turns":1},{"damage":51,"enemies":"The Heart","floor":55,"turns":6}],"seed_played":"-1345318671553695483","potions_obtained":[{"floor":5,"key":"EntropicBrew"},{"floor":10,"key":"Ancient Potion"},{"floor":14,"key":"BlessingOfTheForge"},{"floor":23,"key":"PowerPotion"},{"floor":25,"key":"Weak Potion"},{"floor":30,"key":"Ancient Potion"},{"floor":41,"key":"GamblersBrew"},{"floor":46,"key":"Explosive Potion"},{"floor":54,"key":"Dexterity Potion"}],"is_trial":false,"path_per_floor":["M","M","$","M","M","R","E","$","T","M","M","?","R","E","R","B",null,"M","?","$","?","T","E","T","M","T","?","E","M","M","T","R","B",null,"M","M","?","$","M","R","E","R","T","E","R","M","M","$","R","B",null,"$","R","E","B",null],"character_chosen":"THE_SILENT","items_purchased":["MerchantsRug","Blur","Escape Plan","Slice","Backstab+1","Ninja Scroll","Membership Card","Orichalcum"],"campfire_rested":3,"item_purchase_floors":[0,3,8,8,38,48,52,52],"current_hp_per_floor":[46,46,46,46,41,41,29,29,29,29,29,29,29,29,29,29,70,70,70,70,70,70,70,70,70,70,60,67,66,66,66,66,66,77,77,77,77,77,77,77,77,77,77,77,77,77,77,77,77,77,77,77,77,77,38],"gold":482,"neow_bonus":"","is_daily":false,"chose_seed":false,"campfire_upgraded":5,"win_rate":0.0,"timestamp":1611534953,"path_taken":["M","M","$","M","M","R","E","$","T","M","M","?","R","E","R","BOSS","M","?","$","?","?","E","?","M","T","?","E","?","M","?","R","BOSS","M","M","?","$","?","R","E","R","T","E","R","M","M","$","R","BOSS","$","R","E","BOSS"],"items_purchased_type":["Relic","Card","Card","Card","Card","Relic","Relic","Relic"],"build_version":"2020-12-22","purchased_purges":15,"victory":true,"max_hp_per_floor":[70,70,70,70,70,70,70,70,70,70,70,70,70,70,70,70,70,70,70,70,70,70,70,70,70,70,70,77,77,77,77,77,77,77,77,77,77,77,77,77,77,77,77,77,77,77,77,77,77,77,77,77,77,77,77],"card_choices":[{"not_picked":["Heel Hook","Bane"],"picked":"Deflect","floor":1},{"not_picked":["Slice","Outmaneuver","Dash"],"picked":"SKIP","floor":2},{"not_picked":["Flying Knee","Deadly Poison","Backflip"],"picked":"SKIP","floor":4},{"not_picked":["Dagger Spray","Quick Slash"],"picked":"Cloak And Dagger","floor":5},{"not_picked":["Slice","Venomology","Glass Knife"],"picked":"SKIP","floor":7},{"not_picked":["Slice","Venomology","Glass Knife"],"picked":"SKIP","floor":7},{"not_picked":["Quick Slash","Reflex","Flying Knee"],"picked":"SKIP","floor":10},{"not_picked":["Deadly Poison","Footwork"],"picked":"Deflect","floor":11},{"not_picked":["Footwork","Flying Knee"],"picked":"Slice","floor":14},{"not_picked":["Acrobatics","PiercingWail","Poisoned Stab+1"],"picked":"SKIP","floor":18},{"not_picked":["Tools of the Trade","Quick Slash+1","Heel Hook+1"],"picked":"SKIP","floor":23},{"not_picked":["Expertise","Bane+1","Footwork"],"picked":"SKIP","floor":25},{"not_picked":["Dash+1","Dodge and Roll"],"picked":"Slice+1","floor":28},{"not_picked":["Calculated Gamble","PiercingWail+1","Crippling Poison+1"],"picked":"SKIP","floor":29},{"not_picked":["Acrobatics","Envenom","Finisher+1"],"picked":"SKIP","floor":30},{"not_picked":["Glass Knife+1","Corpse Explosion"],"picked":"After Image","floor":33},{"not_picked":["Calculated Gamble","Deadly Poison+1","Dash+1"],"picked":"SKIP","floor":35},{"not_picked":["Cloak And Dagger","Blur"],"picked":"Backstab+1","floor":36},{"not_picked":["Bouncing Flask+1","Cloak And Dagger","Setup"],"picked":"SKIP","floor":39},{"not_picked":["Poisoned Stab+1","Reflex+1","PiercingWail"],"picked":"SKIP","floor":41},{"not_picked":["Slice+1","Catalyst","Deflect"],"picked":"SKIP","floor":44},{"not_picked":["Quick Slash+1","Skewer+1","Doppelganger"],"picked":"SKIP","floor":46},{"not_picked":["Cloak And Dagger","Footwork+1","Infinite Blades"],"picked":"SKIP","floor":47},{"not_picked":["Eviscerate","Infinite Blades+1","Deflect"],"picked":"SKIP","floor":54}],"player_experience":681652,"relics_obtained":[{"floor":7,"key":"Art of War"},{"floor":9,"key":"Tiny Chest"},{"floor":14,"key":"Mercury Hourglass"},{"floor":23,"key":"Thread and Needle"},{"floor":24,"key":"Molten Egg 2"},{"floor":26,"key":"Shuriken"},{"floor":27,"key":"Du-Vu Doll"},{"floor":27,"key":"Meat on the Bone"},{"floor":28,"key":"Strawberry"},{"floor":31,"key":"Tingsha"},{"floor":41,"key":"TungstenRod"},{"floor":43,"key":"Ancient Tea Set"},{"floor":44,"key":"Paper Crane"},{"floor":54,"key":"FossilizedHelix"}],"event_choices":[{"damage_healed":0,"gold_gain":0,"player_choice":"Ignored","damage_taken":0,"max_hp_gain":0,"max_hp_loss":0,"event_name":"Cursed Tome","floor":19,"gold_loss":0},{"damage_healed":0,"gold_gain":0,"player_choice":"Ignored","damage_taken":0,"max_hp_gain":0,"max_hp_loss":0,"event_name":"Beggar","floor":21,"gold_loss":0},{"damage_healed":0,"gold_gain":0,"player_choice":"Fight","damage_taken":0,"max_hp_gain":0,"max_hp_loss":0,"event_name":"Colosseum","floor":27,"gold_loss":0},{"damage_healed":0,"gold_gain":0,"player_choice":"Fought Nobs","damage_taken":0,"max_hp_gain":0,"max_hp_loss":0,"event_name":"Colosseum","floor":27,"gold_loss":0},{"damage_healed":0,"gold_gain":0,"player_choice":"Copied","damage_taken":0,"max_hp_gain":0,"max_hp_loss":0,"event_name":"Duplicator","floor":37,"gold_loss":0,"cards_obtained":["After Image"]}],"is_beta":false,"boss_relics":[{"not_picked":["Black Star","Philosopher\u0027s Stone"],"picked":"WristBlade"},{"not_picked":["Sozu","Runic Pyramid"],"picked":"Empty Cage"}],"items_purged_floors":[0,0,0,3,3,3,3,8,8,8,8,20,20,20,20],"is_endless":false,"potions_floor_spawned":[5,10,14,23,25,30,41,46,47,54],"ascension_level":0}}