{"host":"xmr2g8b7eju0288o","time":1611583275,"event":{"mods":["AchievementEnabler","BaseMod","Colored Map","Colored Powertips","Minty Spire (QoL Compilation)","Quick Restart","StSLib","SuperFastMode"],"gold_per_floor":[119,119,129,52,63,90,90,90,145,145,162,174,174,194,194,290,340,353,105,119,119,129,129,145,163,163,163,163],"floor_reached":27,"language":"KOR","playtime":756,"items_purged":["Strike_G"],"score":217,"play_id":"fae76fb8-e018-4ed7-9a1c-d243c3cbd5b6","local_time":"20210125230115","is_ascension_mode":false,"campfire_choices":[{"data":"Bouncing Flask","floor":7.0,"key":"SMITH"},{"data":"Crippling Poison","floor":13.0,"key":"SMITH"},{"data":"PiercingWail","floor":15.0,"key":"SMITH"},{"data":"Venomology","floor":23.0,"key":"SMITH"}],"circlet_count":0,"master_deck":["Strike_G","Strike_G","Strike_G","Strike_G","Defend_G+1","Defend_G","Defend_G","Defend_G","Defend_G+1","Survivor","Neutralize","Crippling Poison+1","Bouncing Flask+1","Quick Slash","Blur+1","PiercingWail+1","Dagger Spray","Venomology+1","Expertise","Backflip+1","Poisoned Stab","Dagger Spray+1","Footwork","Dodge and Roll","Blur"],"relics":["Ring of the Snake","NeowsBlessing","Centennial Puzzle","Blood Vial","Tiny House","Juzu Bracelet","White Beast Statue"],"acts_visited":["Exordium","TheCity"],"potions_floor_usage":[],"damage_taken":[{"damage":0.0,"enemies":"Cultist","floor":1.0,"turns":1.0},{"damage":0.0,"enemies":"Small Slimes","floor":3.0,"turns":1.0},{"damage":0.0,"enemies":"2 Louse","floor":5.0,"turns":1.0},{"damage":26.0,"enemies":"Gremlin Nob","floor":6.0,"turns":5.0},{"damage":0.0,"enemies":"Exordium Thugs","floor":11.0,"turns":5.0},{"damage":5.0,"enemies":"Lots of Slimes","floor":12.0,"turns":4.0},{"damage":3.0,"enemies":"2 Fungi Beasts","floor":14.0,"turns":3.0},{"damage":12.0,"enemies":"The Guardian","floor":16.0,"turns":9.0},{"damage":0.0,"enemies":"Chosen","floor":18.0,"turns":5.0},{"damage":6.0,"enemies":"2 Thieves","floor":20.0,"turns":4.0},{"damage":20.0,"enemies":"Shelled Parasite and Fungi","floor":22.0,"turns":4.0},{"damage":3.0,"enemies":"Snecko","floor":24.0,"turns":6.0},{"damage":5.0,"enemies":"Cultist and Chosen","floor":25.0,"turns":6.0},{"damage":23,"enemies":"Book of Stabbing","floor":27,"turns":7}],"seed_played":"7016469413335049980","potions_obtained":[{"floor":1.0,"key":"SpeedPotion"},{"floor":3.0,"key":"Weak Potion"},{"floor":6.0,"key":"PowerPotion"},{"floor":16.0,"key":"Block Potion"},{"floor":17.0,"key":"CunningPotion"},{"floor":25.0,"key":"SteroidPotion"}],"is_trial":false,"path_per_floor":["M","?","M","$","M","E","R","?","T","?","M","M","R","M","R","B",null,"M","$","M","?","M","R","M","M","T","E"],"character_chosen":"THE_SILENT","items_purchased":["Bouncing Flask","Juzu Bracelet","Poisoned Stab"],"campfire_rested":0,"item_purchase_floors":[4,19,19],"current_hp_per_floor":[70,56,56,56,56,30,30,35,35,75,75,70,70,69,69,59,80,80,80,74,74,56,56,55,52,52,31,31],"gold":163,"neow_bonus":"THREE_ENEMY_KILL","is_daily":false,"chose_seed":false,"campfire_upgraded":4,"win_rate":0.0,"timestamp":1611583275,"path_taken":["M","?","M","$","M","E","R","?","T","?","M","M","R","?","R","BOSS","M","?","M","?","M","R","M","M","T","E"],"items_purchased_type":["Card","Relic","Card"],"build_version":"2020-12-22","purchased_purges":1,"victory":false,"max_hp_per_floor":[70,70,70,70,70,70,70,75,75,75,75,75,75,75,75,75,80,80,80,80,80,80,80,80,80,80,80,80],"card_choices":[{"not_picked":["Prepared","Poisoned Stab"],"picked":"Crippling Poison","floor":1.0},{"not_picked":["Underhanded Strike","Prepared"],"picked":"Crippling Poison","floor":3.0},{"not_picked":["Cloak And Dagger","Slice"],"picked":"Quick Slash","floor":5.0},{"not_picked":["Unload","Outmaneuver"],"picked":"Blur","floor":6.0},{"not_picked":["Cloak And Dagger","Leg Sweep"],"picked":"PiercingWail","floor":11.0},{"not_picked":["Deflect","Bane","Infinite Blades"],"picked":"SKIP","floor":12.0},{"not_picked":["Poisoned Stab","Predator"],"picked":"Dagger Spray","floor":14.0},{"not_picked":["Phantasmal Killer","Night Terror"],"picked":"Venomology","floor":16.0},{"not_picked":["Slice","Cloak And Dagger"],"picked":"Expertise","floor":17.0},{"not_picked":["Acrobatics","Dagger Throw+1"],"picked":"Backflip+1","floor":18.0},{"not_picked":["Prepared","Deflect"],"picked":"Dagger Spray+1","floor":20.0},{"not_picked":["Distraction","Slice"],"picked":"Footwork","floor":22.0},{"not_picked":["PiercingWail","Quick Slash"],"picked":"Dodge and Roll","floor":24.0},{"not_picked":["Flying Knee","Outmaneuver"],"picked":"Blur","floor":25.0}],"player_experience":104903,"relics_obtained":[{"floor":6.0,"key":"Centennial Puzzle"},{"floor":9.0,"key":"Blood Vial"},{"floor":26.0,"key":"White Beast Statue"}],"event_choices":[{"damage_healed":0.0,"max_hp_gain":0.0,"max_hp_loss":0.0,"gold_gain":0.0,"event_name":"Shining Light","player_choice":"Entered Light","floor":2.0,"gold_loss":0.0,"damage_taken":14.0,"cards_upgraded":["Defend_G","Defend_G"]},{"damage_healed":0.0,"max_hp_gain":5.0,"max_hp_loss":0.0,"gold_gain":0.0,"event_name":"Big Fish","player_choice":"Donut","floor":8.0,"gold_loss":0.0,"damage_taken":0.0},{"cards_removed":["Crippling Poison"],"damage_healed":40.0,"max_hp_gain":0.0,"max_hp_loss":0.0,"gold_gain":0.0,"event_name":"Bonfire Elementals","player_choice":"Offered Uncommon","floor":10.0,"gold_loss":0.0,"damage_taken":0.0},{"damage_healed":0.0,"max_hp_gain":0.0,"max_hp_loss":0.0,"gold_gain":0.0,"event_name":"Vampires","player_choice":"Ignored","floor":21.0,"gold_loss":0.0,"damage_taken":0.0}],"is_beta":false,"boss_relics":[{"not_picked":["Runic Dome","SacredBark"],"picked":"Tiny House"}],"items_purged_floors":[19],"is_endless":false,"potions_floor_spawned":[1,3,6,16,18,25],"killed_by":"Book of Stabbing","ascension_level":0}}