{"host":"c6u7e77myxvw4d0m","time":1611597006,"event":{"mods":["AchievementEnabler","BaseMod","Bestiary","Colored Map","Colored Powertips","Minty Spire (QoL Compilation)","Rare Cards Sparkle","Relic Stats","everything is the same but u backflip on backflip"],"gold_per_floor":[359,377,7,27,87,118,118,153,221,15,44,44,44,59,59,163,163,178,190,210,285,299,299,25,25,25,56,56,83,103,138,138,238,238,253,22,40,40,74,108,108,119,169,10,36,56,68,98,98,98],"floor_reached":51,"language":"ENG","playtime":5436,"items_purged":["Doubt","Strike_R"],"score":1348,"play_id":"ace8c855-0058-48a9-9d9f-2b279613535c","local_time":"20210125195006","is_ascension_mode":true,"campfire_choices":[{"data":"Feed","floor":7.0,"key":"SMITH"},{"data":"Bash","floor":12.0,"key":"SMITH"},{"data":"Pommel Strike","floor":15.0,"key":"SMITH"},{"data":"Bludgeon","floor":23.0,"key":"SMITH"},{"data":"True Grit","floor":25.0,"key":"SMITH"},{"floor":28.0,"key":"REST"},{"floor":32,"key":"REST"},{"floor":41,"key":"REST"},{"data":"Fire Breathing","floor":49,"key":"SMITH"}],"circlet_count":0,"master_deck":["AscendersBane","Strike_R","Strike_R","Strike_R","Strike_R","Defend_R","Defend_R","Defend_R","Defend_R","Bash+1","Carnage","Pommel Strike+1","Feed+1","Sever Soul","Clothesline","Flame Barrier","Pain","Bludgeon+1","Entrench+1","Rampage+1","Offering+1","Magnetism","Fire Breathing+1","True Grit+1","Metallicize+1","Shrug It Off+1","Disarm","Corruption","Whirlwind+1","Bloodletting+1","Feel No Pain+1","Armaments+1","Exhume","Parasite","Rage+1"],"relics":["Burning Blood","Membership Card","Bag of Preparation","StoneCalendar","Regal Pillow","InkBottle","Lee\u0027s Waffle","White Beast Statue","Lantern","WarpedTongs","Velvet Choker","Mercury Hourglass","Red Skull","Singing Bowl","Nunchaku","Snecko Eye","Shuriken","Potion Belt","Charon\u0027s Ashes","Toy Ornithopter","Blue Candle","Boot","Happy Flower"],"acts_visited":["Exordium","TheCity","TheBeyond"],"potions_floor_usage":[31,35,39,39,39,39,40,46,47,50,50,50],"damage_taken":[{"damage":14.0,"enemies":"Small Slimes","floor":1.0,"turns":5.0},{"damage":1.0,"enemies":"Cultist","floor":2.0,"turns":3.0},{"damage":5.0,"enemies":"2 Louse","floor":4.0,"turns":2.0},{"damage":32.0,"enemies":"Gremlin Nob","floor":6.0,"turns":4.0},{"damage":37.0,"enemies":"Lagavulin","floor":8.0,"turns":4.0},{"damage":30.0,"enemies":"3 Sentries","floor":11.0,"turns":6.0},{"damage":4.0,"enemies":"Red Slaver","floor":14.0,"turns":2.0},{"damage":19.0,"enemies":"Slime Boss","floor":16.0,"turns":5.0},{"damage":1.0,"enemies":"Spheric Guardian","floor":18.0,"turns":3.0},{"damage":14.0,"enemies":"2 Thieves","floor":19.0,"turns":5.0},{"damage":34.0,"enemies":"Sentry and Sphere","floor":20.0,"turns":6.0},{"damage":17.0,"enemies":"Cultist and Chosen","floor":22.0,"turns":5.0},{"damage":28.0,"enemies":"Book of Stabbing","floor":27.0,"turns":4.0},{"damage":15.0,"enemies":"Slavers","floor":29.0,"turns":4.0},{"damage":8.0,"enemies":"Centurion and Healer","floor":30.0,"turns":5.0},{"damage":37,"enemies":"Gremlin Leader","floor":31,"turns":7},{"damage":90,"enemies":"Collector","floor":33,"turns":10},{"damage":31,"enemies":"3 Darklings","floor":35,"turns":5},{"damage":6,"enemies":"Orb Walker","floor":37,"turns":2},{"damage":33,"enemies":"Maw","floor":39,"turns":4},{"damage":35,"enemies":"Giant Head","floor":40,"turns":7},{"damage":7,"enemies":"Sphere and 2 Shapes","floor":42,"turns":4},{"damage":34,"enemies":"Reptomancer","floor":45,"turns":6},{"damage":7,"enemies":"4 Shapes","floor":46,"turns":3},{"damage":20,"enemies":"Writhing Mass","floor":47,"turns":5},{"damage":15,"enemies":"Giant Head","floor":48,"turns":7},{"damage":54,"enemies":"Time Eater","floor":50,"turns":8}],"seed_played":"1071966606033543573","potions_obtained":[{"floor":1.0,"key":"Explosive Potion"},{"floor":6.0,"key":"SkillPotion"},{"floor":8.0,"key":"SpeedPotion"},{"floor":11.0,"key":"Fire Potion"},{"floor":14.0,"key":"EntropicBrew"},{"floor":16.0,"key":"SpeedPotion"},{"floor":18.0,"key":"PowerPotion"},{"floor":20.0,"key":"BloodPotion"},{"floor":27.0,"key":"Energy Potion"},{"floor":29.0,"key":"PowerPotion"},{"floor":30.0,"key":"DuplicationPotion"},{"floor":31,"key":"Dexterity Potion"},{"floor":33,"key":"BlessingOfTheForge"},{"floor":35,"key":"Strength Potion"},{"floor":37,"key":"BlessingOfTheForge"},{"floor":39,"key":"ColorlessPotion"},{"floor":40,"key":"SteroidPotion"},{"floor":42,"key":"FairyPotion"},{"floor":45,"key":"BloodPotion"},{"floor":46,"key":"FearPotion"},{"floor":47,"key":"Strength Potion"},{"floor":48,"key":"SteroidPotion"}],"is_trial":false,"path_per_floor":["M","M","$","M","?","E","R","E","T","$","E","R","?","M","R","B",null,"M","M","M","?","M","R","$","R","T","E","R","E","M","E","R","B",null,"M","$","M","?","M","E","R","M","T","$","E","M","M","E","R","B",null],"character_chosen":"IRONCLAD","items_purchased":["Membership Card","Feed","Bag of Preparation","PowerPotion","Lee\u0027s Waffle","White Beast Statue","Offering","Magnetism","Fire Breathing","True Grit","Shuriken","Potion Belt","Energy Potion","Blue Candle","Exhume"],"campfire_rested":3,"item_purchase_floors":[3,3,3,3,10,10,24,24,24,24,36,36,36,44,44],"current_hp_per_floor":[64,69,69,73,73,47,47,20,20,94,74,74,74,76,76,67,93,102,98,74,63,78,78,78,78,78,56,106,101,103,74,127,43,107,86,86,92,92,65,36,92,91,91,91,65,103,98,91,91,58],"gold":98,"neow_bonus":"TWO_FIFTY_GOLD","is_daily":false,"chose_seed":false,"campfire_upgraded":6,"win_rate":0.0,"timestamp":1611597006,"path_taken":["M","M","$","M","?","E","R","E","T","$","E","R","?","?","R","BOSS","M","M","M","?","?","R","$","R","T","E","R","E","M","E","R","BOSS","M","$","?","?","M","E","R","M","T","$","E","M","?","E","R","BOSS"],"items_purchased_type":["Relic","Card","Relic","Potion","Relic","Relic","Card","Card","Card","Card","Relic","Relic","Potion","Relic","Card"],"build_version":"2020-12-22","purchased_purges":2,"victory":true,"max_hp_per_floor":[80,80,80,83,83,83,83,87,87,94,98,98,98,98,98,102,102,106,110,114,114,118,118,118,118,118,118,118,122,126,128,128,128,128,132,132,138,138,138,138,138,138,138,138,140,146,150,152,152,152],"relic_stats":{"Regal Pillow":45,"Lee\u0027s Waffle":74,"Singing Bowl":10,"Happy Flower":[2],"counters":[27,131],"Blue Candle":[2],"StoneCalendar":[131],"Charon\u0027s Ashes":[340],"Bag of Preparation":[50],"Boot":[0],"Burning Blood":162,"WarpedTongs":[107],"Mercury Hourglass":[349],"Nunchaku":[11],"Shuriken":[16],"Snecko Eye":[103,106,107,105],"obtain_stats":[{"Potion Belt":36,"Regal Pillow":8,"Lee\u0027s Waffle":10,"Lantern":11,"Singing Bowl":29,"Happy Flower":48,"Blue Candle":44,"Velvet Choker":17,"StoneCalendar":6,"Charon\u0027s Ashes":40,"Bag of Preparation":3,"Boot":45,"Burning Blood":0,"White Beast Statue":10,"WarpedTongs":13,"Mercury Hourglass":26,"Nunchaku":31,"Shuriken":36,"Snecko Eye":34,"Membership Card":3,"InkBottle":9,"Red Skull":27,"Toy Ornithopter":43},{"Potion Belt":18,"Regal Pillow":5,"Lee\u0027s Waffle":5,"Lantern":6,"Singing Bowl":14,"Happy Flower":26,"Blue Candle":22,"Velvet Choker":8,"StoneCalendar":4,"Charon\u0027s Ashes":21,"Bag of Preparation":2,"Boot":23,"Burning Blood":0,"White Beast Statue":5,"WarpedTongs":6,"Mercury Hourglass":12,"Nunchaku":16,"Shuriken":18,"Snecko Eye":17,"Membership Card":2,"InkBottle":5,"Red Skull":13,"Toy Ornithopter":22},{"Potion Belt":85,"Regal Pillow":18,"Lee\u0027s Waffle":18,"Lantern":24,"Singing Bowl":58,"Happy Flower":123,"Blue Candle":102,"Velvet Choker":31,"StoneCalendar":14,"Charon\u0027s Ashes":98,"Bag of Preparation":8,"Boot":108,"Burning Blood":0,"White Beast Statue":18,"WarpedTongs":24,"Mercury Hourglass":50,"Nunchaku":70,"Shuriken":85,"Snecko Eye":80,"Membership Card":8,"InkBottle":18,"Red Skull":54,"Toy Ornithopter":102}],"InkBottle":[38],"Toy Ornithopter":25},"card_choices":[{"not_picked":["Sword Boomerang","Heavy Blade"],"picked":"Carnage","floor":1.0},{"not_picked":["Carnage","Twin Strike"],"picked":"Pommel Strike","floor":2.0},{"not_picked":["Power Through","Body Slam"],"picked":"Sever Soul","floor":4.0},{"not_picked":["Fiend Fire","Burning Pact"],"picked":"Clothesline","floor":6.0},{"not_picked":["Dual Wield","Metallicize","Headbutt"],"picked":"SKIP","floor":8.0},{"not_picked":["Armaments","Pommel Strike"],"picked":"Flame Barrier","floor":11.0},{"not_picked":["Thunderclap","Bloodletting","True Grit"],"picked":"SKIP","floor":14.0},{"not_picked":["Brutality","Limit Break"],"picked":"Bludgeon","floor":16.0},{"not_picked":["Twin Strike","Flex+1"],"picked":"Entrench+1","floor":18.0},{"not_picked":["Body Slam","Shrug It Off","Thunderclap"],"picked":"SKIP","floor":19.0},{"not_picked":["Sword Boomerang","Anger"],"picked":"Rampage+1","floor":20.0},{"not_picked":["Power Through","Body Slam","Armaments"],"picked":"SKIP","floor":22.0},{"not_picked":["Havoc+1","Feed"],"picked":"Metallicize+1","floor":27.0},{"not_picked":["Dark Embrace","Armaments"],"picked":"Shrug It Off+1","floor":29.0},{"not_picked":["Body Slam","Twin Strike+1"],"picked":"Disarm","floor":30.0},{"not_picked":["Twin Strike+1","Searing Blow","Armaments"],"picked":"Singing Bowl","floor":31},{"not_picked":["Juggernaut","Impervious"],"picked":"Corruption","floor":33},{"not_picked":["Headbutt+1","Thunderclap+1"],"picked":"Whirlwind+1","floor":35},{"not_picked":["Intimidate","Thunderclap+1","Dark Embrace"],"picked":"Singing Bowl","floor":37},{"not_picked":["Clash","Armaments+1"],"picked":"Bloodletting+1","floor":39},{"not_picked":["Battle Trance","Headbutt+1"],"picked":"Feel No Pain+1","floor":40},{"not_picked":["Heavy Blade","Havoc+1"],"picked":"Armaments+1","floor":42},{"not_picked":["Combust","Armaments+1","Shrug It Off"],"picked":"Singing Bowl","floor":45},{"not_picked":["Berserk","Clothesline+1","Havoc+1"],"picked":"Singing Bowl","floor":46},{"not_picked":["Metallicize","Flex+1"],"picked":"Rage+1","floor":47},{"not_picked":["Clothesline","Shrug It Off+1","Thunderclap+1"],"picked":"Singing Bowl","floor":48}],"player_experience":482777,"relics_obtained":[{"floor":6.0,"key":"StoneCalendar"},{"floor":8.0,"key":"Regal Pillow"},{"floor":9.0,"key":"InkBottle"},{"floor":11.0,"key":"Lantern"},{"floor":26.0,"key":"Mercury Hourglass"},{"floor":27.0,"key":"Red Skull"},{"floor":29.0,"key":"Singing Bowl"},{"floor":31,"key":"Nunchaku"},{"floor":40,"key":"Charon\u0027s Ashes"},{"floor":43,"key":"Toy Ornithopter"},{"floor":45,"key":"Boot"},{"floor":48,"key":"Happy Flower"}],"event_choices":[{"damage_healed":0.0,"max_hp_gain":0.0,"max_hp_loss":0.0,"gold_gain":60.0,"event_name":"Golden Wing","player_choice":"Gained Gold","floor":5.0,"gold_loss":0.0,"damage_taken":0.0},{"damage_healed":0.0,"max_hp_gain":0.0,"max_hp_loss":0.0,"gold_gain":0.0,"event_name":"Accursed Blacksmith","player_choice":"Rummage","floor":13.0,"gold_loss":0.0,"damage_taken":0.0,"relics_obtained":["WarpedTongs"],"cards_obtained":["Pain"]},{"damage_healed":0.0,"max_hp_gain":0.0,"max_hp_loss":0.0,"gold_gain":75.0,"event_name":"FaceTrader","player_choice":"Touch","floor":21.0,"gold_loss":0.0,"damage_taken":11.0},{"damage_healed":0,"gold_gain":0,"player_choice":"Upgraded","damage_taken":0,"max_hp_gain":0,"max_hp_loss":0,"event_name":"Upgrade Shrine","floor":38,"gold_loss":0,"cards_upgraded":["Offering"]}],"is_beta":false,"boss_relics":[{"not_picked":["Runic Dome","Black Blood"],"picked":"Velvet Choker"},{"not_picked":["SacredBark","Fusion Hammer"],"picked":"Snecko Eye"}],"items_purged_floors":[3,24],"is_endless":false,"potions_floor_spawned":[1,6,8,11,14,16,18,19,20,22,27,29,30,31,33,35,37,39,40,42,45,46,47,48],"ascension_level":10}}