{"host":"hfxahm4y1ssattqc","time":1611609593,"event":{"mods":["2.2 Compatiblity","Act Like it!","Aspiration","BaseMod","Beaked The Cultist","Better Third Choice","BetterRewards","Colored Map","Colored Powertips","Custom Start","Googly Eyes","Halation","Hallownest","Hermit","Highlight Path","Hubris","Mimic Mod","Minty Spire (QoL Compilation)","Reorder Act Four","Shop Mod","Spikes Relics","StSLib","The Bug Knight","The IronCluck","The Jungle","Unknown Chances","slay the spire mod where everything is the same but ironclad has a cowboy hat"],"gold_per_floor":[109,120,120,134,134,134,151,151,174,174,189,189,218,232,232,329,329,339,98,98,109,109,109,109,109,145,162,197,213,213,213,213,316,316,326,26,44,0,0,0,42,42,89,89,126,126,126,151,151,151,151],"floor_reached":50,"language":"ENG","playtime":3154,"items_purged":[],"score":486,"play_id":"3c254127-b1dc-4118-b904-3f973172341c","local_time":"20210125131953","is_ascension_mode":false,"campfire_choices":[{"data":"Feint","floor":6.0,"key":"SMITH"},{"data":"Apotheosis","floor":10.0,"key":"SMITH"},{"floor":15,"key":"REST"},{"floor":23,"key":"REST"},{"data":"hermit:Scavenge","floor":30,"key":"SMITH"},{"floor":32,"key":"RECALL"},{"data":"hermit:EternalForm","floor":42,"key":"SMITH"},{"data":"hermit:OverwhelmingPower","floor":44,"key":"SMITH"},{"data":"hermit:FatalDesire","floor":47,"key":"SMITH"},{"data":"hermit:Covet","floor":49,"key":"SMITH"}],"circlet_count":0,"master_deck":["hermit:Strike_Hermit","hermit:Strike_Hermit","hermit:Strike_Hermit","hermit:Defend_Hermit","hermit:Defend_Hermit","hermit:Defend_Hermit","hermit:Defend_Hermit","hermit:Snapshot","hermit:Covet+1","Apotheosis+1","hermit:Determination","Feint+1","hermit:Headshot","hermit:Malice","hermit:Determination","hermit:BlackWind","hermit:FatalDesire+1","hermit:Scavenge+1","hermit:EternalForm+1","hermit:OverwhelmingPower+1","hermit:Cheat+1","hermit:Snipe+1"],"relics":["hermit:Momento","hubris:Potato","hubris:Towel","FossilizedHelix","hubris:Backtick","beaked:MendingPlumage","halation:TwoAmDonut","halation:EternalFortune","aspiration:FetidBarrel","aspiration:HummingbirdHeart","Eternal Feather","beaked:SacredDeck","ClockworkSouvenir","PreservedInsect","Red Mask","SpikesRelics:ToyHorsey","halation:QuantumPhysicsTextbook","Incense Burner","CrustySpines","BlackRope"],"acts_visited":["Exordium","TheCity","TheBeyond"],"potions_floor_usage":[14,14,33,33,50,50,50],"damage_taken":[{"damage":3.0,"enemies":"Jaw Worm","floor":1.0,"turns":5.0},{"damage":0.0,"enemies":"2 Louse","floor":2.0,"turns":4.0},{"damage":14.0,"enemies":"Small Slimes","floor":4.0,"turns":4.0},{"damage":12.0,"enemies":"2 Fungi Beasts","floor":7.0,"turns":3.0},{"damage":33.0,"enemies":"3 Louse","floor":11.0,"turns":7.0},{"damage":6,"enemies":"Gremlin Nob","floor":13,"turns":4},{"damage":21,"enemies":"Exordium Thugs","floor":14,"turns":6},{"damage":11,"enemies":"Slime Boss","floor":16,"turns":9},{"damage":30,"enemies":"Spheric Guardian","floor":18,"turns":8},{"damage":33,"enemies":"3 Byrds","floor":21,"turns":8},{"damage":0,"enemies":"3 Cultists","floor":26,"turns":7},{"damage":52,"enemies":"3 Cultists","floor":27,"turns":6},{"damage":8,"enemies":"HollowMod:Nosk","floor":28,"turns":8},{"damage":18,"enemies":"Shelled Parasite and Fungi","floor":29,"turns":9},{"damage":73,"enemies":"Automaton","floor":33,"turns":12},{"damage":3,"enemies":"3 Shapes","floor":35,"turns":4},{"damage":27,"enemies":"Orb Walker","floor":37,"turns":6},{"damage":17,"enemies":"Nemesis","floor":41,"turns":9},{"damage":2,"enemies":"Writhing Mass","floor":43,"turns":6},{"damage":2,"enemies":"Writhing Mass","floor":45,"turns":6},{"damage":2,"enemies":"Writhing Mass","floor":48,"turns":5},{"damage":133,"enemies":"hubris:GrandSnecko","floor":50,"turns":11}],"seed_played":"-5310725558300724145","potions_obtained":[{"floor":7.0,"key":"Explosive Potion"},{"floor":11.0,"key":"ColorlessPotion"},{"floor":13,"key":"FairyPotion"},{"floor":16,"key":"FearPotion"},{"floor":21,"key":"Strength Potion"},{"floor":29,"key":"Fire Potion"},{"floor":33,"key":"Ancient Potion"},{"floor":48,"key":"hermit:BlackBile"}],"is_trial":false,"path_per_floor":["M","M","$","M","?","R","M","$","T","R","M","?","E","M","R","B",null,"M","$","?","M","$","R","?","?","MIM","M","E","M","R","?","R","B",null,"M","$","M","?","?","$","E","R","MIM","R","MIM","$","R","M","R","B"],"character_chosen":"HERMIT","items_purchased":["Apotheosis","hubris:Potato","hermit:Determination","Feint","halation:TwoAmDonut","ClockworkSouvenir","PreservedInsect"],"campfire_rested":2,"item_purchase_floors":[0,0,0,0,19,36,36],"current_hp_per_floor":[72,72,72,58,58,58,46,46,46,46,13,13,7,11,33,22,75,61,61,47,39,39,63,66,83,83,43,61,71,80,80,83,42,83,83,83,68,68,68,68,81,83,83,83,86,86,86,86,86,0,0],"gold":151,"neow_bonus":"","is_daily":false,"chose_seed":false,"campfire_upgraded":7,"win_rate":0.0,"timestamp":1611609593,"path_taken":["M","M","$","M","?","R","M","$","T","R","M","?","E","M","R","BOSS","M","$","?","M","$","R","?","?","MIM","?","E","M","R","?","R","BOSS","M","$","M","?","?","?","E","R","MIM","R","?","$","R","M","R","BOSS"],"items_purchased_type":["Card","Relic","Card","Card","Relic","Relic","Relic"],"build_version":"2020-12-22","purchased_purges":0,"victory":false,"max_hp_per_floor":[75,75,75,75,75,75,75,75,75,75,75,75,75,75,75,75,75,75,75,80,80,80,80,83,83,83,83,83,83,83,83,83,83,83,83,83,83,83,83,83,83,83,83,83,86,86,86,86,86,86,86],"card_choices":[{"not_picked":["hermit:Misfire","hermit:Desperado"],"picked":"hermit:Headshot","floor":1.0},{"not_picked":["hermit:ItchyTrigger","hermit:LowProfile"],"picked":"hermit:Malice","floor":2.0},{"not_picked":["hermit:SprayPray","hermit:Roulette"],"picked":"hermit:Determination","floor":4.0},{"not_picked":["hermit:Manifest","hermit:Misfire","hermit:HighCaliber"],"picked":"SKIP","floor":7.0},{"not_picked":["hermit:Reprieve","hermit:Manifest","hermit:HighCaliber"],"picked":"SKIP","floor":11.0},{"not_picked":["hermit:HighCaliber","hermit:Glare","hermit:Desperado"],"picked":"SKIP","floor":13},{"not_picked":["hermit:Feint","hermit:Manifest","hermit:Headshot"],"picked":"SKIP","floor":14},{"not_picked":["hermit:Purgatory","hermit:Adapt"],"picked":"hermit:BlackWind","floor":16},{"not_picked":["hermit:BodyArmor","hermit:DeadMansHand","hermit:Misfire"],"picked":"SKIP","floor":18},{"not_picked":["hermit:Spite+1","hermit:Brawl"],"picked":"hermit:FatalDesire","floor":21},{"not_picked":["hermit:Misfire","hermit:WideOpen","hermit:Desperado"],"picked":"SKIP","floor":27},{"not_picked":["hermit:LuckOfTheDraw+1","hermit:FlashPowder+1","hermit:Feint+1"],"picked":"SKIP","floor":28},{"not_picked":["hermit:Dive","hermit:Headshot+1"],"picked":"hermit:Scavenge","floor":29},{"not_picked":["hermit:Purgatory","hermit:Dissolve"],"picked":"hermit:EternalForm","floor":33},{"not_picked":["hermit:Desperado","hermit:EyeOfTheStorm","hermit:Grudge"],"picked":"SKIP","floor":35},{"not_picked":["hermit:Snipe","hermit:TrackingShot"],"picked":"hermit:Cheat+1","floor":37},{"not_picked":["hermit:FinalCanter","hermit:Misfire+1","hermit:Virtue+1"],"picked":"SKIP","floor":41},{"not_picked":["hermit:Enervate+1","hermit:Maintenance+1"],"picked":"hermit:Snipe+1","floor":43},{"not_picked":["hermit:Grudge+1","hermit:FullyLoaded","hermit:Purgatory"],"picked":"SKIP","floor":48}],"player_experience":904188,"relics_obtained":[{"floor":13,"key":"FossilizedHelix"},{"floor":26,"key":"aspiration:FetidBarrel"},{"floor":26,"key":"aspiration:HummingbirdHeart"},{"floor":28,"key":"Eternal Feather"},{"floor":41,"key":"SpikesRelics:ToyHorsey"},{"floor":43,"key":"halation:QuantumPhysicsTextbook"},{"floor":43,"key":"Incense Burner"},{"floor":45,"key":"CrustySpines"},{"floor":45,"key":"BlackRope"},{"floor":45,"key":"halation:EternalFortune"}],"event_choices":[{"damage_healed":0.0,"max_hp_gain":0.0,"max_hp_loss":0.0,"gold_gain":1.0,"event_name":"betterThird:BetterScrap","player_choice":"LEAVE","floor":12.0,"gold_loss":0.0,"damage_taken":0.0,"cards_obtained":["Reboot"]},{"damage_healed":0,"gold_gain":0,"player_choice":"Shed Blood","damage_taken":19,"max_hp_gain":5,"max_hp_loss":0,"event_name":"Forgotten Altar","floor":20,"gold_loss":0},{"damage_healed":27,"gold_gain":0,"player_choice":"Heal","damage_taken":0,"max_hp_gain":0,"max_hp_loss":0,"event_name":"The Library","floor":25,"gold_loss":0},{"damage_healed":0,"gold_gain":0,"player_choice":"Ignored","damage_taken":0,"max_hp_gain":0,"max_hp_loss":0,"event_name":"Ghosts","floor":31,"gold_loss":0},{"damage_healed":0,"gold_gain":0,"player_choice":"Paid","damage_taken":0,"relics_obtained":["Red Mask"],"max_hp_gain":0,"max_hp_loss":0,"event_name":"Tomb of Lord Red Mask","floor":38,"gold_loss":44},{"cards_removed":["hermit:Strike_Hermit"],"damage_healed":0,"gold_gain":0,"player_choice":"Removed Attack","damage_taken":0,"max_hp_gain":0,"max_hp_loss":0,"event_name":"Falling","floor":39,"gold_loss":0}],"is_beta":false,"boss_relics":[{"not_picked":["Ectoplasm","Cursed Key"],"picked":"hubris:Backtick"},{"not_picked":["hermit:BartenderGlass","aspiration:FutureDiary"],"picked":"beaked:SacredDeck"}],"items_purged_floors":[],"is_endless":false,"potions_floor_spawned":[7,11,13,16,21,29,33,48],"killed_by":"hubris:GrandSnecko","ascension_level":0}}