{"host":"alk2ftu785mujiir","time":1611615444,"event":{"mods":["BaseMod","Colored Map","Downfall","Minty Spire (QoL Compilation)","StSLib"],"gold_per_floor":[99,399,411,422,422,437,437,537,437,466,378,400,21,38,58,158,158,158,176,187,201,216,516,516,526,561,576,576,608,558,558,571,670,670,570,587,587,587,606,308,333,362,362,382,407,407,407,424,437,437,437,437,437,437],"floor_reached":52,"language":"ENG","playtime":2928,"items_purged":["downfall:Icky","bronze:Strike"],"score":831,"play_id":"05db06b0-a558-4fe8-9c3c-9c8376e675b4","local_time":"20210125175724","is_ascension_mode":false,"campfire_choices":[{"floor":1.0,"key":"RECALL"},{"data":"bronze:Frontload","floor":9.0,"key":"SMITH"},{"floor":11,"key":"REST"},{"data":"Apotheosis","floor":18,"key":"SMITH"},{"data":"bronze:OilSpill","floor":23,"key":"SMITH"},{"data":"bronze:Shell","floor":28,"key":"SMITH"},{"floor":35,"key":"REST"},{"floor":43,"key":"REST"},{"floor":47,"key":"REST"}],"circlet_count":0,"master_deck":["bronze:Strike","bronze:Strike","bronze:Strike","bronze:Defend","bronze:Defend","bronze:Defend","bronze:Defend","bronze:Replicate","bronze:Goto","downfall:Icky","bronze:OilSpill+1","bronze:Frontload+1","bronze:WhirlingStrike","bronze:Safeguard","bronze:WhirlingStrike","bronze:DelayedGuard","Apotheosis+1","bronze:ItsAFeature","bronze:DelayedSlice","bronze:Shield","bronze:Branch","bronze:Repair","bronze:ShipIt","bronze:OilSpill+1","bronze:BronzeOrb","bronze:WildBeam","bronze:FineTuning","bronze:Deprecate","bronze:Shell+1","bronze:BugBarrage","bronze:Repair","bronze:Mutator","bronze:FollowUp+1","expansioncontent:GuardianWhirl","expansioncontent:LastStand","bronze:Philosophize+1","bronze:ItsAFeature","bronze:Boost","bronze:Overload+1","bronze:CleanCode","bronze:FineTuning+1"],"relics":["bronze:BronzeCore","InkBottle","downfall:GremlinWheel","downfall:HeartBlessingRed","MawBank","downfall:HeartBlessingGreen","SlaversCollar","Old Coin","White Beast Statue","Pen Nib","WingedGreaves","Fusion Hammer","downfall:HeartBlessingBlue","Turnip","Boot","MealTicket","Ancient Tea Set","Bottled Lightning"],"acts_visited":["Exordium","TheCity","TheBeyond","TheEnding"],"potions_floor_usage":[21,50,50,50],"damage_taken":[{"damage":7.0,"enemies":"2 Louse","floor":3.0,"turns":3.0},{"damage":0.0,"enemies":"Small Slimes","floor":4.0,"turns":3.0},{"damage":0.0,"enemies":"Cultist","floor":6.0,"turns":3.0},{"damage":12.0,"enemies":"Cultist","floor":8.0,"turns":5.0},{"damage":32.0,"enemies":"Lagavulin","floor":10.0,"turns":8.0},{"damage":0,"enemies":"2 Fungi Beasts","floor":12,"turns":2},{"damage":0,"enemies":"downfall:FleeingMerchant","floor":13,"turns":4},{"damage":0,"enemies":"Exordium Wildlife","floor":14,"turns":3},{"damage":3,"enemies":"3 Louse","floor":15,"turns":3},{"damage":17,"enemies":"DF_ARCHETYPE_STREAMLINE","floor":16,"turns":12},{"damage":11,"enemies":"Spheric Guardian","floor":19,"turns":6},{"damage":2,"enemies":"Cultist and Chosen","floor":20,"turns":5},{"damage":10,"enemies":"Snake Plant","floor":21,"turns":4},{"damage":17,"enemies":"Snecko","floor":22,"turns":6},{"damage":2,"enemies":"Centurion and Healer","floor":25,"turns":6},{"damage":14,"enemies":"Book of Stabbing","floor":26,"turns":5},{"damage":8,"enemies":"Snake Plant","floor":27,"turns":4},{"damage":27,"enemies":"Gremlin Leader","floor":29,"turns":7},{"damage":5,"enemies":"Cultist and Chosen","floor":32,"turns":6},{"damage":0,"enemies":"WA_ARCHETYPE_CALM","floor":33,"turns":5},{"damage":8,"enemies":"3 Darklings","floor":36,"turns":6},{"damage":5,"enemies":"Orb Walker","floor":39,"turns":5},{"damage":0,"enemies":"downfall:FleeingMerchant","floor":40,"turns":4},{"damage":43,"enemies":"Giant Head","floor":42,"turns":8},{"damage":30,"enemies":"Spire Growth","floor":44,"turns":6},{"damage":26,"enemies":"Reptomancer","floor":45,"turns":5},{"damage":0,"enemies":"3 Darklings","floor":48,"turns":2},{"damage":13,"enemies":"Maw","floor":49,"turns":7},{"damage":71,"enemies":"IC_BLOCK_ARCHETYPE","floor":50,"turns":10},{"damage":97,"enemies":"downfall:CharBossMerchant","floor":52,"turns":7}],"seed_played":"-6797930221674548027","potions_obtained":[{"floor":4.0,"key":"AttackPotion"},{"floor":8.0,"key":"Ancient Potion"},{"floor":14,"key":"SteroidPotion"},{"floor":15,"key":"AttackPotion"},{"floor":25,"key":"bronze:BurnAndBuffPotion"},{"floor":29,"key":"Explosive Potion"},{"floor":36,"key":"PowerPotion"},{"floor":45,"key":"bronze:CleanCodePotion"}],"is_trial":false,"path_per_floor":["R","?","M","M","?","M","T","?","R","E","R","M","$","M","M","B",null,"R","M","M","M","M","R","T","M","E","M","R","E","?","T","M","B",null,"R","M","?","?","M","$","T","E","R","M","E","?","R","M","M","B",null,"E"],"character_chosen":"THE_AUTOMATON","items_purchased":["Apotheosis","bronze:ItsAFeature","bronze:DelayedSlice","bronze:Shield","bronze:Boost","Boot"],"campfire_rested":4,"item_purchase_floors":[13,13,13,13,40,40],"current_hp_per_floor":[77,77,70,70,70,70,70,58,58,26,49,49,49,49,46,39,77,77,70,75,73,60,60,60,68,61,53,53,37,66,66,71,77,77,87,87,87,82,82,87,87,44,70,54,38,38,64,64,71,21,87,0,0,0],"gold":437,"neow_bonus":"TEN_PERCENT_HP_BONUS","is_daily":false,"chose_seed":false,"campfire_upgraded":4,"win_rate":0.0,"timestamp":1611615444,"path_taken":["R","?","M","M","?","M","T","?","R","E","R","M","$","M","M","BOSS","R","M","?","M","M","R","T","M","E","M","R","E","?","?","M","BOSS","R","M","?","?","M","$","T","E","R","M","E","?","R","?","M","BOSS","E"],"items_purchased_type":["Card","Card","Card","Card","Card","Relic"],"build_version":"2020-12-22","purchased_purges":2,"victory":false,"max_hp_per_floor":[77,77,77,77,77,77,77,77,77,77,77,77,77,77,77,77,77,77,77,77,77,77,77,77,77,77,77,77,77,77,77,77,77,77,87,87,87,87,87,87,87,87,87,87,87,87,87,87,87,87,87,87,87,87],"card_choices":[{"not_picked":["bronze:Branch","bronze:BuggyMess"],"picked":"bronze:OilSpill","floor":3.0},{"not_picked":["bronze:Shell","bronze:CutThrough"],"picked":"bronze:Frontload","floor":4.0},{"not_picked":["bronze:Frontload","bronze:Deprecate"],"picked":"bronze:WhirlingStrike","floor":6.0},{"not_picked":["bronze:Frontload","bronze:BuggyMess"],"picked":"bronze:Safeguard","floor":10.0},{"not_picked":["bronze:Frontload","bronze:NullPointer"],"picked":"bronze:WhirlingStrike","floor":12},{"not_picked":["bronze:CloningBeam","bronze:DigitalCarnage"],"picked":"bronze:DelayedGuard","floor":13},{"not_picked":["bronze:Overload","bronze:HardenedForm"],"picked":"bronze:Branch","floor":14},{"not_picked":["bronze:DelayedSlice","bronze:BugBarrage"],"picked":"bronze:Repair","floor":15},{"not_picked":["bronze:HardenedForm","bronze:Format"],"picked":"bronze:ShipIt","floor":16},{"not_picked":["bronze:DelayedGuard","bronze:ClassDefault"],"picked":"bronze:OilSpill","floor":19},{"not_picked":["bronze:Turbo","bronze:Frontload"],"picked":"bronze:BronzeOrb","floor":20},{"not_picked":["bronze:ForceShield","bronze:Frontload","bronze:BuggyMess"],"picked":"SKIP","floor":21},{"not_picked":["bronze:Frontload","bronze:Overheat"],"picked":"bronze:WildBeam","floor":22},{"not_picked":["bronze:Shell","bronze:Invalidate"],"picked":"bronze:FineTuning","floor":25},{"not_picked":["bronze:HyperBeam","bronze:WildBeam+1"],"picked":"bronze:Deprecate","floor":26},{"not_picked":["bronze:FineTuning","bronze:Overload"],"picked":"bronze:Shell","floor":27},{"not_picked":["bronze:ForceShield","bronze:Repulsor+1"],"picked":"bronze:BugBarrage","floor":29},{"not_picked":["bronze:Shell","bronze:BuggyMess"],"picked":"bronze:Repair","floor":32},{"not_picked":["bronze:ThunderWave","bronze:Assembly"],"picked":"bronze:Mutator","floor":33},{"not_picked":["bronze:DelayedSlice+1","bronze:BitShift"],"picked":"bronze:FollowUp+1","floor":36},{"not_picked":["expansioncontent:PrepareCrush","expansioncontent:AwakenDeath"],"picked":"expansioncontent:GuardianWhirl","floor":38},{"not_picked":["expansioncontent:Hexaburn","expansioncontent:AwakenDeath"],"picked":"expansioncontent:LastStand","floor":38},{"not_picked":["bronze:WildBeam+1","bronze:Repulsor+1"],"picked":"bronze:Philosophize+1","floor":39},{"not_picked":["bronze:DelayedGuard+1","bronze:Turbo"],"picked":"bronze:ItsAFeature","floor":40},{"not_picked":["bronze:Repulsor+1","bronze:Shield+1"],"picked":"bronze:Overload+1","floor":42},{"not_picked":["bronze:Deprecate","bronze:CutThrough"],"picked":"bronze:CleanCode","floor":44},{"not_picked":["bronze:DelayedGuard+1","bronze:CloningBeam"],"picked":"bronze:FineTuning+1","floor":45},{"not_picked":["bronze:Overheat+1","bronze:BitShift+1","bronze:Turbo"],"picked":"SKIP","floor":48},{"not_picked":["bronze:BitShift+1","bronze:Deprecate","bronze:Safeguard"],"picked":"SKIP","floor":49}],"player_experience":1771414,"relics_obtained":[{"floor":7.0,"key":"InkBottle"},{"floor":8.0,"key":"downfall:GremlinWheel"},{"floor":10.0,"key":"MawBank"},{"floor":23,"key":"Old Coin"},{"floor":24,"key":"White Beast Statue"},{"floor":26,"key":"Pen Nib"},{"floor":29,"key":"WingedGreaves"},{"floor":37,"key":"Turnip"},{"floor":41,"key":"MealTicket"},{"floor":42,"key":"Ancient Tea Set"},{"floor":45,"key":"Bottled Lightning"}],"event_choices":[{"damage_healed":0.0,"max_hp_gain":0.0,"max_hp_loss":0.0,"gold_gain":0.0,"event_name":"Living Wall","player_choice":"Grow","floor":5.0,"gold_loss":0.0,"damage_taken":0.0,"cards_upgraded":["bronze:OilSpill"]},{"damage_healed":0,"gold_gain":0,"player_choice":"Relic","damage_taken":0,"max_hp_gain":0,"max_hp_loss":0,"event_name":"Wheel of Change","floor":23,"gold_loss":0}],"is_beta":false,"boss_relics":[{"not_picked":["expansioncontent:StudyCardRelic","Black Star"],"picked":"SlaversCollar"},{"not_picked":["Coffee Dripper","Pandora\u0027s Box"],"picked":"Fusion Hammer"}],"items_purged_floors":[13,40],"is_endless":false,"potions_floor_spawned":[4,8,14,15,19,25,26,27,29,32,33,36,39,40,42,44,45,48,49],"killed_by":"downfall:CharBossMerchant","ascension_level":0}}