{"host":"3vhe2wr81aw5r9bm","time":1611537649,"event":{"mods":["AchievementEnabler","BaseMod","Colored Powertips","Hermit","Lobotomy","Minty Spire (QoL Compilation)","Quick Restart","Replay The Spire","StSLib"],"gold_per_floor":[110,110,121,134,195,195,195,195],"floor_reached":7,"language":"ENG","playtime":476,"items_purged":[],"score":43,"play_id":"8b9c579b-1d5b-4f84-a060-1b1890694ea9","local_time":"20210124202049","is_ascension_mode":true,"campfire_choices":[{"data":"ReplayTheSpireMod:Repulse","floor":6,"key":"SMITH"}],"circlet_count":0,"master_deck":["hermit:Strike_Hermit","hermit:Strike_Hermit","hermit:Strike_Hermit","hermit:Strike_Hermit","hermit:Defend_Hermit","hermit:Defend_Hermit","hermit:Defend_Hermit","hermit:Defend_Hermit","hermit:Snapshot","hermit:Covet","OSAHOGD","hermit:Coalescence","Spreading Infection","ShyLook","Purity","LittlePrince","ReplayTheSpireMod:Repulse+1"],"relics":["hermit:Momento","CogitoBucket","PrismaticShard"],"acts_visited":["Exordium"],"potions_floor_usage":[7],"damage_taken":[{"damage":0,"enemies":"Small Slimes","floor":1,"turns":3},{"damage":8,"enemies":"Jaw Worm","floor":3,"turns":4},{"damage":7,"enemies":"2 Louse","floor":4,"turns":3},{"damage":73,"enemies":"Gremlin Nob","floor":7,"turns":5}],"seed_played":"734361548025942057","potions_obtained":[{"floor":4,"key":"Swift Potion"}],"is_trial":false,"path_per_floor":["M","?","M","M","?","R","E"],"character_chosen":"HERMIT","items_purchased":[],"campfire_rested":0,"item_purchase_floors":[],"current_hp_per_floor":[75,75,67,60,60,60,0,0],"gold":195,"neow_bonus":"","is_daily":false,"chose_seed":false,"campfire_upgraded":1,"win_rate":0.0,"timestamp":1611537649,"path_taken":["M","?","M","M","?","R","E"],"items_purchased_type":[],"build_version":"2020-12-22","purchased_purges":0,"victory":false,"max_hp_per_floor":[75,75,75,75,75,75,75,75],"card_choices":[{"not_picked":["BeautyBeast","PunishingBird"],"picked":"OSAHOGD","floor":1},{"not_picked":["hermit:WideOpen","hermit:Manifest"],"picked":"hermit:Coalescence","floor":1},{"not_picked":["SpiderBud","BeautyBeast"],"picked":"ShyLook","floor":3},{"not_picked":["Replay:ManipulateFuture","hermit:SprayPray"],"picked":"Purity","floor":3},{"not_picked":["BigBadWolf","Bloodbath"],"picked":"LittlePrince","floor":4},{"not_picked":["Hologram","FollowUp"],"picked":"ReplayTheSpireMod:Repulse","floor":4}],"player_experience":330101,"relics_obtained":[],"event_choices":[{"damage_healed":0,"gold_gain":61,"player_choice":"Gained Gold","damage_taken":0,"max_hp_gain":0,"max_hp_loss":0,"event_name":"Golden Wing","floor":5,"gold_loss":0}],"is_beta":false,"boss_relics":[],"items_purged_floors":[],"is_endless":false,"potions_floor_spawned":[4],"killed_by":"Gremlin Nob","ascension_level":1}}