{"host":"oi6p1guiqfwwvxym","time":1611562473,"event":{"mods":["BaseMod","Bestiary","Colored Map","Minty Spire (QoL Compilation)","Relic Stats"],"gold_per_floor":[111,131,143,143,143,170,170,203,203,217,217,217,252,271,271,346,346,361,371,371,371,321,321,321],"floor_reached":23,"language":"ENG","playtime":887,"items_purged":[],"score":408,"play_id":"869eb0c3-9b8d-4cf0-b3ab-92332350b4e7","local_time":"20210125001433","is_ascension_mode":true,"campfire_choices":[{"floor":7,"key":"REST"},{"floor":11,"key":"REST"},{"floor":15,"key":"REST"}],"circlet_count":0,"master_deck":["AscendersBane","Bash","Perfected Strike","Feel No Pain","Infernal Blade+1","Metallicize","Clothesline","Battle Trance","Thunderclap","Feed","Hemokinesis","Wild Strike","Intimidate","Feed+1","Perfected Strike","Bludgeon","Pommel Strike","Pummel","Armaments+1"],"relics":["Sozu","White Beast Statue","Singing Bowl","Red Skull","InkBottle","Omamori","Pandora\u0027s Box"],"acts_visited":["Exordium","TheCity"],"potions_floor_usage":[],"damage_taken":[{"damage":0,"enemies":"2 Louse","floor":1,"turns":3},{"damage":0,"enemies":"Cultist","floor":2,"turns":2},{"damage":0,"enemies":"Small Slimes","floor":3,"turns":3},{"damage":31,"enemies":"Gremlin Nob","floor":6,"turns":4},{"damage":24,"enemies":"Lagavulin","floor":8,"turns":5},{"damage":0,"enemies":"Gremlin Gang","floor":10,"turns":4},{"damage":34,"enemies":"3 Sentries","floor":13,"turns":6},{"damage":1,"enemies":"3 Louse","floor":14,"turns":2},{"damage":24,"enemies":"Hexaghost","floor":16,"turns":9},{"damage":21,"enemies":"Shell Parasite","floor":18,"turns":2},{"damage":10,"enemies":"2 Thieves","floor":19,"turns":2},{"damage":30,"enemies":"Slavers","floor":23,"turns":1}],"seed_played":"-5321944620772758528","potions_obtained":[],"is_trial":false,"path_per_floor":["M","M","M","?","?","E","R","E","T","M","R","?","E","M","R","B",null,"M","M","?","?","?","E"],"character_chosen":"IRONCLAD","items_purchased":[],"campfire_rested":3,"item_purchase_floors":[],"current_hp_per_floor":[68,68,68,57,53,22,44,20,20,20,42,42,8,7,29,5,58,37,29,29,29,29,0,0],"gold":321,"neow_bonus":"BOSS_RELIC","is_daily":false,"chose_seed":false,"campfire_upgraded":0,"win_rate":0.0,"timestamp":1611562473,"path_taken":["M","M","M","?","?","E","R","E","T","?","R","?","E","M","R","BOSS","M","M","?","?","?","E"],"items_purchased_type":[],"build_version":"2020-12-22","purchased_purges":0,"victory":false,"max_hp_per_floor":[75,75,75,75,75,75,75,75,75,75,75,75,75,75,75,75,75,75,77,77,77,77,77,77],"relic_stats":{"Sozu":9,"Singing Bowl":2,"counters":[12,43],"Pandora\u0027s Box":["Hemokinesis","Wild Strike","Intimidate","Feed","Perfected Strike","Bludgeon","Pommel Strike","Pummel"],"obtain_stats":[{"Sozu":0,"Singing Bowl":6,"Pandora\u0027s Box":17,"Omamori":13,"Burning Blood":0,"White Beast Statue":4,"Red Skull":8,"InkBottle":9},{"Sozu":0,"Singing Bowl":4,"Pandora\u0027s Box":9,"Omamori":7,"Burning Blood":0,"White Beast Statue":3,"Red Skull":5,"InkBottle":5},{"Sozu":0,"Singing Bowl":12,"Pandora\u0027s Box":38,"Omamori":27,"Burning Blood":0,"White Beast Statue":8,"Red Skull":17,"InkBottle":17}],"InkBottle":[4]},"card_choices":[{"not_picked":["Sword Boomerang","Thunderclap"],"picked":"Wild Strike","floor":1},{"not_picked":["Anger","Body Slam"],"picked":"Perfected Strike","floor":2},{"not_picked":["Sword Boomerang","Inflame"],"picked":"Feel No Pain","floor":3},{"not_picked":["Iron Wave","Thunderclap"],"picked":"Infernal Blade","floor":6},{"not_picked":["Sentinel","Body Slam"],"picked":"Metallicize","floor":8},{"not_picked":["Combust","Pommel Strike"],"picked":"Clothesline","floor":10},{"not_picked":["Feel No Pain","Havoc"],"picked":"Battle Trance","floor":13},{"not_picked":["Pommel Strike","Body Slam"],"picked":"Thunderclap","floor":14},{"not_picked":["Double Tap","Impervious"],"picked":"Feed","floor":16},{"not_picked":["Warcry","Dual Wield"],"picked":"Armaments+1","floor":18},{"not_picked":["Headbutt","Searing Blow","Clash"],"picked":"Singing Bowl","floor":19}],"player_experience":389569,"relics_obtained":[{"floor":6,"key":"Singing Bowl"},{"floor":8,"key":"Red Skull"},{"floor":9,"key":"InkBottle"},{"floor":13,"key":"Omamori"}],"event_choices":[{"damage_healed":0,"gold_gain":0,"player_choice":"Success","damage_taken":11,"relics_obtained":["White Beast Statue"],"max_hp_gain":0,"max_hp_loss":0,"event_name":"Scrap Ooze","floor":4,"gold_loss":0},{"damage_healed":0,"gold_gain":0,"player_choice":"Bought 0 Potions","damage_taken":0,"max_hp_gain":0,"max_hp_loss":0,"event_name":"The Woman in Blue","floor":5,"gold_loss":0},{"cards_removed":["Strike_R"],"damage_healed":0,"gold_gain":0,"player_choice":"Purged","damage_taken":0,"max_hp_gain":0,"max_hp_loss":0,"event_name":"Purifier","floor":12,"gold_loss":0},{"cards_removed":["Wild Strike"],"damage_healed":0,"gold_gain":0,"player_choice":"Elegance","damage_taken":0,"max_hp_gain":0,"max_hp_loss":0,"event_name":"Back to Basics","floor":20,"gold_loss":0},{"damage_healed":0,"gold_gain":0,"player_choice":"Smashed Altar","damage_taken":0,"max_hp_gain":0,"max_hp_loss":0,"event_name":"Forgotten Altar","floor":21,"gold_loss":0,"cards_obtained":["Decay"]},{"damage_healed":0,"gold_gain":0,"player_choice":"Upgraded Two","damage_taken":0,"max_hp_gain":0,"max_hp_loss":0,"event_name":"Designer","floor":22,"gold_loss":50,"cards_upgraded":["Infernal Blade","Feed"]}],"is_beta":false,"boss_relics":[{"not_picked":["Coffee Dripper","Snecko Eye"],"picked":"Pandora\u0027s Box"}],"items_purged_floors":[],"is_endless":false,"potions_floor_spawned":[3,6,8,10,13,14,16,18,19],"killed_by":"Slavers","ascension_level":19}}