{"host":"j0rajrfs2q3wozdq","time":1611587898,"event":{"mods":["BaseMod","Colored Powertips","HololiveMod","Koishi","Lobotomy","LobotomyExtend","Minty Spire (QoL Compilation)","Prisma Mod","Quick Restart","Remilia¡]Á¢¦Ì²ú?¡^","Replay The Spire","Shop Mod","StSLib","The Alterego","WarShipGirlsR/??¤Ö¤kR mod","Yakumo Yukari mod","Youmu¡]»î¾z§¯?¡^"],"gold_per_floor":[118,118,130,150,150,176,176,74,74,91,166,18,18,18],"floor_reached":13,"language":"ZHS","playtime":830,"items_purged":["alterego_mod:Strike"],"score":83,"play_id":"75ffbdad-7765-4dbd-a928-5b3e596e623e","local_time":"20210125231818","is_ascension_mode":false,"campfire_choices":[{"data":"alterego_mod:SakuraLabyrinth","floor":7,"key":"SMITH"}],"circlet_count":0,"master_deck":["alterego_mod:Strike","alterego_mod:Strike","alterego_mod:Strike","alterego_mod:Defend","alterego_mod:Defend","alterego_mod:Defend","alterego_mod:Defend","alterego_mod:Impale","alterego_mod:BigMeatyClaws","alterego_mod:BrynhildrsRune","alterego_mod:SakuraLabyrinth+1","alterego_mod:Mirror","Bloodbath","alterego_mod:Skirt"],"relics":["alterego_mod:MasochisticConstitution","CogitoBucket","ReplayTheSpireMod:Lightbulb","Chameleon Ring","HandDrill"],"acts_visited":["Exordium"],"potions_floor_usage":[],"damage_taken":[{"damage":1,"enemies":"Jaw Worm","floor":1,"turns":4},{"damage":5,"enemies":"2 Louse","floor":3,"turns":5},{"damage":1,"enemies":"Small Slimes","floor":4,"turns":6},{"damage":65,"enemies":"3 Sentries","floor":6,"turns":19},{"damage":12,"enemies":"2 Fungi Beasts","floor":10,"turns":7},{"damage":14,"enemies":"Lagavulin","floor":13,"turns":5}],"seed_played":"4335005186945681381","potions_obtained":[{"floor":1,"key":"Energy Potion"},{"floor":6,"key":"Elixir"},{"floor":10,"key":"ColorlessPotion"}],"is_trial":false,"path_per_floor":["M","?","M","M","?","E","R","$","T","M","?","$","E"],"character_chosen":"The_Alterego","items_purchased":["alterego_mod:Mirror","HandDrill"],"campfire_rested":0,"item_purchase_floors":[8,12],"current_hp_per_floor":[70,70,72,72,77,20,20,20,20,23,12,12,0,0],"gold":18,"neow_bonus":"","is_daily":false,"chose_seed":false,"campfire_upgraded":1,"win_rate":0.0,"timestamp":1611587898,"path_taken":["M","?","M","M","?","E","R","$","T","M","?","$","E"],"items_purchased_type":["Card","Relic"],"build_version":"2020-12-22","purchased_purges":1,"victory":false,"max_hp_per_floor":[71,71,72,73,78,79,79,79,79,80,80,80,80,80],"card_choices":[{"not_picked":["alterego_mod:DestructionOfProperty","alterego_mod:TrashNCrash"],"picked":"alterego_mod:SakuraLabyrinth","floor":1},{"not_picked":["alterego_mod:Smother","alterego_mod:Clap","alterego_mod:Skirt"],"picked":"SKIP","floor":3},{"not_picked":["alterego_mod:Antipathy","alterego_mod:Rip","alterego_mod:SuperDuperMasochism"],"picked":"SKIP","floor":4},{"not_picked":["alterego_mod:RingBreak","alterego_mod:DeftHands","alterego_mod:BiFurious"],"picked":"SKIP","floor":6},{"not_picked":["CherryBlossoms","QueenOfHatred"],"picked":"Bloodbath","floor":10},{"not_picked":["alterego_mod:GoddessCore","alterego_mod:BiFurious"],"picked":"alterego_mod:Skirt","floor":10}],"player_experience":33787,"relics_obtained":[{"floor":6,"key":"ReplayTheSpireMod:Lightbulb"},{"floor":9,"key":"Chameleon Ring"}],"event_choices":[{"damage_healed":0,"gold_gain":0,"player_choice":"Donut","damage_taken":0,"max_hp_gain":5,"max_hp_loss":0,"event_name":"Big Fish","floor":5,"gold_loss":0},{"damage_healed":0,"gold_gain":75,"player_choice":"Gather Gold","damage_taken":11,"max_hp_gain":0,"max_hp_loss":0,"event_name":"World of Goop","floor":11,"gold_loss":0}],"is_beta":false,"boss_relics":[],"items_purged_floors":[8],"is_endless":false,"potions_floor_spawned":[1,6,10],"killed_by":"Lagavulin","ascension_level":0}}