{"host":"opyh6vr790e42ffe","time":1611555350,"event":{"mods":["BaseMod","Bestiary","Colored Map","Highlight Path","Minty Spire (QoL Compilation)","Relic Stats","StSLib"],"gold_per_floor":[113,129,0,15,15,15,41,41,116,150,150,165,175,188,188,290,290,307,324,423,437,24,50,64,64,64,64,64,77,77,108,108,266,266,311,392,492,503,503,503,63,112,112,112,172,184,184,246,246,276,276,276,12,41,41],"floor_reached":56,"language":"ENG","playtime":8518,"items_purged":["Vigilance","CutThroughFate"],"score":1462,"play_id":"ee2803ee-ba84-4979-b5b0-7ba627e1a88e","local_time":"20210124221550","is_ascension_mode":true,"campfire_choices":[{"data":"Meditate","floor":6,"key":"SMITH"},{"data":"CrushJoints","floor":8,"key":"SMITH"},{"data":"Tantrum","floor":11,"key":"SMITH"},{"floor":15,"key":"REST"},{"data":"TalkToTheHand","floor":28,"key":"SMITH"},{"data":"Eruption","floor":30,"key":"SMITH"},{"data":"Writhe","floor":32,"key":"PURGE"},{"data":"Brilliance","floor":40,"key":"PURGE"},{"floor":47,"key":"RECALL"},{"data":"Consecrate","floor":49,"key":"PURGE"},{"data":"Perseverance+1","floor":52,"key":"PURGE"}],"circlet_count":0,"master_deck":["Eruption+1","Wireheading","Tantrum+1","Meditate+1","FlurryOfBlows+1","CrushJoints+1","DevaForm+1","Evaluate+1","Halt+1","ClearTheMind+1","Omniscience+1","Indignation+1","Wallop+1","BattleHymn","WaveOfTheHand+1","TalkToTheHand+1","EmptyBody+1","DeceiveReality+1","Evaluate+1","Protect+1","Meditate+1","Wish+1","Adaptation+1","MasterReality","FlurryOfBlows+1","EmptyMind+1","Study","Worship+1","LikeWater+1","Fasting2","EmptyBody+1","Halt+1"],"relics":["Sozu","Strawberry","Toxic Egg 2","Tiny Chest","Pandora\u0027s Box","Dead Branch","Eternal Feather","TeardropLocket","Mummified Hand","Peace Pipe","Runic Pyramid","Happy Flower","OrangePellets","Pantograph","Bronze Scales","Whetstone","Blood Vial","Chemical X","Toy Ornithopter"],"acts_visited":["Exordium","TheCity","TheBeyond","TheEnding"],"potions_floor_usage":[],"damage_taken":[{"damage":0,"enemies":"Cultist","floor":1,"turns":3},{"damage":6,"enemies":"Jaw Worm","floor":2,"turns":4},{"damage":0,"enemies":"Small Slimes","floor":4,"turns":2},{"damage":8,"enemies":"Gremlin Nob","floor":7,"turns":3},{"damage":17,"enemies":"3 Sentries","floor":10,"turns":5},{"damage":10,"enemies":"Looter","floor":12,"turns":3},{"damage":0,"enemies":"Large Slime","floor":13,"turns":3},{"damage":3,"enemies":"3 Louse","floor":14,"turns":2},{"damage":0,"enemies":"Slime Boss","floor":16,"turns":3},{"damage":10,"enemies":"Shell Parasite","floor":18,"turns":3},{"damage":10,"enemies":"2 Thieves","floor":19,"turns":3},{"damage":0,"enemies":"Cultist and Chosen","floor":21,"turns":5},{"damage":32,"enemies":"Slavers","floor":23,"turns":6},{"damage":0,"enemies":"Snecko","floor":24,"turns":4},{"damage":3,"enemies":"Snake Plant","floor":29,"turns":5},{"damage":9,"enemies":"Book of Stabbing","floor":31,"turns":4},{"damage":0,"enemies":"Champ","floor":33,"turns":7},{"damage":0,"enemies":"Orb Walker","floor":35,"turns":4},{"damage":0,"enemies":"3 Shapes","floor":38,"turns":3},{"damage":28,"enemies":"Writhing Mass","floor":42,"turns":8},{"damage":0,"enemies":"Nemesis","floor":45,"turns":5},{"damage":3,"enemies":"Jaw Worm Horde","floor":46,"turns":3},{"damage":0,"enemies":"Giant Head","floor":48,"turns":6},{"damage":17,"enemies":"Awakened One","floor":50,"turns":9},{"damage":18,"enemies":"Shield and Spear","floor":54,"turns":4},{"damage":20,"enemies":"The Heart","floor":55,"turns":6}],"seed_played":"-5304944347588014636","potions_obtained":[],"is_trial":false,"path_per_floor":["M","M","$","M","?","R","E","R","T","E","R","M","M","M","R","B",null,"M","M","?","M","$","E","M","?","T","?","R","M","R","E","R","B",null,"M","T","?","M","?","R","$","M","T","T","E","M","R","E","R","B",null,"R","$","E","B",null],"character_chosen":"WATCHER","items_purchased":["Meditate","FlurryOfBlows","Dead Branch","Evaluate+1","Happy Flower","OrangePellets","Study","Fasting2","Chemical X","EmptyBody+1"],"campfire_rested":1,"item_purchase_floors":[3,3,22,22,41,41,41,53,53,53],"current_hp_per_floor":[72,66,66,66,59,59,58,58,58,41,41,31,31,28,51,51,79,69,59,59,59,59,27,27,27,27,27,42,39,54,45,60,60,79,79,79,79,79,79,79,79,51,51,51,51,48,66,66,79,62,79,79,79,61,59],"gold":41,"neow_bonus":"BOSS_RELIC","is_daily":false,"chose_seed":false,"campfire_upgraded":5,"win_rate":0.0,"timestamp":1611555350,"path_taken":["M","M","?","M","?","R","E","R","T","E","R","M","M","M","R","BOSS","M","M","?","M","$","E","M","?","T","?","R","M","R","E","R","BOSS","M","?","?","?","?","R","$","M","T","?","E","M","R","E","R","BOSS","R","$","E","BOSS"],"items_purchased_type":["Card","Card","Relic","Card","Relic","Relic","Card","Card","Relic","Card"],"build_version":"2020-12-22","purchased_purges":2,"victory":true,"max_hp_per_floor":[72,72,72,72,72,72,79,79,79,79,79,79,79,79,79,79,79,79,79,79,79,79,79,79,79,79,79,79,79,79,79,79,79,79,79,79,79,79,79,79,79,79,79,79,79,79,79,79,79,79,79,79,79,79,79],"relic_stats":{"Happy Flower":[13],"counters":[26,113],"Dead Branch":[121],"Eternal Feather":76,"Whetstone":["Wallop","FlurryOfBlows"],"Sozu":13,"Peace Pipe":4,"Blood Vial":2,"OrangePellets":[8],"Mummified Hand":[105],"Pantograph":16,"Bronze Scales":[156],"Tiny Chest":2,"Pandora\u0027s Box":["Brilliance","Indignation","Wallop","CutThroughFate","BattleHymn","WaveOfTheHand","Perseverance"],"Chemical X":[1],"obtain_stats":[{"Happy Flower":41,"Dead Branch":22,"Eternal Feather":23,"TeardropLocket":26,"Whetstone":45,"Sozu":0,"Peace Pipe":31,"Blood Vial":48,"OrangePellets":41,"Mummified Hand":27,"Strawberry":7,"Pantograph":43,"Bronze Scales":44,"Tiny Chest":10,"Pandora\u0027s Box":17,"Chemical X":53,"PureWater":0,"Toxic Egg 2":9,"Toy Ornithopter":54,"Runic Pyramid":34},{"Happy Flower":19,"Dead Branch":12,"Eternal Feather":13,"TeardropLocket":14,"Whetstone":21,"Sozu":0,"Peace Pipe":16,"Blood Vial":23,"OrangePellets":19,"Mummified Hand":14,"Strawberry":4,"Pantograph":20,"Bronze Scales":20,"Tiny Chest":5,"Pandora\u0027s Box":9,"Chemical X":24,"PureWater":0,"Toxic Egg 2":4,"Toy Ornithopter":25,"Runic Pyramid":17},{"Happy Flower":72,"Dead Branch":39,"Eternal Feather":45,"TeardropLocket":49,"Whetstone":85,"Sozu":0,"Peace Pipe":58,"Blood Vial":94,"OrangePellets":72,"Mummified Hand":49,"Strawberry":12,"Pantograph":80,"Bronze Scales":80,"Tiny Chest":17,"Pandora\u0027s Box":28,"Chemical X":103,"PureWater":0,"Toxic Egg 2":12,"Toy Ornithopter":107,"Runic Pyramid":65}],"Toy Ornithopter":0},"card_choices":[{"not_picked":["ClearTheMind","EmptyBody"],"picked":"Wireheading","floor":1},{"not_picked":["FlyingSleeves","MentalFortress"],"picked":"Tantrum","floor":2},{"not_picked":["EmptyFist","Prostrate"],"picked":"Consecrate","floor":4},{"not_picked":["Worship","Swivel"],"picked":"CrushJoints","floor":7},{"not_picked":["EmptyFist","Protect+1"],"picked":"DevaForm","floor":10},{"not_picked":["Protect+1","CrushJoints"],"picked":"Evaluate+1","floor":12},{"not_picked":["JustLucky","PathToVictory+1"],"picked":"Halt+1","floor":13},{"not_picked":["Adaptation","CarveReality"],"picked":"ClearTheMind+1","floor":14},{"not_picked":["Blasphemy+1","DevaForm"],"picked":"Omniscience+1","floor":16},{"not_picked":["FlurryOfBlows","Crescendo+1"],"picked":"TalkToTheHand","floor":18},{"not_picked":["FlurryOfBlows","WindmillStrike"],"picked":"EmptyBody+1","floor":19},{"not_picked":["BowlingBash","FlyingSleeves"],"picked":"DeceiveReality+1","floor":21},{"not_picked":["JustLucky+1","Swivel+1"],"picked":"Protect+1","floor":23},{"not_picked":["FearNoEvil","EmptyBody+1"],"picked":"Meditate+1","floor":24},{"not_picked":["Evaluate+1","Prostrate+1"],"picked":"Wish+1","floor":29},{"not_picked":["Weave","Protect+1"],"picked":"Adaptation+1","floor":31},{"not_picked":["Ragnarok","LessonLearned"],"picked":"MasterReality","floor":33},{"not_picked":["Evaluate+1","JustLucky+1"],"picked":"FlurryOfBlows+1","floor":35},{"not_picked":["SashWhip","Prostrate+1"],"picked":"EmptyMind+1","floor":38},{"not_picked":["EmptyFist","Indignation+1"],"picked":"Worship+1","floor":42},{"not_picked":["Devotion","JustLucky"],"picked":"LikeWater+1","floor":45},{"not_picked":["PathToVictory+1","FearNoEvil","WindmillStrike"],"picked":"SKIP","floor":46},{"not_picked":["Worship+1","MasterReality","SandsOfTime"],"picked":"SKIP","floor":48},{"not_picked":["CutThroughFate","Protect+1"],"picked":"Halt+1","floor":54}],"player_experience":2464865,"relics_obtained":[{"floor":7,"key":"Strawberry"},{"floor":9,"key":"Toxic Egg 2"},{"floor":10,"key":"Tiny Chest"},{"floor":23,"key":"Eternal Feather"},{"floor":26,"key":"TeardropLocket"},{"floor":31,"key":"Peace Pipe"},{"floor":43,"key":"Pantograph"},{"floor":44,"key":"Bronze Scales"},{"floor":45,"key":"Whetstone"},{"floor":48,"key":"Blood Vial"},{"floor":54,"key":"Toy Ornithopter"}],"event_choices":[{"cards_removed":["Strike_P"],"damage_healed":0,"gold_gain":0,"player_choice":"Card Removal","damage_taken":7,"max_hp_gain":0,"max_hp_loss":0,"event_name":"Golden Wing","floor":5,"gold_loss":0},{"damage_healed":0,"gold_gain":99,"player_choice":"Stole From Cult","damage_taken":0,"max_hp_gain":0,"max_hp_loss":0,"event_name":"Nest","floor":20,"gold_loss":0},{"damage_healed":0,"gold_gain":0,"player_choice":"Ignored","damage_taken":0,"max_hp_gain":0,"max_hp_loss":0,"event_name":"Vampires","floor":25,"gold_loss":0},{"damage_healed":0,"gold_gain":0,"player_choice":"Opened","damage_taken":0,"relics_obtained":["Mummified Hand"],"max_hp_gain":0,"max_hp_loss":0,"event_name":"The Mausoleum","floor":27,"gold_loss":0,"cards_obtained":["Writhe"]},{"damage_healed":0,"gold_gain":100,"player_choice":"Pray","damage_taken":0,"max_hp_gain":0,"max_hp_loss":0,"event_name":"Golden Shrine","floor":37,"gold_loss":0},{"damage_healed":0,"gold_gain":0,"player_choice":"Upgraded","damage_taken":0,"max_hp_gain":0,"max_hp_loss":0,"event_name":"Upgrade Shrine","floor":39,"gold_loss":0,"cards_upgraded":["DevaForm"]}],"is_beta":false,"boss_relics":[{"not_picked":["Philosopher\u0027s Stone","Tiny House"],"picked":"Pandora\u0027s Box"},{"not_picked":["SacredBark","Busted Crown"],"picked":"Runic Pyramid"}],"items_purged_floors":[22,41],"is_endless":false,"potions_floor_spawned":[1,10,12,13,14,19,23,24,31,38,45,46,54],"ascension_level":1}}