{"host":"uv5ws9rdk87e8i5k","time":1611546450,"event":{"mods":["AchievementEnabler","BaseMod","Colored Map","Minty Spire (QoL Compilation)","StSLib","SuperFastMode","The Necromancer"],"gold_per_floor":[115,130,150,165,181,215,215,225,250,278,295,295,295,313,313,408,408,419,419,429,448,460,460,460],"floor_reached":23,"language":"ENG","playtime":554,"items_purged":[],"score":251,"play_id":"9c6c90e5-19ee-4735-b886-61734e815f8f","local_time":"20210124214730","is_ascension_mode":true,"campfire_choices":[{"data":"Summon_Undead_Army","floor":7.0,"key":"SMITH"},{"floor":15,"key":"REST"}],"circlet_count":0,"master_deck":["Strike_W","Strike_W","Strike_W","Defend_W","Defend_W","Defend_W","Defend_W+1","Negative_Energy_Arrows","Bone_Wall","Finger_Of_Death","Summon_Undead_Army+1","Bone_Shift","Finger_Of_Death","Negative_Energy_Sphere+1","Stop_Heart","Summon_Death_Knight","Vampiric_Strike","Summon_Undead","Vampiric_Strike"],"relics":["Vampire_Amulet","Smiling Mask","Bag of Marbles","Juzu Bracelet","Vajra","Velvet Choker"],"acts_visited":["Exordium","TheCity"],"potions_floor_usage":[10,16,18,20],"damage_taken":[{"damage":1.0,"enemies":"Cultist","floor":1.0,"turns":4.0},{"damage":0.0,"enemies":"Small Slimes","floor":2.0,"turns":3.0},{"damage":9.0,"enemies":"Jaw Worm","floor":3.0,"turns":4.0},{"damage":6.0,"enemies":"3 Louse","floor":4.0,"turns":4.0},{"damage":19.0,"enemies":"Exordium Wildlife","floor":5.0,"turns":5.0},{"damage":12.0,"enemies":"3 Sentries","floor":6.0,"turns":5.0},{"damage":0.0,"enemies":"Large Slime","floor":8.0,"turns":4.0},{"damage":11,"enemies":"Lagavulin","floor":10,"turns":6},{"damage":9,"enemies":"Blue Slaver","floor":11,"turns":3},{"damage":7,"enemies":"2 Fungi Beasts","floor":14,"turns":2},{"damage":20,"enemies":"Slime Boss","floor":16,"turns":7},{"damage":12,"enemies":"Spheric Guardian","floor":18,"turns":4},{"damage":1,"enemies":"3 Byrds","floor":20,"turns":4},{"damage":23,"enemies":"Sentry and Sphere","floor":21,"turns":5},{"damage":32,"enemies":"Snake Plant","floor":22,"turns":3},{"damage":37,"enemies":"Book of Stabbing","floor":23,"turns":4}],"seed_played":"8465006580570268890","potions_obtained":[{"floor":2.0,"key":"CultistPotion"},{"floor":4.0,"key":"PowerPotion"},{"floor":5.0,"key":"ColorlessPotion"},{"floor":10,"key":"Dexterity Potion"},{"floor":16,"key":"SpeedPotion"},{"floor":18,"key":"Weak Potion"}],"is_trial":false,"path_per_floor":["M","M","M","M","M","E","R","M","T","E","M","?","?","M","R","B",null,"M","?","M","M","M","E"],"character_chosen":"NECROMANCER","items_purchased":[],"campfire_rested":1,"item_purchase_floors":[],"current_hp_per_floor":[75,75,68,68,53,47,47,51,51,42,35,20,13,10,32,18,75,65,65,71,56,29,0,0],"gold":460,"neow_bonus":"RANDOM_COMMON_RELIC","is_daily":false,"chose_seed":false,"campfire_upgraded":1,"win_rate":0.0,"timestamp":1611546450,"path_taken":["M","M","M","M","M","E","R","M","T","E","M","?","?","M","R","BOSS","M","?","M","M","M","E"],"items_purchased_type":[],"build_version":"2020-12-22","purchased_purges":0,"victory":false,"max_hp_per_floor":[75,75,75,75,75,75,75,75,75,75,75,75,75,75,75,75,75,75,75,75,75,75,75,75],"card_choices":[{"not_picked":["Bone_Bullets","Negative_Energy_Javelin"],"picked":"Finger_Of_Death","floor":1.0},{"not_picked":["Whirlwind_of_Bones","Scare"],"picked":"Summon_Undead_Army","floor":2.0},{"not_picked":["Bone_Bullets","Toxic_Smoke_Screen","Siphon_Strength"],"picked":"SKIP","floor":3.0},{"not_picked":["Death_Knell","Strike_from_Beyond"],"picked":"Bone_Shift","floor":4.0},{"not_picked":["Blood_Curse","Bones_to_Steel","Shackles_Of_Pain"],"picked":"SKIP","floor":5.0},{"not_picked":["Epidemic","Death_Coil"],"picked":"Finger_Of_Death","floor":6.0},{"not_picked":["Strike_from_Beyond","Exploit"],"picked":"Negative_Energy_Sphere","floor":8.0},{"not_picked":["Death_March_Dance","Blood_Magic","Consume_Illness"],"picked":"SKIP","floor":10},{"not_picked":["Negative_Energy_Javelin","Shackles_Of_Pain","Bone_Bullets"],"picked":"SKIP","floor":11},{"not_picked":["Bone_Shift","Death_Coil"],"picked":"Stop_Heart","floor":14},{"not_picked":["Hellfire","Skeleton_Dragon"],"picked":"Summon_Death_Knight","floor":16},{"not_picked":["Finger_Of_Death","Blood_Shield+1"],"picked":"Vampiric_Strike","floor":18},{"not_picked":["Bones_to_Steel","Death_Coil+1","Blood_Curse+1"],"picked":"SKIP","floor":20},{"not_picked":["Bones_to_Steel+1","Acid_Javelin+1","Strike_from_Beyond+1"],"picked":"SKIP","floor":21},{"not_picked":["Necrotic_Claws","Strike_from_Beyond"],"picked":"Vampiric_Strike","floor":22}],"player_experience":254345,"relics_obtained":[{"floor":6.0,"key":"Bag of Marbles"},{"floor":9.0,"key":"Juzu Bracelet"},{"floor":10,"key":"Vajra"}],"event_choices":[{"damage_healed":0,"gold_gain":0,"player_choice":"Entered Light","damage_taken":15,"max_hp_gain":0,"max_hp_loss":0,"event_name":"Shining Light","floor":12,"gold_loss":0,"cards_upgraded":["Defend_W","Negative_Energy_Sphere"]},{"cards_removed":["Strike_W"],"damage_healed":0,"gold_gain":0,"player_choice":"Card Removal","damage_taken":7,"max_hp_gain":0,"max_hp_loss":0,"event_name":"Golden Wing","floor":13,"gold_loss":0},{"damage_healed":0,"gold_gain":0,"player_choice":"Read","damage_taken":0,"max_hp_gain":0,"max_hp_loss":0,"event_name":"The Library","floor":19,"gold_loss":0,"cards_obtained":["Summon_Undead"]}],"is_beta":false,"boss_relics":[{"not_picked":["SlaversCollar","Pandora\u0027s Box"],"picked":"Velvet Choker"}],"items_purged_floors":[],"is_endless":false,"potions_floor_spawned":[2,4,5,10,16,18],"killed_by":"Book of Stabbing","ascension_level":4}}