{"host":"wqmfxiqu77u15tgo","time":1611562652,"event":{"mods":["2.2 Compatiblity","Act Like it!","Ascension Reborn","BaseMod","Colored Powertips","Gensokyo","Gold Saver","HumanHunterMod(π÷ŒÔ…±»Àmod)","Humility","KinomotoSakuraMod(ƒæ÷Æ±æ”£)","Mari Mod (Legacy)","Mari\u0027s V1 Patch","Marisa£®ÏF”Í°°ƒß¿Ì…≥£©","Marked Mod","Minty Spire (QoL Compilation)","MostiFishMod","Pale of the Ancients","Reimu£®≤©¿ˆ¡È√Œ£©","Relic Stats","Shop Mod","StSLib","The Bug Knight","Uncapped","UnlockEverythingMod","Waifu the Spire","noobMod","°æ“≈ŒÔø®≈∆°øREMEMod"],"gold_per_floor":[309,329,67,85,103,103,103,103],"floor_reached":7,"language":"ZHS","playtime":270,"items_purged":[],"score":43,"play_id":"a93b5a5e-ff93-46c6-8311-93f4aef47018","local_time":"20210125161732","is_ascension_mode":true,"campfire_choices":[{"data":"MostiFishMod:RacingGame","floor":6,"key":"SMITH"}],"circlet_count":0,"master_deck":["HollowMod:NailStrikeStart+1","HollowMod:NailStrikeStart+1","HollowMod:NailStrikeStart+1","HollowMod:NailStrikeStart+1","HollowMod:QuickDashStart+1","HollowMod:QuickDashStart+1","HollowMod:QuickDashStart+1","HollowMod:QuickDashStart+1","HollowMod:FocusHealStart+1","HollowMod:PogoStrike+1","MostiFishMod:RacingGame+1","HollowMod:CornifersMapStart","MariMod:Mari_Collect_Thoughts","Predator","MostiFishMod:Minus"],"relics":["HollowMod:VesselMask","DaveBox","ice","REME_ComplimentaryCards","NeowsBlessing","BirthdayGift-Tetrahedron","Question Card","PrismaticShard","REME_LimitBreaker"],"acts_visited":["Exordium"],"potions_floor_usage":[],"damage_taken":[{"damage":0.0,"enemies":"Cultist","floor":1.0,"turns":1.0},{"damage":0.0,"enemies":"Jaw Worm","floor":2.0,"turns":1.0},{"damage":0.0,"enemies":"2 Louse","floor":4.0,"turns":1.0},{"damage":2.0,"enemies":"Blue Slaver","floor":5.0,"turns":2.0},{"damage":0,"enemies":"Lagavulin","floor":7,"turns":1}],"seed_played":"3310467825306878312","potions_obtained":[{"floor":1.0,"key":"GamblersBrew"},{"floor":2.0,"key":"Strength Potion"},{"floor":5.0,"key":"Weak Potion"}],"is_trial":false,"path_per_floor":["M","M","$","M","M","R","E"],"character_chosen":"THE_BUGKNIGHT","items_purchased":["REME_LimitBreaker"],"campfire_rested":0,"item_purchase_floors":[3],"current_hp_per_floor":[75,75,75,75,75,75,75,75],"gold":103,"neow_bonus":"THREE_ENEMY_KILL","is_daily":false,"chose_seed":false,"campfire_upgraded":1,"win_rate":0.0,"timestamp":1611562652,"path_taken":["M","M","?","M","M","R","E"],"items_purchased_type":["Relic"],"build_version":"2020-12-22","purchased_purges":0,"victory":false,"max_hp_per_floor":[75,75,75,75,75,75,75,75],"relic_stats":{"counters":[5,6],"Question Card":4,"obtain_stats":[{"DaveBox":0,"NeowsBlessing":0,"HollowMod:VesselMask":0,"ice":0,"REME_LimitBreaker":3,"Question Card":1,"PrismaticShard":1,"BirthdayGift-Tetrahedron":0,"REME_ComplimentaryCards":0},{"DaveBox":0,"NeowsBlessing":0,"HollowMod:VesselMask":0,"ice":0,"REME_LimitBreaker":2,"Question Card":1,"PrismaticShard":1,"BirthdayGift-Tetrahedron":0,"REME_ComplimentaryCards":0},{"DaveBox":0,"NeowsBlessing":0,"HollowMod:VesselMask":0,"ice":0,"REME_LimitBreaker":2,"Question Card":1,"PrismaticShard":1,"BirthdayGift-Tetrahedron":0,"REME_ComplimentaryCards":0}]},"card_choices":[{"not_picked":["HollowMod:WraithStrike","HollowMod:HowlingWraiths"],"picked":"HollowMod:CornifersMapStart","floor":1.0},{"not_picked":["Choke","Conquer:ReiMu","Crescendo"],"picked":"MariMod:Mari_Collect_Thoughts","floor":2.0},{"not_picked":["Barrage","HollowMod:InfectedAttack","Rupture"],"picked":"Predator","floor":4.0},{"not_picked":["OortCloud","Conquer:ReiMu","Cold Snap"],"picked":"MostiFishMod:Minus","floor":5.0}],"player_experience":368122,"relics_obtained":[{"floor":1.0,"key":"Question Card"},{"floor":1.0,"key":"PrismaticShard"}],"event_choices":[],"is_beta":false,"boss_relics":[],"items_purged_floors":[],"is_endless":false,"potions_floor_spawned":[1,2,5],"killed_by":"Lagavulin","ascension_level":0,"is_humility":true}}