{"host":"7eytxr1oawi6r5nr","time":1611603623,"event":{"mods":["BaseMod","Better Third Choice","Curses Come First","Dark Map","Hermit","Hubris","Ironclad Rager","Jorbs\u0027s Wanderer Trilogy","Minty Spire (QoL Compilation)","Permanent Neow","Quick Restart","Rare Cards Sparkle","Reliquary","Replay The Spire","Robot Space Explorer","StSLib","The Cursed","The Disciple","The Dragon Tamer","The Forsaken","The Marked","The Mystic","The Runesmith","UnlockEverythingMod","Wide Potions"],"gold_per_floor":[119,32,50,68,68,68,84,84,84,114,114,134,134,161,161,261,261,274,288,288,263,263,263,278,278,302,49,69,69,103,114,114,114,114],"floor_reached":33,"language":"ENG","playtime":1933,"items_purged":[],"score":343,"play_id":"a4abc7fa-18ce-48ca-b243-6cfdc1ed27d6","local_time":"20210125194023","is_ascension_mode":true,"campfire_choices":[{"data":"True Grit","floor":6.0,"key":"SMITH"},{"data":"Wild Strike","floor":8.0,"key":"SMITH"},{"data":"Body Slam","floor":13,"key":"SMITH"},{"data":"Bash","floor":15,"key":"SMITH"},{"data":"Corruption","floor":23,"key":"SMITH"},{"floor":25,"key":"REST"},{"floor":32,"key":"REST"}],"circlet_count":0,"master_deck":["Strike_R","Strike_R","Strike_R","Strike_R","Strike_R","Defend_R","Defend_R","Defend_R","Defend_R","Bash+1","Heavy Blade","Wild Strike+1","Metallicize","True Grit+1","Shrug It Off","Pummel","Body Slam+1","Defy Death","Corruption+1","Inflame","ReplayTheSpireMod:Strike From Hell","Evolve","Rage","Life Link","Flame Barrier"],"relics":["Burning Blood","hubris:Backtick","Self Forming Clay","Durian","Replay:Mystery Machine","Blue Doll","Electric Blood","Self Forming Clay","betterThird:NestCultRelic","MealTicket"],"acts_visited":["Exordium","TheCity"],"potions_floor_usage":[16,33,33],"damage_taken":[{"damage":0.0,"enemies":"Small Slimes","floor":1.0,"turns":3.0},{"damage":2.0,"enemies":"2 Louse","floor":3.0,"turns":4.0},{"damage":5.0,"enemies":"Jaw Worm","floor":4.0,"turns":3.0},{"damage":4.0,"enemies":"2 Fungi Beasts","floor":7.0,"turns":4.0},{"damage":6.0,"enemies":"Gremlin Gang","floor":12.0,"turns":6.0},{"damage":14,"enemies":"3 Sentries","floor":14,"turns":10},{"damage":55,"enemies":"The Guardian","floor":16,"turns":16},{"damage":5,"enemies":"Chosen","floor":18,"turns":4},{"damage":17,"enemies":"Shell Parasite","floor":19,"turns":3},{"damage":7,"enemies":"Chosen and Byrds","floor":24,"turns":5},{"damage":6,"enemies":"Sentry and Sphere","floor":28,"turns":5},{"damage":56,"enemies":"Slavers","floor":30,"turns":7},{"damage":16,"enemies":"3 Cultists","floor":31,"turns":6},{"damage":58,"enemies":"Automaton","floor":33,"turns":6}],"seed_played":"8536594888405726729","potions_obtained":[{"floor":3.0,"key":"Toxic Potion"},{"floor":7.0,"key":"Swift Potion"},{"floor":16,"key":"FearPotion"},{"floor":18,"key":"SkillPotion"}],"is_trial":false,"path_per_floor":["M","$","M","M","$","R","M","R","T","?","?","M","R","E","R","B",null,"M","M","?","$","?","R","M","R","T","$","M","?","E","M","R","B"],"character_chosen":"IRONCLAD","items_purchased":["Wild Strike","Metallicize","Evolve","reliquary:SculptingSteel"],"campfire_rested":2,"item_purchase_floors":[2,2,21,27],"current_hp_per_floor":[80,80,80,80,80,80,80,80,85,85,90,90,90,82,82,33,90,90,79,61,61,61,61,60,88,88,88,88,88,38,28,56,0,0],"gold":114,"neow_bonus":"CURSED_BOSS_RELIC","is_daily":false,"chose_seed":false,"campfire_upgraded":5,"win_rate":0.0,"timestamp":1611603623,"path_taken":["M","$","M","M","$","R","M","R","T","?","?","M","R","E","R","BOSS","M","M","?","$","?","R","?","R","T","$","M","?","E","M","R","BOSS"],"items_purchased_type":["Card","Card","Card","Relic"],"build_version":"2020-12-22","purchased_purges":0,"victory":false,"max_hp_per_floor":[80,80,80,80,80,80,80,80,85,85,90,90,90,90,90,90,90,90,90,95,95,95,95,95,95,95,95,95,95,95,95,95,95,95],"card_choices":[{"not_picked":["Twin Strike","Warcry"],"picked":"Heavy Blade","floor":1.0},{"not_picked":["Seeing Red","Intimidate"],"picked":"True Grit","floor":3.0},{"not_picked":["Replay:Undeath\u0027s Touch","Run Through"],"picked":"Shrug It Off","floor":4.0},{"not_picked":["Anger","hubris:CleavingFinish"],"picked":"Pummel","floor":7.0},{"not_picked":["hubris:CleavingFinish","Heavy Blade"],"picked":"Body Slam","floor":12},{"not_picked":["Heavy Blade","Sword Boomerang"],"picked":"Defy Death","floor":14},{"not_picked":["Demonic Infusion","Limit Break"],"picked":"Corruption","floor":16},{"not_picked":["Warcry","Havoc"],"picked":"Inflame","floor":18},{"not_picked":["Perfected Strike","Iron Wave"],"picked":"ReplayTheSpireMod:Strike From Hell","floor":19},{"not_picked":["Seeing Red","Rampage"],"picked":"Rage","floor":24},{"not_picked":["Pommel Strike","Bloodletting"],"picked":"Life Link","floor":28},{"not_picked":["Heavy Blade","Demon Form"],"picked":"Flame Barrier","floor":30},{"not_picked":["Body Slam","ReplayTheSpireMod:Strike From Hell","Havoc"],"picked":"SKIP","floor":31}],"player_experience":197941,"relics_obtained":[{"floor":9.0,"key":"Durian"},{"floor":14,"key":"Blue Doll"},{"floor":30,"key":"MealTicket"}],"event_choices":[{"damage_healed":0.0,"max_hp_gain":0.0,"max_hp_loss":0.0,"gold_gain":30.0,"event_name":"Dead Adventurer","player_choice":"Searched \u00273\u0027 times","floor":10.0,"gold_loss":0.0,"damage_taken":0.0,"relics_obtained":["Replay:Mystery Machine"]},{"damage_healed":0.0,"max_hp_gain":5.0,"max_hp_loss":0.0,"gold_gain":0.0,"event_name":"Big Fish","player_choice":"Donut","floor":11.0,"gold_loss":0.0,"damage_taken":0.0},{"damage_healed":0,"gold_gain":0,"player_choice":"Shed Blood","damage_taken":23,"max_hp_gain":5,"max_hp_loss":0,"event_name":"Forgotten Altar","floor":20,"gold_loss":0},{"cards_removed":["Spreading Infection"],"damage_healed":0,"gold_gain":0,"player_choice":"Purged","damage_taken":0,"max_hp_gain":0,"max_hp_loss":0,"event_name":"Purifier","floor":22,"gold_loss":0},{"damage_healed":0,"gold_gain":0,"player_choice":"Madness","damage_taken":0,"relics_obtained":["betterThird:NestCultRelic"],"max_hp_gain":0,"max_hp_loss":0,"event_name":"betterThird:BetterNest","floor":29,"gold_loss":0}],"is_beta":false,"boss_relics":[{"not_picked":["Sozu","hubris:GrandSneckoEye"],"picked":"Electric Blood"}],"items_purged_floors":[],"is_endless":false,"potions_floor_spawned":[3,7,14,16,18,30],"killed_by":"Automaton","ascension_level":4}}