{"host":"g907ck67u7c3hrs6","time":1611556449,"event":{"mods":["BaseMod","Colored Map","DeckTracker","Highlight Path","Keyboard Shortcuts","Minty Spire (QoL Compilation)","Permanent Neow","Say the Spire","SuperFastMode"],"gold_per_floor":[109,122,122,122,72,105,139,139,215,242,242,275,302,329,329,430,430,430],"floor_reached":17,"language":"KOR","playtime":721,"items_purged":[],"score":249,"play_id":"68f1319e-a328-4a9c-94d2-45fa0d72f69f","local_time":"20210125153409","daily_mods":["Draft","Heirloom","Flight","DeadlyEvents","Elite Swarm"],"is_ascension_mode":false,"campfire_choices":[{"data":"Creative AI","floor":8,"key":"SMITH"},{"data":"Defragment","floor":11,"key":"SMITH"},{"data":"Amplify","floor":15,"key":"SMITH"}],"circlet_count":0,"master_deck":["Defragment+1","Heatsinks+1","Fusion","Reinforced Body","Conserve Battery","Blizzard","Leap","Capacitor","Glacier","Double Energy+1","Glacier","FTL","Defragment+1","Loop","Blizzard","Creative AI+1","Meteor Strike","Amplify+1","Creative AI"],"relics":["FrozenCore","Ice Cream","Vajra","Bag of Preparation","Sundial","Tiny Chest","Akabeko","Blood Vial","Strawberry"],"acts_visited":["Exordium","TheCity"],"potions_floor_usage":[],"damage_taken":[{"damage":0,"enemies":"Small Slimes","floor":1,"turns":4},{"damage":4,"enemies":"2 Louse","floor":2,"turns":3},{"damage":0,"enemies":"3 Sentries","floor":6,"turns":5},{"damage":6,"enemies":"Gremlin Nob","floor":7,"turns":5},{"damage":5,"enemies":"3 Sentries","floor":10,"turns":7},{"damage":7,"enemies":"Gremlin Nob","floor":12,"turns":3},{"damage":0,"enemies":"Lagavulin","floor":13,"turns":7},{"damage":10,"enemies":"3 Sentries","floor":14,"turns":8},{"damage":17,"enemies":"Hexaghost","floor":16,"turns":9}],"seed_played":"-6073479495062592729","potions_obtained":[{"floor":2,"key":"Swift Potion"},{"floor":7,"key":"SkillPotion"},{"floor":10,"key":"Energy Potion"}],"is_trial":true,"path_per_floor":["M","M","?","?","?","E","E","R","T","E","R","E","E","E","R","B",null],"character_chosen":"DEFECT","items_purchased":[],"campfire_rested":0,"item_purchase_floors":[],"current_hp_per_floor":[75,71,56,56,56,56,50,50,50,45,45,38,38,37,37,22,82,82],"gold":430,"neow_bonus":"","is_daily":false,"chose_seed":false,"campfire_upgraded":3,"win_rate":0.0,"timestamp":1611556449,"path_taken":["M","M","?","?","?","E","E","R","T","E","R","E","E","?","R","BOSS"],"items_purchased_type":[],"build_version":"2020-12-22","purchased_purges":0,"victory":false,"max_hp_per_floor":[75,75,75,75,75,75,75,75,75,75,75,75,75,82,82,82,82,82],"card_choices":[{"not_picked":["Sweeping Beam","Reprogram"],"picked":"Defragment","floor":0},{"not_picked":["Cold Snap","Lockon"],"picked":"Heatsinks","floor":0},{"not_picked":["Consume","Beam Cell"],"picked":"Fusion","floor":0},{"not_picked":["Recycle","Rebound"],"picked":"Reinforced Body","floor":0},{"not_picked":["Steam","Beam Cell"],"picked":"Conserve Battery","floor":0},{"not_picked":["Steam","Barrage"],"picked":"Blizzard","floor":0},{"not_picked":["Go for the Eyes","Undo"],"picked":"Leap","floor":0},{"not_picked":["Compile Driver","Fusion"],"picked":"Capacitor","floor":0},{"not_picked":["Blizzard","Cold Snap"],"picked":"Glacier","floor":0},{"not_picked":["Conserve Battery","Gash"],"picked":"Double Energy","floor":0},{"not_picked":["Ball Lightning","Coolheaded"],"picked":"Glacier","floor":0},{"not_picked":["Sweeping Beam","Redo"],"picked":"Gash","floor":0},{"not_picked":["Compile Driver","Genetic Algorithm"],"picked":"FTL","floor":0},{"not_picked":["Beam Cell","Stack"],"picked":"Defragment","floor":0},{"not_picked":["Scrape","BootSequence"],"picked":"Loop","floor":0},{"not_picked":["Conserve Battery","Chill"],"picked":"Blizzard","floor":1},{"not_picked":["Rip and Tear","Darkness","Steam"],"picked":"SKIP","floor":2},{"not_picked":["All For One","Hyperbeam","Thunder Strike"],"picked":"SKIP","floor":6},{"not_picked":["Machine Learning","Thunder Strike"],"picked":"Creative AI","floor":7},{"not_picked":["All For One","Hyperbeam"],"picked":"Meteor Strike","floor":10},{"not_picked":["Fission","Buffer"],"picked":"Amplify","floor":12},{"not_picked":["Core Surge","Multi-Cast"],"picked":"Creative AI","floor":13},{"not_picked":["Rainbow","All For One","Thunder Strike"],"picked":"SKIP","floor":14}],"player_experience":230100,"relics_obtained":[{"floor":6,"key":"Vajra"},{"floor":7,"key":"Bag of Preparation"},{"floor":9,"key":"Sundial"},{"floor":10,"key":"Tiny Chest"},{"floor":12,"key":"Akabeko"},{"floor":13,"key":"Blood Vial"},{"floor":14,"key":"Strawberry"}],"event_choices":[{"damage_healed":0,"gold_gain":0,"player_choice":"Entered Light","damage_taken":15,"max_hp_gain":0,"max_hp_loss":0,"event_name":"Shining Light","floor":3,"gold_loss":0,"cards_upgraded":["Heatsinks","Defragment"]},{"damage_healed":0,"gold_gain":0,"player_choice":"Grow","damage_taken":0,"max_hp_gain":0,"max_hp_loss":0,"event_name":"Living Wall","floor":4,"gold_loss":0,"cards_upgraded":["Double Energy"]},{"cards_removed":["Gash"],"damage_healed":0,"gold_gain":0,"player_choice":"Card Removal","damage_taken":0,"max_hp_gain":0,"max_hp_loss":0,"event_name":"The Cleric","floor":5,"gold_loss":50}],"is_beta":false,"boss_relics":[{"not_picked":["Philosopher\u0027s Stone","Cursed Key"],"picked":"FrozenCore"}],"items_purged_floors":[],"is_endless":false,"potions_floor_spawned":[2,7,10,14],"ascension_level":0}}